1843 3101
185 54 266 97 174

180 144 369 201 pecuniae
397 143 628 199 cupiditate,
676 141 740 196 qui
765 141 1004 196 voluptatum
1028 142 1187 184 libidine
1207 143 1410 194 feruntur,
1444 155 1686 198 quorumque
1702 142 1759 184 ita

181 219 461 274 perturbantur
485 216 628 267 animi,
660 223 701 256 ut
725 230 804 256 non
829 216 988 257 multum
1014 216 1144 258 absint
1168 217 1214 257 ab
1239 217 1416 269 insania,
1450 216 1551 271 quod
1573 217 1761 273 insipien-

180 293 282 333 tibus
316 291 507 345 contingit
538 290 742 343 omnibus,
798 291 846 331 iis
878 291 1035 332 nullane
1071 299 1131 332 est
1165 291 1381 331 adhibenda
1411 291 1587 332 curatio?
1629 298 1759 333 utrum

744 59 1183 103 L1BER111.3‚5.6.

182 367 283 421 quod
322 366 448 406 minus
486 372 656 417 noceant
688 365 806 405 animi
845 366 1159 420 aegrotationes,
1193 380 1308 420 quam
1342 365 1546 421 eorporis?
1574 379 1624 406 an
1660 365 1762 420 quod

180 453 345 494 corpora
377 439 504 480 curari
538 440 713 494 possint,
747 440 964 480 animorum
995 440 1190 481 medicina
1220 440 1326 480 nulla
1357 440 1433 481 sit?

289 512 368 555 III.
416 521 457 555 5.
490 515 547 554 At
572 521 611 555 et
635 514 759 555 morbi
783 514 1085 569 perniciosiores
1110 515 1318 569 pluresque
1341 521 1433 555 sunt
1460 514 1606 566 animi,
1639 528 1753 569 quam

177 588 370 644 corporis.
433 587 486 628 Hi
510 589 613 629 enim
638 589 709 644 ipsi
736 589 861 629 odiosi
885 596 1000 640 sunt,
1034 590 1134 643 qnod
1159 589 1205 628 ad
1233 589 1404 629 animum
1431 589 1628 644 pertinent
1649 603 1757 630 eum-

177 677 251 718 que
272 663 499 713 sollicitant,
534 664 782 718 animnsqne
801 676 951 717 aeyer,
983 670 1024 703 ut
1046 663 1100 703 ait
1119 662 1289 715 Ennius,
1323 675 1494 717 semper
1515 667 1657 714 errat,
1686 676 1759 704 ne-

175 752 256 793 que
275 738 397 792 pali,
441 750 577 792 neque
594 739 772 791 perpeti
788 743 959 792 potest,
1004 751 1166 792 cupere
1188 751 1403 793 niirzqziam
1425 737 1596 778 desinit.
1659 735 1758 791 Qui-

174 812 247 853 bus
273 811 422 853 duobus
447 811 618 862 morbis,
653 813 713 866 (ut
738 812 913 852 omittam
939 812 1074 864 alios,)
1100 812 1345 866 aegritudine
1368 818 1408 852 et
1427 811 1658 866 cupiditate,
1693 811 1758 866 qui

173 886 329 927 tandem
353 892 518 941 possunt
539 886 578 925 in
603 900 768 941 corpore
795 899 882 926 esse
910 886 1145 939 graviores?
1206 884 1287 938 Qui
1307 899 1403 926 vero
1431 885 1587 940 probari
1609 892 1753 941 potest,

173 968 216 1001 ut
250 960 323 1001 sibi
346 960 492 1000 mederi
516 959 666 1000 animus
702 974 778 999 non
814 960 960 1014 possit,
1011 974 1127 1014 quum
1166 959 1289 1014 ipsam
1320 959 1552 1000 medicinam
1576 959 1754 1015 corporis

171 1035 324 1075 animus
341 1034 560 1084 invenerit,
597 1047 790 1088 quumque
812 1034 859 1074 ad
883 1048 1089 1089 corporum
1114 1033 1359 1074 sanationem
1383 1033 1543 1074 multum
1566 1033 1649 1088 ipsa
1665 1047 1753 1074 cor-

172 1123 267 1164 pora
299 1115 338 1149 et
364 1114 501 1148 natura
528 1108 680 1159 valeat,
726 1121 798 1148 nec
827 1122 988 1158 omnes,
1037 1108 1100 1163 qui
1121 1107 1249 1148 curari
1281 1121 1325 1148 se
1351 1107 1455 1162 passi
1479 1108 1580 1160 sint,
1627 1107 1753 1149 conti-

1101 1182 1164 1236 qui
1190 1195 1232 1222 se
1256 1182 1387 1222 sanari
1418 1182 1619 1223 voluerint
1638 1195 1753 1238 prae-

171 1197 249 1223 nuo
274 1182 388 1222 etiam
412 1182 713 1233 convalescant,
758 1182 875 1221 animi
899 1189 1028 1222 antem
1044 1214 1054 1233 ,

170 1257 370 1312 ceptisque
390 1256 625 1311 sapientium
645 1256 862 1310 paruerint,
890 1255 975 1296 sine
994 1256 1070 1296 ulla
1092 1256 1331 1297 dubitatione
1351 1257 1568 1298 sanentur?
1608 1262 1650 1298 6.
1675 1254 1753 1297 Est

241 1366 368 1396 libidine
398 1365 554 1406 seruntur]
603 1364 646 1394 H.
669 1375 695 1394 e.
731 1362 947 1406 abripiuntur,

171 1410 377 1444 auferuntur.
412 1410 505 1440 Inest
527 1408 623 1441 notio
647 1409 856 1440 temeritatis.
894 1408 948 1440 Sic

171 1468 200 1489 c.
221 1457 252 1493 5,
273 1457 324 1488 11.

240 1501 318 1533 cip.
337 1501 395 1531 ΙΙΙ.
423 1500 454 1532 5.
501 1503 528 1532 et
552 1519 596 1523 —
616 1502 851 1540 perniciosiores
875 1502 946 1540 plu-

167 1548 291 1588 resque]
317 1546 432 1577 Cicero
447 1545 588 1588 primum
604 1545 736 1589 quidem
755 1544 856 1577 voluit
872 1557 947 1576 sen-

168 1592 310 1624 tentiam
333 1591 380 1623 sic
404 1591 597 1629 instituere,
635 1598 670 1622 ut
692 1591 876 1622 diceretur:
915 1595 947 1622 ai

169 1642 198 1671 et
212 1640 312 1669 morbi
324 1639 558 1677 perniciosiores
571 1640 735 1677 pluresque
752 1641 822 1668 sunt
836 1639 948 1676 animi,

169 1694 263 1725 quum
285 1685 434 1722 corporis,
456 1687 481 1714 et
502 1684 657 1714 medicina
678 1685 788 1714 certior
805 1686 847 1714 esi
865 1692 947 1714 mor-

169 1732 278 1762 borum
295 1731 406 1767 unimi,
430 1738 525 1769 quum
546 1730 703 1767 corporis,·
729 1739 803 1759 nam
825 1727 946 1770 duplex

170 1774 432 1817 inteirogatioc.
444 1776 476 1813 ),
491 1778 522 1806 4.
538 1773 712 1816 proposita
725 1785 759 1805 er
762 1780 812 1804 a:t
836 1781 946 1804 ullum

171 1820 262 1864 quod
275 1821 381 1851 minus
397 1826 557 1851 nocerent
572 1819 671 1850 animi
688 1819 943 1861 aegrotationes,

170 1877 268 1909 quam
294 1866 461 1917 corporis,
487 1877 528 1896 an
555 1864 645 1908 quod
669 1876 814 1907 corpora
839 1863 945 1896 curari

170 1918 319 1954 possent,
340 1911 524 1942 animorum
544 1910 708 1942 medicina
727 1910 815 1942 nulla
836 1916 943 1948 esset,

171 1955 250 1995 sed,
288 1963 485 1999 postquam,
521 1963 557 1987 ut
588 1956 751 1988 rationem
777 1956 942 1993 redderet,

170 2013 271 2045 quare
295 2009 404 2032 essent
427 2002 527 2033 animi
548 2002 657 2034 morbi
680 2001 943 2044 perniciosiores,

169 2046 264 2090 plura
279 2046 400 2077 adiecit
417 2047 517 2079 verba
535 2055 633 2091 atque
646 2047 820 2083 intellexit,
844 2047 943 2089 longe

169 2092 374 2136 probabilius
398 2092 463 2124 hoc
487 2105 579 2131 esse,
618 2105 715 2136 quam
747 2093 848 2127 illud,
886 2092 942 2124 in-

172 2137 326 2170 choatam
356 2137 491 2180 reliquit
513 2139 794 2170 constructionem
828 2138 940 2182 sicque

169 2182 336 2226 perrexit:
382 2186 437 2223 qui
471 2193 544 2215 vero
576 2187 706 2224 probari
734 2189 832 2224 potest
861 2191 939 2216 cett.

172 2228 224 2260 Cf.
247 2228 417 2260 Adnotata
439 2235 553 2260 nostra
577 2229 609 2260 in
630 2231 685 2262 IV.
708 2231 761 2267 35,
778 2229 829 2263 74.
858 2231 941 2261 Par-

167 2274 286 2306 ticulas
312 2277 339 2306 et
371 2277 411 2317 (et
433 2273 553 2307 morbii
588 2280 621 2305 et
654 2286 711 2314 que
743 2275 938 2317 (pluresque)

168 2319 231 2351 sibi
255 2319 397 2351 invicem
419 2319 622 2360 respondere
644 2331 710 2351 non
733 2331 851 2362 posse,
878 2321 938 2352 de-

168 2364 423 2397 monstravimus
447 2376 546 2408 supra
568 2364 611 2396 ad
631 2366 656 2396 I.
677 2367 708 2403 2,
731 2365 772 2398 4:
798 2370 824 2398 et
848 2368 937 2409 Epa-

168 2410 355 2443 minondas.

237 2459 421 2496 animusque
441 2454 546 2498 ae9er]
573 2455 614 2485 H.
637 2466 664 2486 e.
689 2455 814 2486 animus
836 2467 938 2498 porro

168 2514 277 2546 aeger.
313 2504 419 2545 Saepe
435 2511 491 2541 que
508 2499 723 2532 continuandi
741 2500 808 2533 vim
826 2501 938 2543 habet,

168 2548 310 2580 maxime
341 2547 374 2578 in
397 2545 626 2578 enumerandis
650 2545 798 2611 pluribus
830 2547 937 2578 rebus.

170 2594 222 2626 Cf.
246 2605 306 2624 nos
329 2593 362 2624 in
388 2594 446 2624 Gr.
467 2593 506 2624 L.
533 2594 561 2636 ᾗ.
577 2592 658 2626 135,
687 2595 717 2623 A.

233 2640 367 2681 perpeti]
388 2639 431 2670 H.
446 2649 475 2670 e.
494 2638 526 2669 in
533 2606 699 2680 patiendo
720 2636 843 2679 aliquid
859 2648 939 2679 per—-

168 2684 299 2719 durare.

239 2732 301 2769 Qui
333 2739 406 2762 vero
438 2731 568 2770 probari
601 2731 718 2769 potest,
753 2726 812 2771 ut]
856 2728 940 2758 Sunt

171 2775 341 2818 complura
361 2775 462 2807 verba
481 2774 728 2811 locutionesve,
755 2784 839 2816 quae
867 2784 939 2804 eam

169 2821 237 2852 vim
269 2827 369 2863 atque
402 2820 612 2853 notationem
638 2818 783 2857 habent,
819 2824 855 2849 ut
875 2817 940 2849 du-

169 2865 290 2907 plieem
311 2865 490 2898 admittant
511 2872 720 2903 structuram,
747 2871 780 2896 et
801 2875 940 2896 accusa-

169 2910 274 2941 tivum
299 2923 327 2942 c.
349 2911 433 2951 inf.,
468 2918 501 2944 et:
521 2911 789 2943 coniunctionem
810 2913 845 2941 ut
870 2919 940 2941 cum
975 2910 1004 2953 5.

168 2958 373 2989 coniunctivo.
417 2956 632 2990 Accusativus
658 2968 686 2989 c.
709 2955 771 2988 inf.
800 2961 940 2988 senten-

981 1364 1062 1395 tiam
1086 1363 1281 1407 simpliciter
1306 1370 1465 1408 tanquam
1488 1364 1656 1399 obiectum
1684 1376 1752 1408 po—

983 1410 1050 1447 nit,
1077 1409 1166 1452 qnod
1188 1409 1230 1442 ad
1255 1410 1392 1442 verbum
1416 1410 1585 1453 cogitandi
1608 1410 1752 1442 demon-

981 1455 1150 1487 strandive
1173 1455 1358 1493 reseratum
1384 1460 1418 1488 ui
1441 1467 1466 1488 c.
1487 1459 1683 1489 coniunctivo
1703 1457 1753 1488 si-

982 1501 1127 1544 gnificat,
1154 1501 1200 1532 uti
1220 1501 1307 1540 alibi,
1335 1501 1492 1534 effectum
1515 1501 1548 1533 h.
1563 1513 1590 1534 e.
1612 1509 1754 1534 senten-

981 1547 1061 1578 tiam
1075 1546 1170 1589 ponit
1183 1553 1338 1590 tanquam
1353 1559 1432 1584 rem,
1450 1558 1533 1590 quae
1547 1547 1753 1590 cogitatione

981 1592 1309 1624 demonstrationem
1323 1593 1490 1625 efficiatur
1502 1599 1559 1625 aut
1574 1593 1752 1626 efficienda

980 1638 1044 1675 sit,
1069 1645 1227 1680 tanquam
1250 1638 1349 1670 finem
1374 1638 1585 1681 cogitationis
1607 1638 1752 1672 demon-

981 1683 1203 1715 strationisve.
1251 1684 1317 1715 Ubi
1348 1691 1458 1716 autem
1492 1684 1630 1716 verbum
1652 1684 1752 1717 locu—

980 1730 1071 1761 tiove
1090 1728 1136 1760 ita
1157 1736 1347 1772 comparata
1364 1736 1426 1768 est,
1450 1736 1484 1761 ut
1498 1729 1589 1762 illam
1613 1730 1752 1762 effectus

981 1774 1267 1807 consecutionisve
1293 1775 1358 1806 vim
1383 1786 1447 1806 non
1472 1774 1638 1815 admittat,
1663 1775 1750 1809 hanc

980 1827 1176 1852 structuram
1199 1820 1335 1863 respuit.
1378 1819 1490 1861 Veluti
1511 1820 1652 1864 simplex
1671 1833 1750 1853 ver-

979 1866 1056 1897 bum
1087 1868 1245 1906 probandi
1276 1877 1408 1909 semper
1438 1877 1510 1898 cum
1535 1878 1604 1898 acc.
1632 1873 1666 1898 et
1685 1867 1747 1899 inf.

981 1912 1202 1948 construitur,
1228 1923 1296 1944 non
1321 1923 1392 1943 cum
1413 1916 1467 1953 ut,·
1490 1917 1525 1943 at
1548 1912 1675 1944 locutio
1696 1915 1751 1953 qui

975 1959 1105 1997 probari
1133 1961 1232 1997 potest
1257 1969 1329 1989 cum
1355 1961 1389 1989 ut
1411 1957 1598 1990 consociata
1629 1957 1751 2000 legitur

979 2002 1078 2034 etiam
1096 2003 1119 2033 F
1122 2002 1167 2034 in.
1182 2003 1222 2035 II.
1239 2003 1295 2044 33,
1313 2003 1392 2036 tou:
1420 2005 1482 2043 Qui
1497 2005 1628 2044 probari
1638 2007 1749 2044 potest,

979 2053 1010 2080 ut
1034 2048 1079 2087 is,
1116 2048 1171 2092 qui
1201 2056 1340 2091 propter
1374 2059 1426 2080 me
1459 2048 1584 2092 aliquid
1613 2049 1747 2092 gaudet,

979 2094 1070 2137 plus,
1107 2105 1203 2137 quam
1233 2105 1295 2137 ego
1321 2094 1411 2137 ipse,
1445 2096 1594 2136 gaudeat.
1643 2095 1748 2126 Porro

977 2142 1075 2172 Tusc.
1102 2142 1124 2171 Ι.
1148 2138 1212 2178 42,
1242 2142 1322 2171 luo:
1360 2150 1420 2171 nos
1443 2147 1551 2172 autem
1578 2144 1748 2181 teneamus,

975 2190 1007 2217 ut
1041 2185 1121 2217 nihil
1150 2195 1330 2218 censeamus
1358 2197 1430 2217 esse
1451 2185 1573 2218 malum
1595 2191 1658 2218 etc.
1704 2186 1746 2218 V.

979 2232 1029 2269 11,
1051 2231 1111 2263 34:
1138 2242 1198 2262 nos
1219 2237 1331 2262 tamen
1348 2234 1528 2272 teneamus,
1552 2235 1583 2264 nt
1601 2234 1641 2263 sit
1655 2230 1746 2262 idem

977 2275 1134 2318 (sapiens)
1170 2275 1395 2307 beatissimus:
1442 2277 1497 2309 ubi
1520 2288 1550 2309 v.
1575 2276 1659 2309 Adn.
1686 2277 1746 2308 ΠΙ.

974 2321 1039 2359 31,
1065 2322 1126 2355 75:
1164 2323 1314 2361 additur,
1352 2325 1385 2353 ui
1410 2327 1496 2354 etc.:
1530 2322 1584 2354 ubi
1605 2334 1636 2353 v.
1658 2321 1744 2353 Adn.

977 2367 1048 2397 Pan'
1075 2366 1178 2399 modo
1211 2366 1310 2398 verba
1341 2368 1497 2408 efficiendi
1524 2367 1580 2409 (de
1605 2366 1745 2400 conclu-

973 2411 1092 2451 sione),
1117 2414 1274 2453 sequendi,
1298 2415 1502 2453 consequendi
1525 2412 1611 2444 hanc
1631 2411 1745 2454 dupli-

975 2469 1046 2488 cem
1075 2464 1275 2490 structuram
1307 2457 1499 2489 admittunt.
1555 2459 1594 2489 V.
1624 2466 1683 2488 nos
1710 2457 1746 2489 iu

977 2503 1088 2535 Gr..L
1111 2504 1139 2538 (ἵ.
1156 2502 1226 2541 142,
1249 2500 1480 2546 2.3)Ρ.3ί)9.
1503 2501 1556 2534 ed.
1571 2502 1602 2534 2.
1626 2502 1654 2544 §Y-
1671 2499 1744 2542 1-12,

973 2546 1005 2580 6.
1029 2559 1060 2590 p.
1073 2548 1113 2581 37
1118 2548 1150 2581 3.

1053 2603 1184 2633 corpora
1215 2597 1242 2624 et
1273 2596 1390 2624 natura
1421 2594 1542 2632 valeat]
1590 2591 1624 2624 Si
1660 2592 1747 2625 inter

974 2637 1068 2679 plura
1088 2637 1236 2669 subiecta
1255 2649 1354 2668 unum
1373 2637 1593 2679 praestantius
1612 2645 1671 2677 est,
1691 2638 1746 2670 vel
1799 2654 1805 2658 -

973 2693 1040 2713 uno
1067 2688 1176 2714 cetera
1199 2682 1432 2721 continentur,
1459 2683 1686 2725 praedicatum
1711 2689 1746 2715 et

975 2727 1153 2769 apponitur
1173 2727 1223 2766 ei,
1249 2733 1282 2758 et
1301 2728 1442 2760 eundem
1463 2739 1559 2771 quem
1580 2728 1662 2761 illud
1681 2729 1745 2761 ha·
1781 2745 1788 2750 ·

974 2772 1031 2804 bet
1052 2784 1222 2804 numerum
1240 2779 1272 2805 et
1294 2784 1406 2815 genus,
1454 2774 1508 2805 Sic
1528 2774 1562 2806 h.
1585 2774 1605 2807 l.
1628 2779 1746 2807 natura

974 2817 1115 2850 includit
1146 2829 1277 2858 corpora
1309 2825 1409 2862 atque
1438 2819 1621 2852 subiectum
1644 2831 1747 2863 prae-

974 2864 1113 2896 stantius
1147 2871 1208 2896 est.
1268 2864 1320 2898 Cf.
1345 2876 1406 2896 nos
1436 2864 1473 2897 in
1497 2865 1644 2898 Gramm.
1668 2866 1746 2898 Lat.

975 2909 1092 2944 (103.
1107 2909 1136 2952 c)
1162 2921 1194 2952 p.
1210 2906 1286 2942 144.
1309 2909 1359 2943 ed.
1375 2910 1409 2943 2.

1039 2958 1224 2996 paruerint,
1248 2957 1313 2988 sine
1333 2957 1401 2989 ulla
1422 2956 1628 3001 dubitatione]
1665 2956 1745 2989 Cum
