1859 3149
1614 45 1699 88 309

92 135 295 192 graviter,
337 135 504 177 honeste
529 135 684 187 onmia,
726 134 822 176 nihil
848 134 903 176 ita
931 140 1194 190 exspectare,
1228 133 1340 188 quasi
1363 140 1475 174 certo
1497 136 1689 189 futurum,

607 53 777 86 menn
804 54 844 87 v,
869 51 935 95 28,
960 51 1016 86 82.
1042 50 1105 94 29,
1131 49 1186 86 ες.

92 211 215 263 nibil,
249 225 367 266 quum
390 210 606 262 acciderit,
651 210 865 261 admirari,
911 216 952 250 ut
979 210 1223 266 inopinatum
1249 223 1295 250 ac
1324 223 1469 251 novum
1497 210 1690 253 accidisse

1600 285 1690 340 Quo

1476 366 1546 402 82.
1582 359 1691 403 Stoi-

91 450 226 478 corum
259 435 414 491 quidem
452 436 579 477 facilis
609 435 811 476 conclusio
840 442 928 487 est,
971 435 1035 489 qui
1072 449 1188 489 quum
1223 436 1338 476 linem
1369 435 1563 477 bonorum
1599 450 1688 478 esse

90 285 297 336 videatur,
331 285 463 326 onmia
485 285 532 326 ad
555 299 668 326 suum
691 285 895 326 arbitrium
920 285 1098 334 referre,
1134 284 1216 326 suis
1237 291 1343 326 stare
1364 284 1534 326 iudiciis.

91 361 183 416 quid
205 361 255 403 sit
275 360 429 402 beatius
444 393 454 412 ,
490 359 582 401 mihi
609 366 719 401 certe
744 360 784 400 in
807 366 980 400 mentem
1002 359 1142 400 venire
1164 375 1242 400 non
1267 367 1411 415 potest.

89 511 292 553 senserint
318 525 541 565 congruere
576 518 744 552 naturae
776 524 942 565 cumque
975 524 1020 551 eu
1052 510 1342 551 convenienter
1364 510 1529 563 vivere,
1572 526 1691 567 quum

88 587 128 628 id
158 587 210 628 sit
237 586 276 627 in
306 586 484 642 sapiente
518 586 634 628 situm
664 601 742 627 non
778 586 904 626 ollicio
940 585 1093 636 solum,
1138 599 1278 627 verum
1311 585 1430 627 etiam
1463 594 1686 642 potestate3

88 668 279 718 sequatur
297 675 464 703 necesse
487 669 562 713 est,
597 669 656 712 ut,
692 661 804 703 cuius
830 661 869 702 in
889 667 1084 717 potestate
1107 675 1300 702 summum
1325 661 1488 714 bonum,
1523 663 1562 704 in
1583 663 1688 705 eius-

89 739 176 780 dem
208 738 289 780 vita
318 737 435 779 beata
465 736 532 778 sit.
1533 737 1685 790 Habes,

88 828 190 869 quae
212 813 428 855 fortissime
454 813 502 854 de
525 813 638 854 beata
661 812 745 853 vita
768 812 842 852 dici
867 819 997 867 putem
1019 819 1083 864 et,
1119 827 1195 868 quo
1217 812 1332 854 modo
1357 828 1461 854 nunc
1489 821 1577 867 est,
1611 815 1687 855 nisi

606 734 669 778 lta
701 737 742 777 lit
772 750 932 792 semper
971 736 1054 777 vita
1094 736 1211 777 beata
1251 737 1458 792 sapientis.

89 888 180 945 quid
207 896 247 930 tu
271 889 411 930 melius
440 888 647 939 attuleris,
682 888 799 928 etiam
826 888 1051 928 verissime.

201 961 372 1005 XXIX.
422 964 477 1004 A.
511 962 661 1005 Melius
683 963 863 1018 equidem
889 963 1033 1004 afferre
1058 962 1153 1004 nihil
1177 977 1365 1019 possum:
1410 965 1479 1006 sed
1506 980 1526 1005 a
1555 972 1592 1006 te
1614 964 1686 1006 im-

89 1038 275 1096 petrarim
302 1039 492 1089 libenter,
539 1046 606 1089 ut,
653 1038 728 1079 nisi
753 1038 961 1080 molestum
986 1038 1062 1089 sit,
1109 1038 1313 1093 (quoniam
1337 1045 1375 1080 te
1402 1039 1508 1081 nulla
1527 1041 1684 1082 vincula

86 1114 304 1170 impediunt
330 1114 445 1155 ullius
471 1120 604 1156 certae
635 1114 863 1171 disciplinae
889 1114 1065 1168 libasque
1089 1128 1142 1155 ex
1173 1114 1378 1165 omnibus,
1423 1115 1684 1171 quodcunque

87 1197 127 1232 te
151 1189 327 1231 maxime
344 1189 477 1244 specie
499 1189 679 1231 veritatis
701 1189 879 1245 movet,)
912 1189 1012 1244 qnod
1035 1189 1165 1245 paullo
1192 1196 1284 1230 ante
1306 1187 1595 1245 Peripateticos
1618 1204 1686 1232 ve-

87 1272 291 1321 teremque
315 1263 574 1306 Academiam
609 1265 758 1306 hortari
789 1264 1003 1317 videbare,
1048 1271 1090 1306 ut
1120 1264 1206 1306 sine
1239 1265 1523 1307 retractatione
1562 1265 1686 1307 libere

85 1340 218 1382 dicere
242 1340 457 1390 auderent,
492 1339 695 1396 sapientes
717 1354 807 1381 esse
827 1354 986 1394 semper
1009 1340 1262 1380 beatissimos
1278 1372 1289 1390 ,
1323 1340 1361 1381 id
1385 1341 1503 1382 velim
1529 1341 1684 1393 audire,

85 1415 413 1471 quemadmodum
443 1415 502 1457 his
531 1422 644 1471 putes
678 1422 990 1456 consentaneum
1020 1429 1110 1456 esse
1142 1415 1179 1456 id
1210 1415 1359 1457 dicere.
1422 1414 1553 1457 Multa
1579 1415 1684 1457 enim

30 1528 33 1534 ,
83 1505 106 1532 a
128 1497 166 1532 te
189 1498 327 1532 contra
348 1490 462 1532 istam
489 1490 727 1532 sententiam
750 1490 854 1532 dicta
875 1498 967 1532 sunt
990 1499 1028 1532 et
1046 1490 1276 1533 Stoicorum
1298 1491 1456 1533 ratione
1475 1491 1682 1533 conclusa.

85 1572 156 1608 85.
192 1565 258 1608 M.
290 1564 456 1608 Utamur
480 1565 602 1622 igitur
628 1565 835 1618 libertate,
876 1581 950 1621 qua
979 1566 1093 1608 nobis
1121 1567 1217 1608 solis
1246 1567 1286 1607 in
1312 1566 1561 1623 philosophia
1593 1567 1685 1609 licet

84 1641 166 1694 uti,
209 1655 375 1697 quorum
403 1641 532 1683 oratio
559 1641 654 1682 nihil
680 1641 763 1699 ipsa
794 1641 960 1693 iudicat,
1007 1642 1077 1683 sed
1104 1641 1272 1683 habetur
1295 1642 1335 1683 in
1360 1656 1499 1684 omnes
1532 1650 1683 1698 partes,

86 1723 129 1769 ut
149 1716 197 1758 ab
223 1716 310 1758 aliis
334 1717 460 1773 possit
481 1716 563 1773 ipsa
586 1731 656 1773 per
675 1730 767 1758 sese
782 1749 792 1769 ‚
827 1717 971 1758 nullius
994 1718 1232 1759 auctoritate
1255 1718 1462 1770 adiuncta,
1497 1717 1681 1759 iudicari.

84 1791 141 1834 Et
162 1792 349 1848 qnoniam
370 1791 520 1834 videris
546 1792 620 1834 boc
646 1792 774 1843 velle,
819 1799 885 1844 ut,
930 1807 1190 1848 quaecunque
1215 1792 1531 1835 dissentientium
1559 1793 1685 1849 philo-

85 1867 298 1924 sophorum
319 1868 518 1910 sententia
539 1867 595 1925 sit
619 1867 667 1908 de
690 1866 831 1908 finibus
845 1899 857 1918 ‚
892 1874 1025 1909 tamen
1046 1868 1176 1909 virtus
1200 1868 1298 1910 satis
1324 1868 1469 1910 habeat
1489 1869 1539 1910 ad
1560 1868 1687 1910 vitam

85 1942 242 1985 beatam
269 1942 479 1998 praesidii:
525 1941 628 1998 quod
657 1942 811 1998 quidem
838 1939 1090 1984 Carneadem
1115 1943 1318 1999 disputare
1343 1944 1502 1986 solitum
1528 1944 1684 2000 accepi-

84 2026 206 2056 ratione
228 2025 338 2056 habita
356 2024 493 2056 alicuius
511 2025 567 2055 rei.
602 2024 643 2056 V.
666 2034 729 2056 nos
750 2022 784 2055 in
806 2023 866 2056 Gr.

86 2069 128 2103 L.
147 2069 277 2113 §.115.
299 2067 331 2102 4.
353 2069 384 2109 c)
410 2068 532 2113 p.2·.13.
556 2068 609 2101 ed.
624 2068 657 2102 2.

156 2125 238 2157 quae
265 2117 433 2158 fortissime
460 2135 505 2140 -
532 2116 597 2148 dici
621 2115 743 2160 putem]
783 2115 869 2156 „auf

88 2160 143 2194 die
167 2161 304 2203 VVeise,
338 2161 401 2194 wie
426 2173 461 2194 es
483 2161 592 2195 einem
615 2165 666 2195 vir
687 2163 777 2204 fortis
805 2174 866 2195 zu·-

89 2208 254 2241 kommt.“
303 2210 410 2242 Orelli.

157 2254 237 2286 CAP.
257 2254 393 2287 XXIX.
431 2258 485 2296 ut,
520 2257 583 2289 nisi
614 2256 778 2288 molestum
809 2256 864 2298 sit]

91 2302 161 2334 Iam
185 2312 284 2345 supra
314 2300 358 2334 ad
377 2301 437 2334 111.
458 2304 498 2340 ὅ,
540 2300 591 2335 16.
617 2301 868 2334 demonstravi-—

90 2343 181 2386 ulus,
205 2345 296 2380 haud
319 2358 394 2380 rara
417 2359 490 2380 esse
514 2347 604 2391 apud
627 2355 760 2381 veteres
781 2347 868 2380 scri-

90 2398 206 2437 ptores
227 2393 400 2436 exempla,
424 2393 457 2426 in
479 2394 597 2438 quibus
616 2394 784 2427 sententia
803 2393 868 2427 ali-

89 2446 143 2472 ter
164 2439 396 2477 continuatur,
432 2451 472 2473 ac
503 2452 567 2484 pro
596 2440 666 2474 eius
687 2440 786 2473 initio
807 2452 870 2473 ex-

901 2024 993 2068 quod
1016 2030 1115 2069 turpe
1139 2032 1251 2066 esset,
1274 2024 1435 2058 virtutem
1453 2025 1533 2058 satis
1556 2025 1682 2058 habere

901 2070 945 2103 ad
963 2070 1070 2103 vitam
1089 2071 1220 2104 beatam
1231 2071 1410 2115 praesidii..
1437 2071 1563 2104 Contra
1582 2083 1682 2116 quam

900 2117 1104 2150 seutentiam
1127 2117 1337 2159 Carneades,
1373 2126 1406 2150 et
1431 2118 1567 2163 quidem
1591 2118 1681 2151 acri-

900 2170 974 2203 ter,
1000 2170 1037 2196 ut
1061 2171 1179 2197 contra
1203 2164 1337 2197 Stoicos
1352 2190 1360 2204 ‚
1395 2176 1478 2209 qnos
1498 2164 1680 2198 studiosis—

901 2210 983 2243 sime
1003 2222 1138 2255 semper
1156 2211 1354 2250 refellebat,
1381 2210 1586 2255 disputabat,
1612 2222 1681 2243 non

903 2269 942 2289 ex
963 2257 1027 2290 hac
1061 2268 1126 2289 una
1157 2256 1347 2296 sententia,
1382 2256 1443 2289 sed
1465 2269 1681 2302 quaecunque

902 2303 1170 2335 dissentientium
1206 2303 1487 2347 philosophorum
1514 2303 1681 2336 sententia

903 2356 991 2382 esset
1011 2349 1054 2381 de
1076 2361 1206 2382 summo
1222 2350 1313 2383 bono
1332 2357 1365 2382 et
1380 2349 1422 2382 de
1435 2362 1564 2383 summo
1580 2349 1679 2389 malo,

902 2403 1015 2428 tamen
1037 2395 1199 2428 virtutem
1226 2395 1383 2428 sufficere
1405 2396 1449 2428 ad
1471 2396 1574 2428 vitam
1597 2395 1681 2426 bea-

903 2450 984 2474 tam.
1033 2441 1304 2486 Breviloquentia
1319 2467 1327 2480 ,
1363 2454 1427 2485 qua
1454 2442 1570 2474 Cicero
1606 2451 1680 2473 usus

89 2485 327 2529 spectabatur3
369 2485 418 2518 sic
451 2485 519 2519 hoc
560 2485 638 2519 loco
676 2486 786 2518 oratio
822 2486 871 2518 ita

91 2531 283 2571 exorditur,
320 2543 361 2564 ac
387 2531 416 2564 si
439 2538 616 2575 sequatur:
651 2535 686 2566 td
710 2534 788 2565 mihi
816 2534 871 2566 dc-

88 2582 260 2619 mustus,
282 2579 550 2619 quemadmodum
573 2584 652 2611 cett.

154 2626 246 2658 nulla
268 2624 413 2669 vincula]
438 2625 479 2656 V.
507 2624 551 2658 ad
572 2626 630 2658 IV.
656 2621 700 2667 4,
721 2624 754 2659 7.

159 2672 226 2703 stne
246 2670 482 2715 retractatione]
507 2672 549 2703 V.
570 2670 614 2704 ad
634 2672 661 2703 1.
683 2671 748 2710 31,
768 2670 825 2706 76.

160 2715 216 2749 83.
240 2719 360 2762 nullius
389 2717 589 2762 auctoritate]
629 2719 755 2751 Nullius
783 2717 874 2752 vices
906 2723 1083 2753 diosissime
1114 2727 1236 2758 semper
1268 2718 1428 2757 refellebat
1459 2721 1494 2747 et
1523 2727 1564 2747 ex
1588 2727 1683 2760 seqq.

93 2760 236 2794 sustinet
254 2763 383 2796 soloeci
404 2762 545 2808 genitivi
564 2766 708 2798 neminis.
751 2765 793 2797 V.
811 2777 875 2798 nos
905 2768 1123 2808 illudvquidem
1135 2772 1266 2805 agemus
1277 2761 1464 2805 supplenda
1475 2767 1563 2793 sunt.
1592 2761 1686 2794 Cou-

96 2806 131 2838 in
155 2806 214 2840 Gr.
235 2808 277 2840 L.
297 2808 394 2852 §.39-
418 2810 544 2843 Nom.
566 2811 718 2855 p.5esq.
741 2809 795 2844 ed.
809 2811 842 2844 2.
909 2811 1049 2844 structio
1082 2811 1165 2843 haec
1190 2815 1259 2840 est:
1299 2810 1451 2849 quoniam
1483 2809 1601 2841 videris
1629 2809 1686 2841 hoc

165 2854 250 2893 quod
274 2856 402 2894 quidem
427 2857 641 2898 Carneadem]
677 2857 811 2889 Locum
827 2856 877 2888 sic
909 2860 1007 2896 velle,
1042 2861 1076 2889 ut
1099 2875 1142 2880 —-
1164 2856 1264 2886 virtus
1293 2856 1372 2886 satis
1401 2855 1515 2886 habeat
1536 2855 1581 2886 ad
1603 2864 1633 2887 v.
1656 2856 1685 2888 b.

96 2897 326 2941 interpretor:
357 2901 466 2934 Stoici
496 2901 710 2941 statuebant,
749 2913 789 2934 ex
813 2913 878 2934 una
909 2904 1083 2944 praesidii,
1108 2901 1149 2932 de
1168 2899 1234 2931 hac
1254 2899 1441 2940 sententia,
1465 2911 1563 2944 quam
1585 2900 1686 2933 etiam

100 2955 141 2976 ea
161 2943 343 2986 sententia,
362 2956 428 2989 qua
444 2946 528 2979 nihil
547 2948 674 2980 bonum
692 2953 791 2986 esset,
814 2946 879 2979 nisi
915 2947 1102 2981 Carneades
1124 2945 1252 2985 tenuit,
1290 2945 1370 2988 sed,
1397 2952 1434 2978 ut
1454 2953 1573 2979 contra
1593 2946 1686 2979 Stoi-

103 2987 197 3033 quod
216 2989 396 3025 honestum
415 2999 526 3033 esset,
543 2993 629 3027 nihil
648 2992 792 3034 malum,
816 2992 880 3025 nisi
917 3006 984 3035 eos,
1010 2991 1107 3026 nimis
1129 2991 1251 3024 acriter
1270 2991 1350 3036 egit,
1376 3003 1437 3024 nos
1455 2992 1589 3037 quidem
1615 3004 1691 3026 cnm

906 2495 978 2529 est,
1015 2489 1125 2521 oratio
1142 2488 1258 2533 paullo
1280 2485 1477 2531 impeditior
1502 2487 1594 2519 facta
1619 2493 1680 2525 est,

906 2546 991 2579 quae
1019 2534 1068 2567 sic
1094 2541 1145 2567 est
1180 2533 1399 2577 complenda:
1433 2532 1528 2576 quod·
1547 2531 1680 2575 quidem

909 2582 944 2614 C.
967 2581 1054 2625 disp.
1086 2581 1222 2614 solitum
1243 2578 1451 2622 accepimus,
1489 2578 1550 2610 sed
1572 2577 1619 2616 is,
1645 2583 1681 2609 ut

907 2634 1025 2661 contra
1050 2627 1185 2660 Stoicos
1205 2645 1248 2650 —
1261 2650 1269 2664 ‚
1303 2626 1338 2657 id
1359 2626 1422 2665 egit
1446 2626 1682 2658 studiosissime.

906 2674 1000 2707 Haec
1022 2674 1126 2707 verba
1148 2684 1188 2705 ex
1214 2668 1490 2703 antecedentibus
1521 2680 1599 2710 quos
1618 2674 1684 2702 slu-
