1843 3085
157 46 237 88 122
741 52 906 84 Linea
929 53 956 85 1.
981 50 1045 93 48,
1071 50 1147 85 116.

412 137 511 175 Nam
535 137 602 173 mis
621 134 798 180 decebat,
833 134 960 172 eoe'tus
977 134 1232 180 celebrantes,
1266 134 1415 175 domz'cm

412 212 563 260 Lagare
576 239 586 255 ,
620 207 685 246 ubi
706 215 804 246 esset
819 206 958 259 aliquis
980 206 1017 245 2'11
1040 209 1157 246 lucem
1179 205 1316 255 editas,

414 282 610 322 Humanae
639 280 738 319 vitae
761 282 867 319 varia
889 283 1105 332 reputante&
1128 281 1254 328 malci,-

411 359 489 404 At,
525 357 594 407 qui
622 356 767 394 labores
797 357 914 393 morte
933 355 1105 407 sinisset
1127 356 1281 405 gramis,

409 431 548 469 Hunc*
580 430 685 470 omni
710 430 850 469 amieos
877 427 988 467 [aeide
1017 435 1053 467 et
1083 430 1228 466 laetitia
1258 427 1429 480 e'xseqm'.

152 504 290 546 Simile
315 502 495 558 quiddam
518 509 579 543 est
599 502 639 543 in
662 499 944 544 Consolatione
967 498 1200 552 Crantoris3
1242 501 1295 541 ait
1317 500 1420 541 enim
1435 532 1446 552 ,
1480 499 1725 542 Terinaeum

150 578 342 632 quendam
367 576 545 632 Elysium
561 607 572 627 ,
615 591 730 630 quum
759 576 934 631 graviter
955 575 1021 615 filii
1049 582 1213 615 mortem
1236 580 1459 627 maereret,
1499 575 1661 616 venisse
1685 574 1725 615 iu

148 651 486 708 psychomantium
509 657 788 705 quaerentem,
832 663 931 704 quae
966 649 1105 689 fuisset
1136 655 1268 690 tantae
1293 648 1523 690 calamitatis
1554 661 1723 699 caussa3

148 726 238 767 huic
261 725 302 767 in
329 725 481 766 tabellis
506 731 586 765 tres
610 724 829 765 huiusmodi
850 723 1068 765 versiculos
1094 723 1230 764 datos:

415 801 573 850 Ignaris
602 800 767 837 homines
798 801 835 837 z'lz
866 799 945 838 vita
976 798 1158 836 mentibus
1187 799 1343 836 errant.-

415 871 643 924 Ezithynozis
667 873 838 924 positar,
862 872 1036 924 satarum
1066 872 1240 918 mimine,
1276 872 1364 910 lato.

418 947 483 986 St'c
502 947 587 999 sm‘t
616 946 752 986 vtlz'lz‘z'cs
770 947 894 996 finiri
920 947 1065 996 ipsique
1079 974 1089 991 ,
1125 945 1279 996 tibique.

151 1027 245 1063 116.
278 1019 351 1060 His
381 1026 419 1060 et
446 1019 586 1059 talibus
617 1018 840 1058 auctoribus
866 1017 925 1057 usi
947 1018 1204 1068 confirmant,
1248 1030 1429 1057 caussam
1454 1016 1573 1057 rebus
1601 1030 1625 1057 a
1649 1016 1724 1058 diis

146 1094 429 1136 immortalibus
449 1093 674 1134 iudicatam.

735 1091 962 1132 Alcidamas
996 1091 1174 1146 quidem,
1218 1090 1354 1132 rhetor
1370 1089 1551 1145 antiquus
1578 1089 1620 1131 in
1647 1090 1725 1145 pri-

149 1170 223 1211 mis
247 1168 388 1210 nobilis
406 1200 417 1220 ,
451 1166 608 1223 scripsit
633 1164 749 1207 etiam
774 1165 1034 1206 laudationem
1057 1165 1194 1206 mortis
1209 1196 1220 1217 ,
1264 1178 1364 1220 quae
1382 1171 1536 1205 constat
1555 1178 1609 1205 ex
1628 1177 1724 1205 enu-

148 1254 316 1298 appellata
340 1259 390 1285 est
413 1251 583 1294 tragoedia
606 1250 770 1293 Euripidis
787 1276 794 1288 ,
830 1249 918 1281 euius

147 1299 341 1342 tragoediae
356 1298 514 1329 nonnulla
530 1303 704 1339 supersunt
719 1296 916 1337 fragmenta,

148 1345 182 1377 in
209 1344 324 1388 quibus
354 1343 453 1374 etiam
478 1354 517 1374 ea
540 1342 713 1383 leguntur,
751 1352 834 1383 quae
861 1340 918 1371 Ci-

151 1401 228 1422 cero
254 1388 422 1429 laudavit,
449 1387 496 1418 his
519 1387 626 1418 verbis
651 1398 823 1428 expressa:

172 1434 275 1479 ἐχρῆν
299 1432 362 1477 γὰρ
387 1430 482 1475 ἡμᾶς
507 1429 662 1474 σύλλογον
683 1430 897 1474 ποιουμένους

168 1479 225 1514 τὸν
238 1476 356 1523 φύντα*
365 1479 508 1520 ξτρηνεῐν,
535 1477 582 1515 εἰς
595 1473 647 1510 <⁶50⁷
659 1476 790 1520 ἔρχεται
805 1473 895 1509 κακά.
908 1487 915 1494 ·

170 1524 227 1560 τὸν
257 1522 287 1559 δ’
312 1523 354 1558 αὑ
381 1521 523 1558 Ξανόντα
556 1523 613 1556 καὶ
646 1520 755 1556 πόνων
786 1533 918 1554 πεπαυ-

742 1567 836 1609 μένον

170 1615 346 1661 χαίροντας
378 1609 615 1658 εὐφημοῦντας
647 1611 828 1654 ἐκπέμπειν
856 1608 919 1645 δέ-

741 1669 823 1699 μων.

215 1709 317 1739 coetus
342 1706 538 1746 celebrantes]
565 1704 771 1746 Frequenter
793 1713 919 1733 eonve-

148 1751 300 1792 nientes‚
338 1751 465 1782 Graece
497 1748 654 1791 σύλλογον
685 1746 919 1789 novennem-033

148 1797 314 1829 Herodot.
340 1797 425 1835 VII,
457 1797 489 1828 e.
529 1795 628 1831 VIII,
654 1792 718 1826 53:
763 1789 919 1834 σύλλογον

150 1842 283 1876 ποιέειν.
312 1841 405 1883 Virg.
430 1843 512 1872 Aen.
537 1840 563 1871 I.
588 1838 673 1873 739:
713 1839 780 1880 „Et
810 1849 869 1869 vos
899 1848 918 1868 o

151 1894 282 1919 coetum
295 1887 389 1930 Tyrii
405 1886 569 1918 celebrate
592 1884 821 1926 frequentes.“
864 1881 920 1913 si-

148 1932 272 1964 militer
294 1932 401 1964 Tacit.
433 1934 517 1964 Aun.
542 1931 599 1963 IV.
627 1930 689 1963 59:
732 1927 921 1960 convivium

152 1977 330 2009 celebrare.

218 2024 308 2055 Hunc
341 2020 439 2064 omni]
476 2020 531 2052 Sic
557 2022 612 2052 Or.
639 2031 656 2050 e
681 2019 766 2050 coni.
787 2020 921 2057 Davisii,

152 2067 207 2111 qui
231 2078 338 2109 comp.
362 2066 433 2097 Liv.
454 2066 510 2108 X,
535 2064 599 2097 29:
626 2064 746 2095 Fabius
773 2064 920 2105 collegae

149 2113 247 2145 funus
280 2113 364 2143 omni
395 2112 506 2142 honore
544 2109 760 2151 laudibusque
795 2108 920 2140 meritis

150 2157 306 2191 celebrat.
341 2155 451 2197 Vulgo
470 2165 594 2194 omnes;
618 2154 673 2185 alii
699 2156 808 2186 onmis.

218 2200 357 2244 exsequi]
386 2200 442 2232 Gr.
469 2199 666 2242 ἐκπέμπεινς
702 2201 825 2239 exsequi
845 2210 919 2230 ver-

150 2248 229 2280 bum
263 2245 432 2290 proprium
467 2251 517 2276 est
553 2244 594 2276 de
619 2243 799 2286 exsequiis,
835 2243 923 2275 unde

151 2295 369 2333 exsequiarum
401 2301 542 2327 nomen,
581 2289 670 2332 quod
700 2289 777 2320 inde
809 2296 923 2320 natum

153 2345 222 2377 est,
249 2336 339 2381 quod
360 2335 455 2367 multi
476 2335 616 2367 cadaver
641 2334 729 2374 eius,
756 2334 812 2377 qui
837 2334 923 2366 effe-

154 2384 289 2417 rebatur
300 2407 308 2421 ,
333 2380 564 2424 sequebantur.

220 2432 254 2461 in
289 2428 501 2460 Consolatione
528 2424 701 2467 Crantoris]
742 2425 783 2456 V.
819 2424 921 2457 Indic.

154 2474 230 2507 hist.
254 2485 284 2505 v.
311 2475 452 2505 Crantor.

221 2517 413 2560 versiculos]
458 2516 589 2548 'Graece
634 2514 722 2558 apud
755 2514 920 2546 Plutarch.

157 2565 255 2597 Cons-
282 2563 325 2596 ad
349 2561 460 2604 Apoll.
484 2573 519 2604 p.
537 2559 618 2592 109:
643 2575 645 2577 ·

195 2604 309 2644 Ἦτῑου
343 2606 442 2652 νήπιε
474 2601 609 2641 'Hisce'
644 2601 771 2647 ἦλίὲῖιοι
806 2602 925 2646 φρένες

704 2646 854 2691 ἀνδρῶν·

246 2695 422 2736 Εὖὲύνοος
453 2699 563 2732 κεῖται
586 2694 738 2739 μοιριδίῳ
764 2692 899 2737 {tavei-tq)
914 2703 922 2712 ·

203 2742 279 2779 Οὖκ
311 2738 353 2789 ἦν
376 2741 441 2787 γὰρ
469 2738 564 2784 ζώειν
595 2738 697 2775 καλὸν
728 2736 821 2792 αὖῖᾦ
848 2738 925 2772 οὔτε

700 2795 861 2829 γονευσιν.

230 2834 302 2868 116.
351 2844 496 2867 caussam
532 2835 623 2866 rebus
655 2850 700 2856 ·—
733 2828 921 2873 iudicatam]

162 2881 317 2912 Caussam
347 2891 393 2911 sc.
428 2885 571 2911 mortem
605 2875 733 2910 homini
764 2886 925 2907 summurn

161 2925 286 2957 bonum
309 2936 399 2964 esse,
432 2927 523 2957 rebus
543 2924 579 2956 h.
598 2934 627 2955 e.
650 2922 748 2955 rebus
770 2921 804 2953 in
827 2919 926 2952 factis

161 2968 278 3013 positis
303 2969 420 3010 (durch
437 2968 663 3011 Thatsachen)
694 2979 714 3000 a
745 2965 807 2999 diis
837 2964 927 2998 iudi-

954 1257 1060 1283 catam
1088 1262 1169 1282 esse.
1218 1251 1308 1282 Tota
1327 1249 1411 1281 haec
1441 1248 1625 1281 enuntiatio
1649 1262 1667 1281 e
1688 1261 1724 1282 re

952 1295 1095 1327 iudiciali
1119 1302 1169 1327 est
1191 1294 1395 1338 explicanda.
1447 1294 1593 1326 Primum
1617 1299 1724 1328 aucto-

951 1352 1001 1374 res
1035 1341 1147 1372 iudicii
1177 1339 1483 1383 (Gewa'hrsmanner)
1516 1351 1722 1372 commemo-

953 1394 1086 1424 1·autur;
1126 1385 1246 1417 deiude
1276 1395 1390 1417 caussa
1413 1387 1555 1417 iudicata
1578 1385 1599 1416 i.
1620 1397 1648 1417 e.
1674 1395 1724 1418 res

953 1439 1009 1464 aut
1041 1442 1154 1464 caussa
1183 1431 1217 1462 iu
1244 1430 1372 1462 iudiciis
1402 1430 1468 1462 iam
1490 1436 1652 1471 tractata,
1689 1437 1724 1462 et

953 1477 1086 1521 quidem
1116 1480 1227 1515 retum,
1263 1474 1390 1519 ἔργοις,
1424 1473 1619 1519 πράγμασι,
1654 1487 1722 1508 nou

950 1523 1054 1554 modo
1079 1522 1262 1554 rationibus
1284 1521 1548 1564 argumentisve,
1583 1520 1643 1553 sed
1667 1521 1723 1554 fa-

956 1568 1028 1600 ctis.

1016 1615 1198 1645 Alcidamas
1228 1612 1367 1655 quidem]
1403 1611 1492 1643 Male
1524 1612 1625 1656 vulgo
1654 1615 1723 1654 qui-

953 1661 1040 1690 dam.
1086 1659 1273 1689 Pronomen
1304 1659 1435 1697 quidam
1465 1668 1539 1689 cum
1570 1669 1662 1701 seqq.
1688 1670 1720 1689 v.

951 1706 1053 1736 rhetor
1087 1706 1233 1742 antiquas
1269 1705 1310 1734 in
1349 1705 1512 1742 primis
1549 1705 1723 1736 nobilis

953 1755 1097 1792 pugnat3
1136 1754 1252 1779 contra
1280 1747 1362 1778 nihil
1386 1747 1494 1790 aptius
1526 1755 1576 1780 est
1600 1748 1723 1780 adver—

953 1794 1009 1826 bio
1042 1795 1187 1834 quidem,
1221 1791 1309 1835 quod
1333 1804 1350 1823 a
1375 1793 1533 1825 Cicerone
1563 1793 1641 1826 addi
1663 1805 1723 1826 so-

954 1839 1001 1871 let
1031 1838 1218 1871 nominibus
1248 1837 1408 1880 propriis,
1434 1844 1469 1869 ut
1489 1850 1588 1882 saepe
1613 1839 1722 1883 expli-

956 1884 1021 1917 cari
1055 1883 1158 1928 possit
1186 1895 1246 1927 per
1269 1887 1322 1923 ut,
1355 1885 1459 1923 velut,
1493 1887 1527 1915 ut
1556 1887 1588 1917 in
1620 1895 1724 1917 emem-

952 1933 1042 1971 plum
1064 1932 1218 1970 afferam,
1251 1928 1299 1960 ita
1328 1927 1480 1971 quidem,
1515 1935 1551 1960 ut
1572 1929 1638 1961 vim
1659 1930 1723 1962 ha—

956 1976 1034 2007 beat
1065 1974 1362 2017 argumentativam
1392 1973 1613 2018 inserviatque
1644 1987 1722 2007 sen-

955 2020 1080 2052 tentiae
1122 2019 1273 2063 prolatae
1313 2018 1471 2061 exemplis
1508 2019 1723 2052 illustrandae

958 2066 1254 2098 confirmandaeve.
1304 2066 1410 2106 Supra
1430 2075 1457 2096 c.
1475 2063 1539 2105 22,
1564 2066 1624 2098 51:
1659 2065 1724 2097 Di-

958 2111 1133 2143 caearchus
1155 2112 1279 2152 quidem
1300 2116 1334 2141 et
1348 2109 1564 2142 Aristoxenus
1581 2130 1627 2135 —-
1645 2110 1724 2143 nul—

957 2157 1023 2188 lum
1041 2156 1176 2188 omnino
1195 2155 1340 2187 animum
1354 2166 1424 2186 esse
1440 2154 1605 2188 dixerunt.
1629 2167 1656 2188 c.
1668 2155 1724 2196 33,

957 2200 1020 2234 80:
1066 2201 1260 2233 Aristoteles
1296 2202 1421 2241 quidem
1454 2200 1511 2232 ait.
1534 2199 1624 2241 ,34,
1657 2198 1722 2234 84:

960 2246 1151 2278 Callimachi
1187 2248 1313 2286 quidem
1351 2245 1552 2288 epigramma
1587 2265 1631 2271 -—
1664 2252 1727 2278 est.

957 2293 998 2323 H.
1017 2291 1049 2331 6,
1072 2291 1131 2324 17:
1157 2290 1369 2322 Metrodorus
1390 2293 1525 2330 quidem.
1551 2304 1578 2324 c.
1595 2288 1646 2331 14,
1663 2288 1724 2325 34:

960 2337 1092 2368 Cretum
1116 2337 1241 2377 quidem
1260 2335 1361 2377 leges.
1397 2337 1454 2366 111.
1478 2336 1531 2375 12,
1551 2336 1613 2370 27:
1644 2336 1724 2368 Dio-

956 2381 1067 2426 nysius
1087 2384 1221 2421 quidem.
1255 2380 1355 2412 Plane
1372 2380 1491 2412 eodem
1508 2380 1611 2413 modo
1627 2392 1726 2425 grae-

958 2439 1031 2460 cum
1061 2426 1101 2470 γε’
1123 2427 1155 2458 in
1186 2424 1345 2469 exemplis
1377 2425 1555 2458 afferendis
1579 2427 1725 2469 ponitur.

1025 2473 1199 2514 inprimis]
1226 2471 1358 2503 Sallust.
1382 2471 1451 2503 Cat.
1464 2472 1540 2511 Lx,
1559 2471 1600 2505 6:
1625 2473 1726 2504 Man-'-

957 2517 1018 2549 lius
1045 2524 1078 2548 et
1100 2517 1300 2549 Faesulanus
1330 2520 1363 2549 in
1394 2519 1507 2557 primis
1533 2517 1565 2561 (i.
1588 2529 1617 2550 e.
1638 2517 1727 2549 inter

958 2562 1177 2601 fortissimos,
1217 2562 1304 2594 inter
1335 2561 1460 2605 primos
1495 2561 1723 2605 pugnantium)

956 2611 1130 2648 puynames
1162 2606 1303 2639 cadunt:
1340 2606 1396 2638 ubi
1420 2619 1451 2639 v.
1477 2609 1576 2640 Kritz.
1602 2619 1635 2650 p.
1648 2607 1726 2640 322.

959 2652 1008 2684 Id.
1036 2653 1102 2694 lug.
1127 2653 1193 2690 Vl,
1219 2653 1254 2683 l:
1290 2652 1423 2683 leonem
1456 2651 1579 2694 primus
1611 2657 1668 2683 aut
1692 2654 1727 2684 in

956 2699 1069 2737 primis
1105 2697 1216 2728 ferire.
1236 2700 1239 2703 '
1256 2697 1396 2735 XXVI,
1419 2695 1461 2729 3:
1503 2696 1661 2739 Iugurtha
1693 2699 1727 2729 in

956 2744 1067 2782 primis
1099 2740 1320 2773 Adherbalem
1361 2741 1582 2773 excruciatum
1617 2748 1725 2774 necat.

958 2785 1159 2818 Adverbium
1182 2788 1337 2826 imprimis
1359 2786 1567 2818 scribendum
1591 2793 1653 2819 est.

1025 2833 1189 2872 defuerunt
1220 2850 1266 2855 —-
1297 2841 1359 2863 non
1390 2833 1503 2875 defuit]
1539 2833 1580 2865 V.
1604 2832 1648 2866 ad
1667 2833 1726 2872 ΙΙΙ,

960 2876 999 2918 5,
1027 2876 1087 2910 11:
1114 2876 1231 2909 cadere
1252 2875 1378 2920 possit,
1403 2889 1472 2909 non
1494 2877 1612 2920 possit.

1031 2924 1143 2955 Clarae
1178 2941 1221 2946 --
1252 2922 1379 2966 mortes]
1418 2922 1473 2955 Sic
1504 2923 1617 2967 paullo
1650 2928 1728 2967 post

964 2979 993 3000 c.
1013 2964 1076 3001 49:
1115 2967 1278 3012 optabiles
1301 2971 1413 3001 mortes
1434 2979 1508 3001 cum
1530 2968 1660 3012 gloria,
1693 2974 1726 3000 et.
