1843 3101
182 61 264 104 222

182 151 310 192 clarus
331 156 468 191 auctor
490 148 701 190 nobilitatis
722 155 826 190 tuae.
876 149 1126 205 Pythagorae
1150 158 1277 193 autem
1296 152 1474 193 doctrina
1492 167 1607 208 quum
1629 154 1745 209 longe

180 224 334 279 lateque
359 224 521 273 flueret,
564 223 856 277 permanavisse
879 223 972 263 mihi
998 224 1152 265 videtur
1173 225 1212 265 in
1238 225 1337 266 hane
1363 226 1587 278 civitatem,
1627 227 1745 282 idque

774 71 941 104 LissER
964 73 1022 104 1v.
1050 72 1089 113 1,
1114 72 1147 105 3.

181 312 296 352 quum
330 296 554 336 coniectura
578 295 777 349 probabile
812 303 897 347 est,
944 303 1023 337 tum
1047 297 1271 351 quibusdam
1299 299 1416 339 etiam
1444 299 1623 354 vestigiis
1645 300 1744 341 indi-

178 378 302 411 catur.
366 367 463 421 Quis
499 368 602 408 enim
635 375 718 419 est,
763 369 825 423 qui
855 376 987 423 putet,
1036 385 1151 424 quum
1187 371 1343 412 floreret
1370 371 1412 412 iu
1436 370 1547 412 Italia
1574 371 1743 414 Graecia

177 442 455 500 potentissimis
488 448 527 482 et
553 441 733 482 maximis
758 442 940 493 urbibus,
985 456 1031 483 ea
1059 457 1157 497 quae
1184 458 1322 498 magna
1353 444 1454 484 dicta
1479 452 1565 497 est,
1607 446 1646 486 in
1674 446 1743 487 iis-

177 531 250 571 que
279 516 442 571 primum
466 515 587 570 ipsius
605 513 851 570 Pythagorae
867 547 877 567 ,
922 515 1060 556 deinde
1083 523 1217 571 postea
1234 515 1573 571 Pythagoreorum
1592 526 1741 560 tantum

177 603 319 630 nomen
348 595 474 639 esset,
520 595 741 628 nostrorum
766 588 961 629 hominum
987 589 1034 628 ad
1058 602 1193 629 eorum
1216 590 1462 630 doctissimas
1482 605 1601 632 voces
1625 606 1741 633 aures

175 663 328 704 clausas
351 662 501 702 fuisse?
559 667 600 702 5.
636 659 741 714 Quin
761 662 876 702 etiam
906 662 1101 714 arbitror,
1135 670 1293 719 propter
1314 661 1650 719 Pythagoreorum
1675 666 1740 706 ad-

172 736 418 778 mirationem
433 733 603 775 Numam
626 749 778 789 quoque
798 749 932 789 regem
943 734 1234 790 Pythagoreum
1252 750 1275 776 a
1297 737 1580 792 posterioribus
1604 739 1741 779 existi-

172 817 332 851 matum.
409 807 513 848 Nam
549 822 663 862 quum
691 806 940 863 Pythagorae
975 809 1214 864 disciplinam
1247 816 1287 849 et
1315 810 1493 851 instituta
1523 825 1738 866 cognosce-

171 889 260 924 rent
284 881 464 937 regisque
488 881 571 921 eius
600 882 836 935 aequitatem
862 888 901 921 et
919 882 1150 936 sapientiam
1175 896 1197 922 a
1221 883 1432 923 maioribus
1455 884 1536 924 suis
1565 885 1738 939 acceph-

171 963 260 997 sent
275 987 286 1007 ,
320 962 469 995 aetates
496 961 624 994 autem
649 961 688 994 et
712 961 885 1008 tempora
907 954 1136 1008 ignorarent
1156 962 1315 1011 propter
1334 963 1596 998 vetustatem:
1630 971 1733 1010 eum,

171 1029 234 1084 qui
269 1027 459 1083 sapientia
491 1027 727 1078 excelleret,
770 1025 1020 1082 Pythagorae
1058 1029 1272 1069 auditorem
1311 1028 1558 1070 crediderunt
1592 1031 1731 1072 fuisse.

281 1100 338 1142 Π.
371 1099 425 1141 Et
454 1101 501 1141 de
532 1100 756 1142 coniectura
788 1100 940 1155 quidem
965 1100 1168 1142 hactenus.

239 1226 359 1278 auctor]
387 1230 510 1265 Atavus
531 1227 658 1276 generis
682 1232 730 1264 tui
754 1228 932 1263 clarissimi.

173 1279 224 1312 Cf.
258 1281 347 1311 Brut.
380 1277 439 1317 14,
476 1280 538 1311 53:
590 1278 670 1318 Quis
704 1277 790 1309 enim
825 1283 931 1320 putet,

171 1326 371 1358 celeritatem
393 1323 514 1365 ingenii
539 1325 572 1355 L.
593 1326 688 1356 Bruto
713 1322 780 1361 illi,
816 1324 931 1353 nobili—

167 1373 239 1404 tatis
262 1374 380 1403 vestrae
401 1371 556 1409 principi,
582 1367 752 1399 defuisse?

237 1426 273 1448 ea
299 1425 378 1455 quae
407 1424 524 1453 magna
547 1415 629 1444 dicta
653 1414 708 1455 est]
746 1413 787 1443 H.
809 1423 835 1442 e.
859 1423 930 1442 eam

169 1461 263 1500 dico,
299 1471 382 1503 quae
413 1470 530 1500 magna
553 1457 641 1489 (licta
665 1464 724 1489 est.
774 1456 880 1487 Divin.
905 1458 928 1487 Ι.

171 1505 224 1546 19,
243 1504 305 1539 36:
334 1505 585 1535 Contemnamus
608 1503 705 1534 etiam
721 1501 928 1545 Babylonios,

169 1561 230 1592 eos,
254 1553 306 1591 qui
326 1549 466 1581 numeris
486 1548 651 1579 stellarum
673 1560 780 1579 cursus
804 1553 836 1578 et
856 1559 930 1578 mo-

168 1602 220 1628 tus
242 1601 490 1638 persequuntur.
521 1594 560 1624 N.
585 1594 621 1624 D.
642 1594 664 1624 Ι.
693 1593 749 1631 13»,
771 1593 833 1625 55:
861 1593 931 1623 Nec

169 1640 349 1674 audiendus
370 1638 592 1681 Theophrasti
622 1638 771 1675 auditor,
807 1639 928 1675 Strato,

166 1689 214 1726 is,
242 1689 295 1726 qui
318 1684 470 1728 physicus
495 1683 689 1726 appellatur.
738 1682 828 1713 Infra
854 1694 880 1713 c.
897 1682 928 1715 ὃ,

169 1729 228 1764 14:
266 1731 357 1762 stulti
382 1735 490 1761 autem
516 1727 686 1770 aegritudo
710 1734 780 1765 est,
808 1738 844 1759 ea
868 1737 931 1767 qua

166 1776 356 1808 afficiuntur
376 1775 409 1806 in
442 1773 534 1805 malis
566 1773 718 1816 opinatis.
738 1772 817 1803 ibid.
847 1784 873 1803 c.
896 1776 927 1809 ὅ,

167 1821 219 1854 18.
245 1821 348 1864 princ.
383 1819 554 1851 Interdum
576 1819 674 1850 etiam
696 1817 831 1849 verbum
859 1819 928 1849 dico

165 1866 317 1905 additur,
343 1865 390 1897 uti
411 1876 508 1908 supra
529 1865 552 1895 I.
576 1864 629 1902 32,
654 1864 715 1897 ’ἴδε
743 1863 830 1893 Num
851 1862 928 1905 quid

166 1910 266 1954 igitur
290 1917 340 1943 est
364 1922 515 1948 caussae,
552 1909 628 1952 quin
650 1908 772 1940 amicos
797 1915 928 1938 nostros

168 1956 296 1987 Stoicos
318 1956 540 1993 dimittamus,
573 1964 622 1986 eos
644 1956 733 1993 dico,
767 1955 819 1993 qui
838 1953 929 1984 aiunt

168 2000 293 2033 animos
316 2012 456 2032 manere.
492 2001 530 2031 V.
551 2010 611 2030 nos
633 1998 666 2030 in
689 1999 746 2030 Gr.
758 1999 795 2029 L.
813 1998 840 2031 (ἵ.
855 1998 926 2030 123.

165 2046 247 2077 Not.
260 2047 289 2077 ὁ.
313 2058 341 2088 p.
356 2046 432 2078 ’.ἰδ’-ἕ.
457 2045 508 2076 ed.
523 2047 554 2076 ¹2.

231 2095 405 2122 nostrorum
427 2091 599 2131 hominum]
633 2089 676 2119 Hi
697 2087 834 2130 genitivi
856 2099 874 2119 a
898 2099 928 2118 v.

166 2145 258 2167 aures
292 2147 330 2166 eo
366 2136 501 2166 consilio
539 2133 692 2165 disiuncti
730 2140 825 2174 sunt,
863 2144 928 2175 quo

166 2180 291 2212 maiore
311 2179 341 2210 vi
358 2180 563 2211 efferrentur.
594 2180 634 2211 V.
655 2190 714 2210 nos
735 2178 768 2209 in
783 2179 927 2209 Gramm.

166 2226 207 2258 L.
229 2225 357 2270 §.1⁶7ss
383 2225 409 2255 l.
434 2236 464 2266 p.
480 2224 544 2255 4156
555 2236 602 2266 sq.
628 2224 724 2254 ed.⁴.’.

235 2271 267 2303 ὅ.
288 2272 423 2302 Numam
443 2270 683 2309 Pyllmgyoreumj
710 2267 821 2299 Livius
835 2269 858 2298 I.
877 2268 926 2299 1⁵3.

164 2315 288 2359 princ.:
315 2318 489 2345 Auctorem
510 2312 680 2344 doctrinae
700 2313 766 2343 eius
786 2313 926 2355 ththa-

165 2360 291 2403 gorae),
316 2359 389 2402 quia
411 2369 477 2389 non
501 2364 607 2388 exstat
628 2357 707 2388 alius
722 2382 729 2396 ,
756 2358 839 2388 falso
863 2359 925 2388 Sa-

164 2406 265 2438 mium
291 2404 497 2447 Pythagoran
524 2401 641 2432 edunt:
668 2413 784 2443 quem,
811 2402 924 2433 Servio

166 2451 278 2483 Tullio
303 2455 460 2491 regnante
482 2447 616 2483 Romae,
639 2453 769 2477 centum
787 2446 924 2488 amplius

164 2502 242 2539 post
265 2506 367 2526 annos
390 2494 421 2525 in
454 2492 567 2524 ultima
588 2490 702 2522 Italiae
727 2502 803 2528 ora,
841 2491 924 2522 circa

163 2543 395 2583 Metapontum
426 2537 682 2578 Heracleamque
715 2541 747 2566 et
781 2536 925 2567 Crotona

164 2586 317 2618 iuvenum
339 2583 573 2616 aemulantium
591 2580 698 2612 studia
724 2587 835 2611 coetus
862 2580 925 2612 ha-

163 2631 271 2664 buisse
297 2636 436 2662 constat.

228 2674 384 2717 instituta]
405 2673 503 2713 Quod
524 2683 636 2704 omnes
657 2670 808 2702 meliores
827 2668 923 2700 codd.

162 2721 282 2765 aliique
307 2720 461 2751 exhibent
483 2721 645 2750 constituta
668 2716 764 2758 plane
797 2714 836 2745 ab
867 2725 924 2744 usu

163 2778 230 2798 non
251 2765 356 2797 solum
381 2764 566 2803 Ciceronis,
591 2761 648 2794 sed
673 2759 815 2792 omnium
838 2758 922 2790 illins

164 2811 281 2842 aetatis
310 2809 508 2852 scriptorum
537 2808 693 2840 abhorret
723 2816 828 2848 neque
860 2803 922 2835 tle-

166 2856 255 2887 fendi
287 2861 400 2898 potest
433 2853 531 2892 locis,
571 2852 681 2896 quales
714 2857 789 2882 sunt
815 2850 850 2881 C.
879 2848 922 2880 ad

164 2902 234 2932 Att.
252 2902 308 2932 VI.
332 2900 369 2937 1,
395 2900 435 2931 2:
461 2898 550 2942 quod
572 2896 731 2941 quaedam
754 2907 772 2927 a
793 2906 828 2926 se
849 2904 921 2926 con-

162 2946 267 2976 stituta
299 2944 505 2983 resciderim,
554 2949 588 2974 et
622 2941 701 2974 ibid.
735 2939 919 2984 cogitabam

1230 1100 1410 1156 Vestigia
1439 1109 1567 1144 autem
1586 1102 1735 1160 Pytha-

968 1229 1035 1262 eius
1057 1228 1160 1262 multa
1183 1228 1294 1272 inique
1317 1230 1479 1261 constituta
1512 1234 1545 1260 et
1568 1234 1643 1261 acta
1665 1228 1734 1261 tol-

967 1276 1052 1312 lere;
1088 1287 1163 1306 nam
1184 1274 1217 1305 in
1236 1275 1273 1306 iis
1295 1274 1374 1306 locis
1395 1277 1558 1306 constituta
1581 1281 1629 1305 est
1646 1286 1728 1317 par-

965 1320 1134 1362 ticipium,
1171 1320 1268 1362 quod·
1289 1330 1388 1362 saepe
1420 1319 1508 1362 apud
1539 1319 1733 1352 Ciceronem

966 1365 1080 1396 eadem
1104 1364 1137 1397 vi
1159 1372 1350 1407 usurpatur,
1377 1376 1441 1407 qua
1465 1366 1632 1397 institutus.
1669 1364 1732 1396 Li-

966 1410 1065 1442 brarii
1088 1410 1153 1442 hoc
1170 1409 1364 1441 vocabulum
1386 1421 1425 1440 ex
1443 1421 1520 1441 suae
1541 1409 1658 1441 aetatis
1676 1409 1730 1441 lo-

965 1455 1085 1498 quendi
1109 1454 1345 1486 consuetudine
1364 1454 1399 1486 in
1424 1454 1617 1486 Ciceronem
1639 1454 1733 1487 intu-

965 1501 1040 1532 lisse
1065 1500 1227 1532 videntur.

1036 1546 1112 1577 Car.
1131 1546 1172 1576 ΙΙ.
1207 1555 1269 1578 nou
1290 1545 1325 1576 id
1347 1544 1466 1588 agitur]
1501 1545 1543 1578 V.
1563 1543 1730 1578 Adnotata

964 1591 995 1622 iu
1021 1592 1044 1623 Ι.
1071 1592 1132 1624 20.
1159 1589 1214 1622 46.

1028 1634 1188 1677 occultius]
1222 1641 1258 1665 ut
1280 1645 1348 1665 non
1373 1633 1641 1677 perciperentur,
1665 1634 1728 1667 nisi

964 1680 1004 1711 ab
1028 1681 1084 1718 iis,
1111 1679 1165 1722 qui
1189 1678 1345 1710 interiore
1367 1679 1597 1723 pythagoreae
1615 1680 1727 1724 philo-

964 1725 1100 1768 sophiae
1135 1723 1323 1766 cognitione
1353 1723 1469 1755 imbuti
1499 1731 1628 1762 essent;
1671 1737 1727 1758 eos

965 1771 1039 1802 dico
1053 1796 1060 1809 ‚
1087 1769 1142 1813 qui
1164 1767 1357 1810 ἐσωτερικοὶ
1380 1768 1461 1799 dicti
1482 1776 1578 1801 sunt:
1610 1770 1725 1814 quibus

966 1815 1111 1858 oppositi
1133 1821 1208 1846 sunt
1228 1813 1378 1856 discipuli
1397 1812 1605 1856 ἐξωτερικοί,
1631 1816 1663 1847 h.
1682 1828 1724 1856 e.‚

963 1861 1005 1900 ii,
1041 1860 1094 1903 qui
1117 1859 1368 1891 instituerentur
1399 1865 1432 1889 et
1453 1867 1727 1903 praepararentur

964 1906 1006 1937 ad
1037 1904 1193 1937 discenda
1234 1916 1272 1936 ac
1304 1903 1514 1946 percipienda
1547 1905 1726 1938 secretiora

964 1958 997 1981 et
1020 1951 1146 1982 occulta
1170 1949 1362 2003 disciplinae
1385 1948 1528 1981 decreta.
1567 1950 1662 1993 Diog.
1685 1952 1726 1983 L.

963 1997 1051 2036 VIII,
1082 1997 1140 2028 15:
1167 1993 1279 2038 ἔλεγον
1300 2005 1337 2027 τε
1359 1992 1417 2027 καὶ
1440 1994 1470 2027 οἱ
1489 1990 1581 2028 ἄλλοι
1601 1995 1724 2029 llu‘sot-

962 2039 1086 2084 γόρειοι
1123 2037 1179 2083 μή
1225 2037 1349 2092 εῖνοξιι
1389 2036 1506 2081 πρὸς
1545 2036 1725 2080 πάντας

964 2085 1106 2119 πάντα
1135 2083 1244 2127 ῥητά
1259 2110 1267 2126 ,
1305 2095 1352 2121 ως
1373 2095 1475 2126 φησιν
1497 2081 1725 2127 Ἀριστόξενος

965 2131 996 2164 ἐν
1021 2129 1149 2173 δεκάτῃ
1173 2129 1393 2164 παιδευτικῶν
1416 2126 1536 2172 νόμων.

1035 2180 1148 2207 mentes
1167 2177 1256 2216 suas]
1283 2174 1424 2206 Tirones
1445 2174 1629 2214 observent,
1654 2175 1727 2208 Ro-

968 2232 1079 2252 manos
1100 2219 1246 2263 pluribus
1267 2218 1434 2251 vocabulis
1456 2219 1627 2251 abstractis
1645 2226 1724 2252 tan-

963 2278 1057 2309 quam
1096 2264 1258 2296 concretis
1296 2263 1461 2307 plurativo
1495 2276 1632 2297 numero
1666 2265 1725 2306 uti,

963 2311 1015 2342 ubi
1037 2323 1144 2342 sermo
1176 2309 1299 2351 patrius
1321 2321 1358 2340 ea
1379 2315 1534 2351 tanquam
1558 2310 1722 2342 abstracta

958 2355 1113 2398 singulari
1150 2365 1284 2386 numero
1315 2360 1460 2396 usurpat.
1508 2354 1545 2385 ld
1572 2354 1628 2394 fit,
1665 2355 1722 2386 ubi

959 2401 1114 2432 abstracti
1147 2400 1238 2431 notio
1271 2398 1313 2430 ad
1334 2398 1442 2441 plures
1461 2399 1616 2442 pertinet.
1664 2399 1720 2431 Sic

959 2447 991 2477 h.
1012 2446 1034 2477 l.
1069 2444 1268 2488 Pythagorei
1307 2443 1460 2476 dicuntur
1498 2448 1612 2476 mentes
1647 2454 1723 2476 suas

961 2497 1056 2522 cantu
1082 2490 1123 2522 ad
1141 2488 1412 2532 tranquillitatem
1434 2487 1626 2525 traduxisse,
1651 2499 1718 2520 non

959 2539 1088 2567 mentem
1111 2545 1201 2566 suam
1224 2533 1284 2577 (uti
1309 2545 1387 2565 nos:
1412 2535 1499 2564 ihren
1521 2532 1637 2572 Geist)‚·
1661 2544 1720 2564 su·-

959 2591 1017 2621 pra
1043 2591 1068 2610 c.
1091 2581 1116 2617 l,
1144 2580 1170 2610 1.
1195 2585 1379 2609 nostrorum
1401 2576 1568 2608 hominum
1592 2579 1718 2618 ingenia

962 2631 1038 2664 (non
1064 2623 1227 2665 ingenium
1242 2648 1249 2658 ,
1273 2624 1327 2654 der
1348 2621 1466 2662 Geist);
1496 2632 1596 2664 porro
1619 2625 1719 2655 animi

959 2671 1090 2699 militum
1126 2670 1194 2710 (der
1223 2667 1333 2701 Manu.
1391 2668 1583 2709 Quanquam
1619 2668 1718 2700 etiam

960 2724 1019 2754 pro
1056 2711 1227 2743 abstractis
1263 2718 1448 2753 ponuntur,
1488 2711 1533 2742 uti
1562 2714 1720 2753 inyenium

958 2759 1126 2796 hominum,
1150 2757 1180 2788 h.
1197 2767 1224 2787 e.
1248 2759 1309 2796 inq.
1328 2759 1447 2796 ¹qeneris
1465 2757 1604 2789 humani.
1640 2757 1718 2788 Ele-

956 2809 1073 2844 ganter
1093 2801 1126 2833 in
1150 2801 1235 2833 hanc
1257 2812 1326 2832 rem
1355 2801 1534 2844 disputavit
1556 2805 1592 2834 A.
1613 2804 1719 2834 Grote-

955 2849 1037 2888 send.
1063 2847 1245 2878 Comment.
1267 2845 1299 2877 d.
1323 2857 1355 2888 p.
1371 2847 1422 2878 10.
1457 2846 1598 2878 Omnino
1619 2856 1718 2889 saepe

955 2892 1088 2925 nomina
1108 2892 1273 2924 abstracta
1291 2890 1409 2933 plurali
1430 2901 1716 2934 numeroponun-

954 2944 1027 2976 tur,
1051 2948 1150 2981 quum
1172 2936 1266 2981 plura
1288 2947 1409 2979 genera
1435 2935 1608 2981 (species),
1632 2934 1715 2969 varii
