1843 3101
212 62 298 106 256

211 153 314 194 ratio
335 159 375 194 et
394 153 519 195 oratio
533 185 544 205 ,
578 167 676 208 quae
695 154 810 194 simul
831 161 872 194 et
889 153 1111 210 opinionem
1136 155 1271 197 falsam
1292 156 1414 210 tollit,
1448 164 1488 199 et
1503 159 1785 213 aegritudinem

213 227 404 278 detrahit,
439 235 498 268 est
524 241 569 268 ea
592 227 744 281 quidem
771 227 924 280 utilior,
958 228 1027 269 sed
1051 243 1141 270 raro
1165 231 1318 285 proficit
1341 245 1466 287 neque
1491 239 1552 273 est
1574 234 1622 274 ad
1645 224 1786 290 vulgus

211 301 441 342 adhihenda.
515 307 585 342 61.
621 301 824 355 Quaedam
849 309 976 343 autem
1002 310 1093 344 sunt
1112 304 1377 358 aegritudines
1393 337 1404 357 ,
1449 320 1546 361 quas
1567 307 1700 348 levare
1720 308 1785 349 illa

211 375 402 416 medicina
424 375 527 415 nullo
551 375 665 415 modo
687 375 832 431 possit3
877 382 920 416 ut
947 376 981 417 si
1004 377 1089 431 quis
1111 391 1229 432 aegre
1255 367 1381 430 ferat,
1419 380 1521 421 ‘nihil
1555 381 1593 421 in
1624 395 1668 423 se
1693 395 1782 423 esse

709 74 880 107 Lmen
903 75 960 108 ιν.
983 73 1047 116 28,
1071 72 1125 109 61.
1148 74 1212 118 29,
1237 73 1292 110 62.

209 448 392 500 virtutis,
438 449 533 489 nihil
556 449 674 489 animi
691 481 702 501 ,
749 449 843 489 nihil
869 450 1006 501 officii,
1042 450 1133 492 nihil
1156 452 1395 504 honestatis,
1441 462 1599 510 propter
1623 456 1723 497 mala
1749 456 1783 497 is

210 522 363 576 quidem
386 529 574 577 angatur,
608 523 676 563 sed
702 523 776 563 alia
799 524 987 577 quaedam
1012 525 1062 565 sit
1085 526 1131 566 ad
1155 540 1242 566 eum
1270 527 1513 569 admovenda
1536 529 1709 582 curatio,
1744 537 1783 571 et

209 596 298 637 talis
320 595 490 650 quidem,
526 610 624 650 quae
645 597 769 652 possit
790 611 878 638 esse
901 598 1088 649 omnium,
1123 600 1238 640 etiam
1263 601 1311 641 de
1337 602 1479 643 ceteris
1497 602 1615 644 rebus
1637 603 1784 645 disere-

208 669 400 724 pantium,
434 669 767 725 philosophorum.
828 669 936 711 Inter
960 686 1095 713 omnes
1114 673 1216 713 enim
1241 675 1455 717 convenire
1477 684 1646 730 oportet,
1679 692 1784 718 com-

208 743 404 784 motiones
423 744 640 784 animorum
674 758 695 785 a
718 751 826 784 recta
848 746 998 786 ratione
1020 760 1182 788 aversas
1207 761 1295 788 esse
1322 748 1486 790 vitiosas
1502 782 1512 801 ‚
1555 757 1622 802 ut,
1665 751 1781 792 etiam

206 818 242 859 si
267 831 340 858 nec
364 817 462 857 mala
488 817 566 858 sint
586 818 676 870 illa,
722 832 820 873 quae
846 826 988 859 metum
1014 820 1373 874 aegritudinemve,
1419 837 1491 864 nec
1512 823 1640 875 bona,
1680 839 1780 880 quae

206 891 454 945 cupiditatem
486 892 724 933 laetitiamve
759 900 969 944 moveant,
1018 901 1147 934 tamen
1187 895 1238 935 sit
1265 896 1407 936 vitiosa
1438 897 1521 952 ipsa
1552 900 1777 941 commotio.

208 963 466 1006 Constantem
510 965 613 1004 enim
655 965 846 1018 quendam
887 966 1090 1018 volumus,
1139 969 1337 1020 sedatum,
1382 983 1543 1023 gravem
1559 1002 1570 1022 ,
1613 972 1781 1015 humana

204 1039 336 1080 omnia
367 1045 608 1093 prementem
647 1038 754 1078 illum
785 1053 899 1090 esse,
947 1054 1059 1094 quem
1090 1041 1378 1095 magnanimum
1411 1050 1450 1083 et
1483 1045 1622 1085 fortem
1650 1046 1778 1087 virum

203 1113 382 1154 dicimus.
445 1111 555 1152 Talis
585 1119 713 1153 autem
739 1126 812 1153 nec
836 1126 1040 1166 maerens,
1084 1128 1158 1155 nee
1184 1115 1352 1167 timens,
1386 1131 1460 1158 nee
1485 1118 1671 1172 cupiens,
1704 1135 1777 1162 nec

201 1186 378 1242 gestiens
398 1199 486 1226 esse
509 1185 708 1241 quisquam
737 1194 879 1241 potest.
940 1186 1089 1228 Eorum
1117 1188 1218 1229 enim
1240 1189 1337 1230 haec
1357 1198 1448 1231 sunt
1463 1223 1473 1243 ,
1521 1192 1587 1247 qui
1610 1201 1776 1236 eventus

201 1261 393 1302 humanos
425 1260 672 1315 superiores,
707 1274 821 1314 quam
853 1275 944 1301 suos
977 1261 1128 1302 animos
1161 1276 1250 1303 esse
1281 1263 1440 1305 ducunt.

314 1332 484 1375 XXIX.
519 1340 589 1375 62.
631 1332 765 1387 Quare
790 1334 960 1374 omnium
984 1335 1324 1391 philosophorum,
1372 1344 1414 1378 ut
1433 1345 1523 1380 ante
1547 1339 1651 1393 dixi,
1697 1357 1773 1383 una

202 1470 255 1496 ter
290 1475 363 1496 cum
385 1463 456 1495 aliis
479 1463 689 1495 scribendum
714 1470 842 1496 censet:
880 1467 972 1496 alia

202 1512 317 1550 etiam,
341 1509 415 1552 quia
436 1510 469 1540 in
490 1516 604 1552 aperta
628 1509 809 1552 partitione
831 1521 892 1541 nec
916 1510 973 1540 Ci-

205 1566 298 1592 cero,
325 1566 387 1586 nec
405 1555 485 1586 alius
503 1555 672 1598 quisquam
691 1557 805 1594 aliquis
826 1563 870 1579 -—‘
891 1558 973 1587 alius

204 1599 341 1639 dixerit,
375 1600 481 1631 multo
504 1600 609 1631 minus
635 1602 716 1631 alius
740 1600 786 1642 tin
819 1612 883 1643 quo
908 1601 972 1632 iarn

201 1652 337 1678 notatur
371 1645 507 1688 partitio
543 1652 577 1676 et
609 1645 749 1676 alterum
788 1646 971 1678 membrum

202 1690 401 1735 praeripitur
414 1690 674 1733 exspectatione)
686 1709 729 1714 -—
741 1693 866 1731 aliquis.
898 1693 972 1724 Hoc

203 1743 314 1768 autem
348 1747 444 1778 quem
476 1748 564 1768 nunc
591 1742 769 1768 tractamus
801 1737 876 1768 loco
903 1749 971 1769 non

204 1782 399 1813 distrbuitur
431 1793 533 1824 genus
566 1781 600 1812 in
633 1793 706 1812 suas
740 1788 871 1823 partes,
911 1782 970 1814 sed

203 1826 388 1869 exemplum
411 1838 510 1858 unum
533 1838 550 1858 e
568 1826 678 1858 multis
698 1827 848 1868 ponitur:
876 1834 971 1871 putat

201 1875 316 1913 aliquis
339 1891 378 1896 —-
404 1874 487 1903 alius
511 1879 544 1903 et
565 1872 613 1904 sic
639 1872 744 1904 multo
778 1873 871 1915 plura
892 1873 969 1905 addi

201 1924 370 1961 poterant,
393 1917 439 1948 uti
461 1924 551 1949 recte
572 1917 758 1949 observavit
779 1921 970 1960 Madviyius.

269 1966 350 1994 ratio
369 1967 396 1995 et
416 1964 529 2004 oratio]
556 1964 595 1994 V.
618 1963 659 1995 ad
683 1975 708 1994 c.
729 1963 778 2000 17,
804 1963 859 1996 33.

269 2010 386 2049 utilior]
411 2009 502 2039 Haec
522 2015 571 2039 est
590 2008 734 2039 omnium
755 2007 914 2041 librorum
934 2016 967 2041 et

200 2053 399 2094 scriptorum
419 2060 452 2084 et
471 2053 635 2085 editorum
657 2054 775 2085 lectio:
803 2066 865 2097 qna
885 2055 966 2086 nihil

201 2098 317 2130 tetrius
335 2098 504 2130 foediusve
524 2110 559 2130 se
574 2099 693 2130 vidisse
710 2099 790 2131 dicit
803 2103 966 2140 Bentleius,

200 2144 339 2186 opinans
360 2143 501 2183 scilicet,
537 2144 637 2175 verba
660 2147 785 2186 utilior,
818 2147 871 2177 sed
892 2156 966 2177 raro

197 2190 322 2229 proficit
345 2199 477 2230 prorsus
501 2188 564 2220 sibi
587 2201 782 2232 repugnare.
831 2192 902 2230 Qua
924 2190 965 2222 de

202 2244 314 2266 caussa
348 2232 523 2274 legendum
564 2242 674 2265 censet
714 2238 863 2268 subtilior.
921 2239 966 2267 At

201 2279 328 2322 optimo
352 2277 422 2309 iure
448 2280 573 2317 ll'olfius
603 2280 769 2321 vulgatam
794 2281 827 2312 in
850 2280 964 2323 pristi-

200 2336 278 2357 nam
301 2334 393 2354 suam
423 2322 536 2354 sedem
556 2323 695 2355 reduxit.
744 2326 857 2357 Voluit
879 2326 964 2358 enim

199 2369 384 2413 significare
409 2367 522 2399 Cicero
552 2368 636 2399 hoc:
672 2369 727 2400 illa
752 2370 856 2402 altera
880 2371 963 2403 ratio

198 2415 304 2447 multo
323 2413 480 2446 maiorem
500 2412 631 2456 quidem
649 2413 714 2444 vim
735 2414 835 2446 habet
857 2423 889 2447 et
909 2417 965 2448 ef—

199 2460 396 2493 ficacitatem
417 2458 450 2489 in
473 2458 539 2496 eis,
575 2457 630 2500 qui
652 2459 833 2499 sapientiae
863 2473 962 2503 prae-

202 2506 305 2549 ceptis
330 2503 447 2536 imbuti
470 2502 513 2534 ad
534 2502 624 2534 illam
653 2503 849 2535 medicinam
874 2506 961 2537 reci-

198 2551 354 2594 piendam
380 2548 491 2580 idonei
523 2554 618 2586 sunt,
654 2549 713 2579 sed
735 2559 808 2580 raro
829 2553 963 2591 proficit,

201 2596 276 2639 quia
300 2594 395 2638 pauci
417 2600 545 2625 tantum
574 2593 619 2624 ita
642 2593 783 2624 instituti
805 2602 900 2633 sunt,
928 2602 962 2626 ut

198 2641 275 2673 huic
291 2639 452 2673 curationi
475 2639 545 2681 apti
562 2638 647 2676 sint,
671 2650 777 2681 neque
794 2638 892 2680 igitur
912 2646 961 2670 est

199 2686 241 2719 ad
266 2685 380 2728 vulgus
412 2683 610 2715 adhibenda.
655 2686 806 2725 Proficere
830 2684 961 2727 proprie

199 2731 319 2763 dicitur
341 2731 382 2762 de
404 2728 671 2767 medicamentis,
706 2740 786 2771 quae
811 2728 875 2760 vim
901 2741 961 2760 ex-

199 2783 313 2809 serunt
327 2774 454 2818 (nobis:
475 2774 688 2815 anschlaqen).
701 2813 704 2815 Ι
718 2773 826 2805 Celsus
848 2775 887 2805 V.
906 2775 959 2813 25,

198 2822 239 2854 2:
275 2832 381 2863 neque
406 2819 470 2850 ulla
495 2830 637 2862 unquam
659 2819 821 2851 medicina
843 2819 961 2862 profe—-

200 2866 256 2897 cit.
290 2866 373 2898 Plin.
394 2865 539 2897 XXVII.
562 2876 588 2896 c.
606 2865 641 2897 ll
659 2876 665 2896 z
691 2864 782 2896 radix
802 2864 960 2896 adversa-

199 2917 253 2941 tur
283 2909 427 2942 omnium
458 2909 863 2954 serpentum‘generibus,
898 2921 960 2942 nec

199 2954 264 2988 alia
285 2967 336 2987 res
361 2953 496 2987 celerius
518 2954 660 2998 proficit.

1075 1464 1129 1499 61.
1150 1469 1205 1498 illa
1225 1468 1395 1511 medicina]
1422 1469 1497 1502 Scil.
1516 1469 1609 1512 prior
1626 1470 1680 1503 illa
1698 1484 1771 1504 me-

1008 1510 1127 1551 dicina,
1153 1519 1189 1543 ut
1207 1512 1340 1551 doceaS‚
1364 1513 1446 1545 illud
1463 1515 1583 1547 malum
1603 1527 1670 1548 non
1689 1529 1771 1559 esse,

1008 1568 1046 1587 ex
1069 1568 1134 1599 quo
1158 1557 1332 1599 aegritudo
1355 1559 1562 1603 suscipiatur.
1601 1561 1652 1594 Cf.
1673 1574 1772 1607 supra

1006 1603 1063 1634 III.
1088 1603 1152 1641 32,
1179 1602 1233 1636 Τῦ.

1075 1648 1226 1691 crassatur]
1263 1649 1510 1682 concedendum
1537 1657 1605 1692 est,
1642 1664 1770 1696 negan-

1007 1692 1083 1724 dum
1102 1704 1166 1723 non
1187 1699 1246 1730 est,
1271 1693 1363 1725 illum
1382 1696 1588 1738 aegritudine
1607 1697 1769 1732 laborare.

1073 1741 1194 1770 etiamsi
1213 1748 1267 1770 nec
1286 1742 1373 1771 mala
1393 1743 1453 1772 sint
1470 1753 1581 1775 -nec
1600 1746 1694 1786 bona]
1716 1744 1771 1777 Sic

1006 1794 1119 1814 omnes
1142 1783 1239 1815 codd.
1264 1791 1394 1826 praeter
1413 1786 1486 1817 cod.
1506 1788 1624 1826 Ursini,
1649 1789 1682 1820 in
1703 1801 1768 1833 quo

1005 1828 1124 1871 legitur
1156 1831 1276 1860 etiamsi
1301 1833 1388 1862 mala
1411 1834 1472 1863 sint
1493 1834 1570 1873 illa,
1603 1844 1682 1874 quae
1704 1846 1768 1867 me-

1004 1878 1068 1905 lum
1102 1876 1382 1915 aeyriludinemve,
1415 1879 1514 1909 bona:
1549 1878 1635 1910 unde
1654 1880 1692 1911 L.
1716 1880 1770 1913 le-

1005 1919 1149 1950 ctionem
1178 1919 1225 1951 sic
1259 1921 1446 1953 coustituit:
1479 1926 1601 1956 etiamsi
1625 1928 1660 1955 el
1682 1928 1770 1958 mala

1003 1968 1064 1996 sint
1090 1967 1167 2005 illa,
1202 1975 1281 2005 quae
1311 1976 1352 1998 m.
1376 1977 1483 2008 ae9r.,
1518 1972 1551 2000 et
1577 1971 1657 2001 bona
1680 1977 1765 2011 etc.;

1002 2009 1088 2042 hanc
1123 2009 1343 2043 coniecturam
1378 2013 1504 2056 recepit
1535 2013 1665 2057 quidem
1697 2017 1766 2057 Or.,

1002 2055 1060 2086 sed
1092 2054 1126 2086 iu
1154 2055 1275 2087 scholis
1302 2057 1417 2089 Wolfii
1447 2058 1546 2090 rediit
1579 2059 1621 2090 ad
1648 2060 1767 2103 vulga-

1000 2107 1087 2139 tam3
1112 2101 1278 2133 Bentleius
1298 2103 1439 2135 coniecit
1458 2106 1579 2136 etiamsi
1597 2107 1661 2137 vel
1678 2108 1767 2139 mala

1002 2148 1061 2177 sint
1083 2165 1129 2169 --
1150 2149 1214 2178 vel
1240 2149 1330 2179 bona.
1362 2148 1530 2181 Lectionis
1553 2149 1704 2192 vulgatae
1722 2155 1766 2183 et-

999 2193 1093 2223 iamsi
1117 2201 1171 2223 nec
1194 2194 1281 2223 mala
1304 2195 1364 2225 sint
1385 2213 1428 2217 -—
1451 2204 1506 2226 nec
1526 2197 1607 2227 bona
1628 2203 1765 2228 senten-

998 2236 1079 2267 tiam
1098 2239 1296 2277 Wopkensius
1307 2238 1415 2269 Lectt.
1427 2239 1515 2271 Tull.
1530 2241 1556 2280 Ι,
1572 2240 1623 2273 Ῑὸ.
1642 2253 1674 2284 p.
1691 2241 1764 2275 135.

999 2281 1046 2313 sic
1081 2282 1217 2324 exponit
1235 2294 1241 2312 ε
1288 2283 1474 2322 „Constare
1509 2285 1597 2316 inter
1638 2297 1763 2326 omnes,

999 2327 1131 2358 tametsi
1155 2339 1207 2358 res
1230 2327 1313 2366 illas,
1340 2340 1422 2371 quae
1442 2330 1709 2371 perturbationes
1730 2331 1764 2363 in
1794 2371 1800 2377 l

999 2372 1094 2403 nobis
1121 2372 1307 2411 concitent,
1342 2385 1413 2406 esse
1435 2374 1663 2408 indifferentes
1687 2378 1764 2418 [nec

998 2417 1121 2456 malas,
1163 2429 1226 2449 nec
1260 2418 1377 2461 bonas]
1416 2420 1636 2460 concedatur,
1675 2421 1770 2464 ipsas*

998 2469 1107 2494 tamen
1130 2464 1367 2496 commotiones
1381 2489 1388 2503 ‚
1413 2477 1431 2497 a
1449 2465 1545 2497 rebus
1568 2465 1632 2498 illis
1653 2466 1761 2497 indif-

999 2507 1180 2539 ferentibus
1204 2508 1404 2549 concitatas,
1440 2510 1573 2542 vitiosas
1599 2522 1688 2549 esse,
1713 2510 1761 2542 si-

998 2552 1130 2594 quidem
1147 2565 1165 2584 a
1184 2560 1272 2584 reeta
1294 2554 1425 2586 ratione
1446 2554 1659 2594 deflectant‚⁴‘
1685 2556 1761 2589 coll.

998 2608 1023 2627 c.
1048 2599 1111 2634 Ἠῶ,
1141 2597 1194 2630 60.
1221 2599 1324 2641 princ.
1358 2610 1384 2630 c.
1405 2598 1470 2638 29,
1490 2598 1544 2632 62.
1589 2601 1693 2639 Quare
1716 2619 1762 2625 —

995 2643 1170 2673 dicendum.
1192 2654 1220 2673 c.
1233 2644 1287 2681 31,
1309 2642 1361 2676 65.
1382 2650 1464 2674 extr.
1510 2645 1613 2676 Verte
1631 2645 1695 2676 sic:
1720 2657 1758 2678 so

996 2685 1082 2722 dass,
1104 2686 1207 2717 selbst
1226 2687 1257 2717 in
1279 2687 1353 2719 dem
1372 2688 1474 2727 Falle,
1496 2688 1569 2720 dass
1591 2690 1761 2722 einerseits

997 2730 1049 2761 die
1076 2730 1190 2772 Dirige,
1214 2732 1475 2777 welchefurcht
1501 2733 1582 2766 oder
1598 2735 1761 2768 Kummer

998 2774 1190 2816 einsso'ssen,
1217 2776 1312 2807 keine
1332 2777 1420 2809 Ubel
1443 2778 1537 2818 sind,
1563 2779 1629 2811 und
1651 2780 1758 2812 ande—

996 2820 1128 2851 rerseits
1148 2819 1201 2851 die
1222 2821 1336 2864 Dinge,
1359 2822 1480 2855 welche
1500 2824 1657 2867 Regierde
1673 2825 1758 2858 oder

994 2865 1220 2897 Fro'hliclikeit
1244 2878 1399 2909 erregen,
1424 2868 1520 2901 keine
1546 2870 1651 2902 Giiter
1672 2870 1757 2911 sind,

994 2909 1148 2942 dennoch
1167 2910 1219 2942 die
1237 2911 1580 2959 Gemuthsbewegung
1595 2926 1637 2948 an
1653 2926 1684 2948 u.
1701 2915 1760 2949 fiir

993 2955 1063 2988 sich
1086 2955 1270 2990 fehlerhaft
1292 2957 1346 2990 ist.
