1859 3117
685 51 855 86 menn
878 53 906 87 1.
935 30 1081 94 maa.
1632 47 1691 93 65

201 121 319 193 liade?
334 137 483 177 ant’rnae
511 133 737 174 excitantur
764 135 928 175 obscura
960 133 1095 175 zimbra
1108 166 1119 184 ‚
1153 144 1287 190 operto
1315 140 1413 178 ὀετῐο

195 196 317 253 Altae
342 210 582 252 Acherunta
594 239 606 258 ,
628 209 740 264 sdlso
768 213 978 262 sanguine,
1014 214 1250 252 mortuorum
1280 213 1481 266 micige'nes.

79 283 168 329 Has
191 293 325 329 tamen
344 283 541 342 imagines
561 283 668 340 loqui
687 283 842 336 volunt,
876 285 979 340 quod
1003 286 1087 327 fieri
1109 299 1183 328 nec
1207 286 1295 329 sine
1315 288 1465 344 lingua,
1500 303 1575 331 nee
1597 290 1685 333 sine

80 361 240 419 palato,
283 373 359 403 nee
385 359 474 402 sine
506 359 702 411 saucium,
746 359 941 412 laterum,
986 361 1213 416 pulmonum
1246 362 1287 404 η’
1324 370 1364 405 et
1380 364 1504 420 figura
1534 373 1682 421 potest.

77 435 192 479 Nihil
231 435 338 478 enim
377 435 510 476 animo
550 435 687 477 videre
731 442 939 492 poterant3
991 436 1040 477 ad
1082 437 1220 479 oculos
1265 439 1397 479 omnia
1437 440 1683 483 referebant.

78 516 152 555 58.
184 508 325 567 Magni
345 517 475 552 autem
502 516 565 552 est
583 509 759 566 ingenii,
804 524 998 552 sevocare
1020 518 1193 553 mentem
1218 526 1242 553 a
1261 513 1445 555 sensibus
1470 521 1511 556 et
1534 516 1686 571 cogita-

77 585 227 628 tionem
252 581 302 628 ab
325 585 612 647 consuetudine
633 585 849 627 abducere.
911 583 1051 641 Itaque
1080 586 1201 627 credo
1222 587 1404 642 equidem
1437 590 1555 631 etiam
1583 592 1684 634 alios

77 668 137 704 tot
166 661 340 714 seculis3
389 660 483 713 sed,
537 660 641 716 quod
673 660 818 703 litteris
848 668 1009 713 exstet,
1062 659 1320 720 Pherecydes
1354 662 1498 720 Syrius
1533 646 1684 722 prim'us

77 736 202 789 (lixit,
235 736 389 778 animos
416 749 507 778 esse
536 735 739 778 hominum
772 736 1064 792 sempiternos,
1099 737 1284 793 antiquus
1314 752 1435 790 sane3
1480 741 1553 782 suit
1579 742 1684 784 enim

75 825 167 854 meo
187 817 384 868 regnante
410 810 568 867 gentili.

77 885 256 929 maxime
279 886 556 929 confirmavit:
590 886 682 943 qui,
717 902 835 943 quum
858 885 1043 944 Superbo
1073 895 1267 943 regnante
1297 888 1336 930 in
1369 887 1524 931 ltaliam
1550 892 1687 935 venis-

76 969 165 1015 set,
200 963 328 1005 tenuit
357 976 540 1018 maguam
564 962 670 1004 illam
694 960 908 1004 Graeciam
937 977 1055 1018 quum
1084 962 1237 1005 honore
1269 971 1309 1005 et
1335 964 1566 1021 disciplina,
1604 974 1685 1010 tum

74 1036 194 1080 etiam
215 1037 454 1080 auctoritate
471 1070 482 1089 ,
530 1037 732 1093 multaque
757 1037 892 1078 secula
920 1045 1059 1093 postea
1091 1037 1150 1079 sic
1183 1039 1311 1095 viguit
1335 1038 1683 1097 Pythagoreorum

631 810 748 853 Hanc
773 811 999 868 opinionem
1028 812 1244 868 discipulus
1270 813 1380 865 eius,
1413 812 1682 872 Pythagoras,

79 1125 253 1165 nomen,
287 1119 332 1154 ut
361 1112 456 1154 nulli
491 1112 558 1154 alii
590 1112 694 1154 docti
726 1112 975 1154 viderentur.

72 1197 166 1232 Non.
183 1209 218 1242 p.
234 1196 310 1232 192.
337 1210 378 1231 ex
398 1198 493 1231 Attio
515 1197 640 1242 legitur
661 1200 766 1230 salsus
787 1208 864 1230 san·
898 1198 1027 1231 animus
1051 1210 1070 1231 a
1092 1199 1256 1233 societate
1281 1207 1316 1233 et
1335 1213 1355 1234 a
1379 1202 1581 1246 contagione
1602 1216 1682 1238 cor-

74 1246 158 1287 9uz'8.
197 1245 244 1276 Ut
263 1251 378 1277 autem
399 1251 490 1278 recte
510 1244 641 1277 dicatur
661 1244 766 1276 salsus
785 1255 862 1276 san-
898 1245 1001 1289 poris.
1052 1246 1145 1278 lnfra
1168 1247 1231 1286 50,
1259 1246 1312 1281 72.
1346 1247 1410 1287 31,
1439 1248 1500 1282 75:
1538 1262 1639 1294 quum
1661 1264 1680 1286 a

72 1289 166 1335 guis,
191 1296 305 1323 tamen
329 1302 398 1323 non
420 1290 638 1334 intelligitur,
665 1302 732 1342 quo
756 1289 860 1322 modo
897 1291 1035 1334 negotio
1061 1292 1152 1324 omni
1175 1303 1360 1326 sevocamus
1383 1294 1540 1329 animum.

72 1343 283 1370 mortuorum
300 1336 461 1381 imagines
475 1337 564 1370 salso
579 1348 742 1380 sunguine
758 1348 860 1380 prac-

73 1382 165 1415 ditae
188 1382 268 1426 fingi
293 1384 434 1426 possint.
495 1385 607 1425 Quare
632 1385 763 1417 acidius
794 1384 859 1415 sal-

71 1439 144 1463 sum
166 1431 354 1470 sanquinem
383 1428 510 1462 dictum
533 1437 653 1474 putat,
686 1428 762 1474 quia
791 1428 857 1462 ho-

72 1474 158 1508 stiae
177 1474 268 1508 mola
286 1474 589 1520 adspergerentur,
616 1487 755 1521 quarum
776 1487 858 1507 san-

74 1519 148 1565 guis
168 1519 203 1554 in
223 1521 405 1563 sacrificiis,
427 1533 511 1566 quae
534 1522 578 1555 ad
597 1521 793 1555 excitandos
815 1521 857 1554 ab

73 1566 193 1600 inseris
225 1574 379 1601 mortuos
406 1567 620 1610 ferebantur,
655 1568 688 1601 in
722 1568 858 1600 foveam

74 1612 291 1654 fundebatur,
319 1625 430 1658 comp.
447 1615 598 1648 Homero
614 1614 734 1659 Odyss.
750 1616 778 1654 λ,
799 1614 854 1648 35.

73 1660 185 1701 Quum
207 1671 274 1693 uon
296 1659 407 1693 solum
430 1663 536 1694 salsus
558 1665 691 1703 sanguis
713 1660 855 1704 legatur,

72 1704 135 1739 se'd
151 1705 253 1738 etiam
274 1706 400 1739 Ennius
413 1719 466 1751 ap.
481 1708 615 1740 Lucret.
631 1709 656 1747 1,
674 1707 749 1740 126.
763 1706 857 1738 dixe-

71 1750 133 1786 rit:
156 1753 311 1786 lacrimas
327 1752 501 1786 effundere
519 1756 624 1786 salsas
645 1759 679 1785 et
697 1753 856 1796 Virgilius

10 1820 16 1825 -
71 1801 158 1832 Aen.
173 1799 226 1839 11,
253 1798 336 1833 173:
361 1801 532 1844 salsusque
554 1812 613 1844 per
635 1806 726 1832 artus
749 1801 857 1832 Sudor

70 1843 130 1877 iit:
157 1845 294 1878 Orellius
315 1844 466 1890 colligit,
492 1858 564 1879 esse
589 1846 656 1879 hoc
679 1845 856 1890 epitheton

75 1901 199 1923 ornans
211 1902 388 1924 succorum
399 1892 593 1925 animalium
608 1893 680 1925 sere
695 1891 854 1929 omnium,

71 1938 260 1982 'salsumque
281 1947 297 1970 s
307 1948 385 1980 any
395 1949 415 1971 u
426 1941 466 1972 in
479 1949 493 1970 e
503 1949 537 1971 ‘m
557 1938 611 1971 vel
632 1938 674 1970 de
695 1937 856 1981 sanguiue

50 1981 182 2020 ‘effuso
206 1995 226 2016 a
248 1982 430 2017 vulneratis
453 1984 540 2024 dici,
577 1984 631 2017 vel
665 1983 706 2015 de
729 1980 857 2015 recenti

74 2027 276 2062 cadaverum
297 2041 428 2062 cruore.
465 2032 582 2074 Itaque
602 2030 630 2061 si
651 2029 735 2061 haec
755 2027 857 2060 lectio

72 2073 258 2115 retinetur,
299 2075 402 2108 verba
425 2078 510 2108 salso
534 2077 689 2116 sanquine
712 2074 856 2107 coniun-

73 2119 184 2165 genda
215 2127 294 2153 sunt
325 2132 401 2153 cum
431 2121 536 2153 verbo
568 2124 755 2154 excitantur.
810 2122 856 2152 At

70 2167 158 2200 haec
178 2165 360 2199 verborum
381 2166 536 2200 iunctura
557 2166 613 2199 vix
637 2167 778 2200 ferenda
800 2165 856 2198 vi-

71 2211 183 2246 detur.
243 2211 372 2253 Quibus
406 2213 528 2246 caussis
563 2213 682 2246 ductus
715 2213 855 2245 alteram

70 2257 274 2292 lectionem:
319 2260 439 2301 falso
468 2262 644 2302 sanguine,
693 2258 855 2292 tuendam

71 2303 272 2340 existimavi.
328 2307 407 2338 Fal
419 2315 492 2338 sus
513 2308 646 2348 sanquis
666 2305 687 2338 i.
709 2317 737 2338 e.
762 2305 858 2350 quasi

70 2349 225 2395 sanguis,
262 2350 339 2396 quia
356 2357 569 2385 mortuorum
589 2351 751 2396 imagines
774 2364 856 2385 san-

70 2396 172 2442 guine
213 2408 284 2434 nm
329 2397 422 2430 omni
461 2397 644 2431 destitutae
686 2398 855 2439 videntur,

73 2454 264 2488 quanquam
302 2454 486 2488 exsangues
521 2444 686 2478 duntaxat
718 2445 856 2478 umbrae

73 2495 163 2523 sunt.

137 2533 194 2570 38.
210 2545 357 2569 sevocare
367 2540 500 2569 mentem
511 2547 533 2569 a
544 2536 700 2582 sensibus]
713 2546 861 2570 sevocare

74 2580 296 2627 perulgato
315 2592 464 2615 revocare
485 2583 615 2627 optime
635 2583 785 2615 restituit
800 2585 857 2616 Or.

79 2637 109 2659 c.
123 2627 260 2660 Davisio
272 2639 315 2661 ex
325 2627 513 2672 Augustino
526 2628 570 2661 ad
581 2628 696 2662 volus.
713 2629 809 2673 epist.
822 2629 857 2663 3.

77 2671 190 2706 Etiam
210 2673 332 2707 Eliens.
350 2680 430 2708 tert.
455 2686 475 2707 a
492 2675 600 2719 prima
615 2686 714 2707 manu
732 2675 858 2708 habere

75 2716 210 2752 videtur
237 2730 395 2754 sevocare.
442 2721 520 2754 Hoc
554 2721 694 2754 verbum
727 2721 763 2754 in
793 2721 858 2754 hac

76 2774 116 2796 re
136 2763 236 2808 plane
257 2766 430 2811 proprium
461 2774 513 2799 est
534 2767 626 2812 apud
647 2767 854 2800 Ciceronem.

74 2804 123 2842 N.
138 2810 181 2844 D.
195 2811 256 2844 ΙΙΙ.
272 2812 316 2852 8,
338 2811 404 2845 21:
444 2825 513 2846 non
535 2813 627 2858 quod
652 2813 792 2846 difficile
813 2813 859 2846 sit

77 2861 224 2888 mentem
242 2857 285 2890 ab
306 2857 411 2891 oculis
429 2869 588 2900 sevocare,
613 2859 674 2892 sed
693 2871 759 2904 quo
782 2872 858 2892 ma-

77 2898 130 2943 gis
149 2909 280 2944 sevoco,
311 2915 353 2937 eo
373 2904 483 2938 minus
516 2905 572 2946 id,
609 2905 701 2950 quod
734 2912 772 2938 tu
795 2905 858 2946 vis,

79 2956 217 3000 possum
235 2955 351 2982 mente
371 2950 668 2995 comprehendere.
705 2951 818 2984 Divin.
833 2953 859 2984 1.

965 1352 1061 1381 eliam
1086 1351 1180 1390 aliosJ
1220 1349 1299 1381 Scil.
1328 1350 1450 1384 dixisse
1475 1353 1580 1397 (quod
1609 1352 1677 1390 ἐπεὶ

894 1396 1005 1429 κουρεῦ
1037 1407 1076 1427 ex
1102 1396 1317 1439 subsequenti
1346 1399 1428 1429 dine
1453 1400 1679 1443 supplendum

895 1443 958 1483 cst)
973 1467 982 1482 ,
1007 1441 1136 1474 animos
1158 1442 1331 1475 hominum
1350 1444 1574 1488 sculpit-unos
1592 1460 1676 1482 esse.

894 1487 1067 1520 Eiusmodi
1090 1488 1222 1531 ellipses
1248 1501 1314 1521 uon
1345 1490 1528 1523 abhorrent
1549 1506 1567 1525 a
1591 1506 1677 1538 neg-

894 1533 1073 1578 ligentiore
1099 1535 1311 1578 dialogorum
1335 1535 1468 1569 dicendi
1493 1550 1628 1582 genere.

899 1605 905 1612 ·
961 1593 1046 1633 quod
1060 1593 1169 1625 litteris
1184 1596 1294 1636 exslelj
1324 1594 1364 1626 11.
1380 1606 1409 1626 e.
1427 1595 1522 1627 multi
1539 1597 1675 1638 fuerint,

893 1637 948 1682 qui
983 1638 1112 1670 animos
1147 1638 1354 1672 immortale-s
1391 1653 1462 1672 esse
1499 1642 1673 1683 (licerent,

891 1683 951 1716 sed
975 1686 1042 1725 ila,
1066 1688 1098 1716 ul
1121 1686 1154 1717 id
1174 1685 1297 1717 litteris
1319 1693 1439 1725 exstet,
1464 1689 1589 1730 primus
1615 1690 1675 1724 Ph.

893 1732 926 1762 S.
952 1730 1038 1762 dixit
1061 1738 1127 1763 etc.
1176 1731 1229 1763 Ad
1264 1732 1402 1764 verbum
1433 1738 1529 1765 exstet
1563 1747 1674 1779 comp.

891 1777 982 1808 Brut.
1006 1777 1067 1816 15,
1092 1777 1154 1810 527:
1194 1789 1293 1821 quem
1327 1789 1408 1810 vero
1436 1784 1532 1812 exstet
1563 1788 1596 1813 et
1630 1782 1674 1815 de

891 1834 958 1866 quo
980 1821 1024 1854 sit
1045 1823 1229 1855 memoriae
1251 1823 1433 1866 proditum,
1459 1825 1675 1870 eloquentem

891 1868 1005 1902 fuisse.
1031 1866 1074 1900 de
1098 1870 1169 1900 Inv.
1186 1870 1210 1900 1.
1226 1869 1290 1908 26,
1316 1870 1380 1902 59:
1417 1871 1508 1915 quod
1529 1893 1575 1897 —
1595 1886 1676 1908 mo-

890 1920 1052 1946 numenta
1070 1933 1115 1937 —
1133 1913 1166 1946 in
1188 1914 1308 1946 litteris
1331 1920 1460 1949 exstent.
1507 1921 1673 1953 Attendas

891 1959 935 1992 ad
966 1959 1055 1992 hunc
1083 1959 1333 2004 exquisitiorern
1359 1963 1564 1997 coniuncn‘vi
1597 1979 1673 2001 cum

891 2007 975 2047 quod
997 2006 1181 2038 consociati
1204 2018 1307 2041 usum.
1333 2007 1375 2040 de
1397 2009 1503 2053 Legg.
1517 2012 1542 2043 1.
1557 2016 1590 2052 ὅ,
1609 2015 1671 2047 ’.Ιόε

890 2053 974 2093 qaod
997 2052 1208 2096 perspicuum
1234 2056 1295 2095 sit,
1320 2074 1365 2078 —
1398 2066 1471 2088 esse
1504 2058 1547 2090 ad
1579 2070 1674 2092 usum

891 2097 1062 2130 hominum
1086 2118 1129 2123 —
1154 2106 1348 2142 procreatas
1373 2102 1568 2145 (pecudes):
1593 2106 1625 2138 h.
1641 2118 1672 2139 e.

890 2143 937 2176 ita
959 2151 995 2176 ut
1014 2144 1090 2177 hoc.
1142 2145 1195 2177 Cf.
1216 2148 1379 2180 Bremium
1399 2148 1442 2180 ad
1465 2149 1563 2183 Corn.
1584 2152 1672 2196 Nep.

891 2191 986 2223 Eum.
1003 2191 1055 2231 11,
1084 2193 1121 2224 1:
1155 2199 1308 2225 mortuus
1331 2200 1403 2226 erat
1426 2195 1673 2239 Heri-laestion,

891 2248 990 2280 quem
1015 2248 1117 2269 unum
1140 2237 1351 2278 Alexander,
1386 2243 1470 2282 quod
1495 2243 1595 2276 facile
1616 2244 1675 2277 in·-

889 2282 998 2327 telligi
1017 2288 1142 2324 posset,
1163 2284 1297 2328 plurimi
1320 2286 1467 2319 fecerat:
1493 2289 1526 2322 h.
1548 2301 1576 2322 e.
1598 2303 1675 2323 eum

889 2328 937 2361 ita
958 2328 1092 2372 plurimi
1114 2330 1262 2370 fecerat,
1288 2339 1324 2364 ut
1343 2332 1411 2365 hoc
1431 2334 1456 2365 f.
1471 2335 1492 2366 i.
1506 2347 1538 2379 p.
1574 2337 1674 2370 Adde

893 2375 1044 2408 Curtium
1060 2377 1152 2409 vm.
1167 2377 1200 2417 ¹2,
1216 2378 1278 2411 35:
1306 2378 1498 2422 Lysimachi
1514 2389 1586 2414 erat
1599 2383 1674 2415 fra-

890 2429 963 2462 ter,
988 2428 1060 2454 tum
1083 2422 1228 2466 primum
1248 2423 1402 2465 adultus,
1427 2434 1483 2467 et,
1509 2430 1593 2468 quod
1615 2428 1672 2460 fa-

892 2468 955 2501 cile
976 2474 1165 2510 appareret,
1191 2469 1315 2502 indolis
1338 2483 1443 2504 rarae.
1491 2474 1531 2505 V.
1554 2485 1615 2506 nos
1636 2474 1672 2506 in

897 2514 956 2546 Gr.
971 2515 1013 2546 L.
1034 2517 1063 2559 §.
1081 2513 1155 2549 146.
1177 2516 1261 2548 Not.
1278 2516 1330 2550 13.
1353 2529 1387 2561 p.
1402 2518 1480 2551 401.
1504 2518 1556 2552 ed.
1572 2520 1604 2552 2.

961 2582 1031 2605 meo
1046 2576 1197 2614 regnante
1212 2574 1336 2618 gentili]
1362 2574 1440 2607 Scil.
1455 2575 1572 2607 Servio
1586 2574 1674 2608 Tul-

891 2616 958 2651 lio:
984 2630 1004 2651 a
1024 2629 1090 2662 quo
1113 2618 1230 2652 Cicero
1251 2628 1388 2663 gentem
1407 2632 1499 2652 suam
1518 2620 1672 2656 ducebat.

961 2686 1060 2716 quum
1080 2677 1195 2709 honore
1214 2681 1242 2709 et
1263 2679 1455 2718 disciplina,
1487 2681 1554 2709 tum
1577 2681 1673 2712 eliam

892 2721 1093 2766 auctoritate]
1117 2722 1226 2754 Verba
1248 2724 1363 2755 honore
1379 2727 1406 2754 et
1424 2724 1595 2763 disciplina
1612 2737 1674 2768 per

892 2767 1043 2811 figuram,
1064 2779 1149 2812 quae
1167 2768 1291 2801 dicitur
1307 2766 1342 2802 ἓν
1365 2765 1421 2802 6:7¹.
1444 2770 1547 2810 δυοῖν,
1561 2771 1673 2815 expli-

893 2813 962 2845 cari
981 2821 1143 2857 possunt,
1179 2821 1217 2846 ut
1245 2814 1312 2845 sint
1334 2813 1425 2844 idem
1449 2813 1540 2854 fere,
1581 2817 1674 2862 quod

892 2861 1008 2892 honore
1027 2861 1226 2901 disciplinae,
1246 2858 1295 2890 uti
1316 2860 1369 2891 Or.
1390 2857 1484 2902 legit.
1530 2861 1576 2894 Et
1592 2874 1674 2897 sane

895 2905 1110 2938 commendat
1132 2917 1169 2937 se
1192 2905 1277 2937 haec
1296 2903 1400 2937 lectio
1425 2904 1570 2950 eleganti
1590 2921 1674 2943 ver-

893 2951 1013 2983 borum
1034 2949 1270 2989 collocatione,
1290 2960 1354 2993 qua
1371 2949 1500 2984 duobus
1518 2954 1675 2989 substan-

78 2991 146 3033 ³0,
170 2989 236 3026 63:
261 3004 364 3038 quum
383 3007 465 3041 ergo
485 3004 538 3030 est
556 3008 677 3031 somno
697 3001 862 3031 sevocatus
893 2996 972 3030 tivis
1005 2995 1199 3040 regentibus
1230 3001 1362 3028 rectum
1391 2997 1538 3043 potiori,
1582 3001 1676 3047 quod

1316 3058 1343 3095 5
