1843 3101
187 72 272 115 ‘2522'
768 66 1190 110 LlBER1v.30,64.

187 174 305 219 posse
324 167 364 201 et
384 163 567 214 oportere
583 186 594 206 ,
639 152 884 195 enumeratio
907 164 1066 202 eorum,
1111 149 1174 204 qui
1197 148 1385 190 tulerunt.
1446 144 1537 188 Etsi
1557 145 1769 202 aegritudi-

188 237 249 278 nis
271 233 420 276 sedatio
454 239 494 272 et
520 231 707 271 hesterna
730 226 992 283 disputatione
1018 224 1217 280 explicata
1250 230 1333 274 est,
1379 228 1419 263 et
1450 221 1490 262 in
1518 217 1770 276 Consolatio-

189 312 251 353 nis
274 310 400 358 libro,
448 319 562 361 quem
595 304 635 344 in
661 302 788 344 medio
828 303 926 357 (non
958 299 1061 341 enim
1089 297 1286 353 sapientes
1312 295 1488 349 eramus)
1515 308 1696 343 maerore
1729 302 1770 335 et

191 384 326 426 dolore
358 379 688 435 conscripsimus3
735 376 913 431 quodque
951 380 1060 415 vetat
1087 371 1331 428 Chrysippus
1364 371 1411 412 ad
1444 376 1626 411 recentes
1659 368 1770 424 quasi

191 467 363 500 tumores
385 454 505 497 animi
527 452 742 495 remedium
768 445 978 500 adbibere,
1022 448 1059 489 id
1088 460 1160 488 uos
1189 446 1375 495 fecimus,
1423 428 1666 498 naturaeque
1690 443 1769 484 vim

192 532 415 581 attulimus,
450 536 492 570 ut
510 525 767 583 magnitudini
796 524 1014 566 medicinae
1038 522 1185 563 doloris
1209 520 1436 575 magnitudo
1459 518 1710 559 concederet.

303 602 450 646 XXX.
485 608 555 645 64.
604 600 685 644 Sed
707 599 965 655 aegritudini,
1012 598 1058 638 de
1081 612 1156 652 qua
1181 595 1278 636 satis
1301 601 1363 635 est
1385 593 1642 648 disputatum,
1686 591 1772 632 fini-

193 683 308 722 timus
334 687 395 721 est
418 685 568 730 metus,
617 678 664 718 de
687 691 762 731 quo
787 689 910 731 pauca
935 672 1098 714 dicenda
1124 678 1230 711 sunt.
1304 667 1380 709 Est
1403 667 1507 709 enim
1532 673 1683 716 metus,
1730 672 1772 706 ut

190 754 395 810 aegritudo
417 752 662 809 praesentis,
711 750 767 791 sic
792 750 856 790 ille
881 748 998 789 futuri
1026 746 1132 788 mali.
1194 743 1331 799 Itaque
1360 741 1535 783 nonnulli
1559 739 1771 795 aegritudi-

190 831 251 871 nis
275 835 426 885 partem
449 828 640 883 quandam
665 832 809 866 metum
836 837 924 865 esse
949 822 1151 871 dicebant3
1185 819 1249 860 alii
1272 825 1399 859 autem
1422 823 1566 857 metum
1592 827 1770 871 praemo-

188 904 342 946 lestiam
375 901 644 958 appellabant,
694 899 795 953 quod
827 904 935 938 esset
972 895 1081 952 quasi
1116 895 1197 935 dux
1230 889 1509 946 consequentis
1546 889 1766 931 molestiae.

191 977 346 1032 Quibus
367 976 487 1031 igitur
508 973 726 1016 rationibus
747 971 931 1012 instantia
959 972 1138 1011 seruntur
1152 1001 1162 1019 ,
1210 967 1357 1008 eisdem
1383 970 1687 1006 contemnuntur
1708 976 1770 1004 se-

191 1052 363 1108 quentia.
424 1048 528 1090 Nam
555 1048 764 1089 videndum
792 1046 911 1086 estin
938 1045 1137 1099 utrisque,
1184 1056 1233 1082 116
1259 1040 1347 1096 quid
1376 1038 1542 1091 humile,
1590 1037 1771 1079 summis-

191 1141 293 1178 sum,
326 1124 458 1175 molle,
493 1123 776 1172 effeminatum,
810 1122 974 1161 fractum
993 1118 1264 1171 abiectumque
1284 1114 1488 1156 faciamus.
1551 1110 1631 1154 Sed
1651 1125 1771 1166 quan-

192 1214 304 1255 quam
331 1200 378 1239 de
406 1199 528 1254 ipsius
555 1204 682 1238 metus
708 1195 972 1236 inconstantia
989 1227 999 1246 ,
1045 1191 1335 1241 imbecillitate,
1383 1188 1541 1229 levitate
1565 1186 1770 1227 dicendum

192 1282 276 1325 est,
321 1281 449 1314 tamen
478 1272 639 1313 multum
663 1271 824 1325 prodest
849 1284 921 1319 ea,
970 1281 1068 1323 quae
1095 1272 1343 1314 metuuntur,
1390 1262 1472 1317 ipsa
1499 1268 1769 1302 contemnere.

193 1347 356 1402 Itaque,
402 1346 487 1387 sive
521 1360 613 1386 casu
648 1344 812 1395 accidit,
860 1344 944 1384 sive
975 1341 1167 1393 consilio,
1213 1337 1488 1395 percommode
1516 1337 1659 1376 factum
1695 1341 1771 1386 est,

194 1423 296 1478 quod
320 1421 377 1462 eis
402 1421 449 1461 (16
477 1420 620 1471 rebus,
655 1432 752 1473 quac
781 1418 951 1458 maxime
978 1422 1229 1465 metuuntur,
1264 1414 1311 1454 (16
1334 1419 1461 1453 morte
1484 1417 1523 1451 et
1547 1410 1594 1451 (16
1619 1409 1771 1459 dolore,

263 1524 344 1567 Etsi]
380 1525 446 1556 Etsi
477 1533 545 1554 non
577 1527 738 1565 sequente
768 1519 908 1564 apodosi
934 1519 966 1551 vi
1003 1519 1041 1551 V.
1061 1518 1112 1558 15,
1134 1515 1196 1550 43:
1224 1527 1323 1559 quum
1343 1511 1700 1555 perturbationesauimi
1713 1511 1774 1543 mi·
1835 1500 1843 1545 ,³

196 1569 383 1613 corrigendi
424 1574 599 1611 usurpatur
636 1578 696 1610 pro
739 1565 965 1610 frequentiore
1001 1563 1120 1596 seriam
1138 1583 1182 1587 —
1204 1561 1364 1599 efficiant,
1385 1552 1573 1603 duplexque
1592 1558 1678 1590 ratio
1702 1567 1774 1598 per-

194 1626 388 1658 quanquam.
423 1614 474 1646 Cf.
498 1615 522 1645 1.
541 1611 596 1649 4¹2,
616 1613 670 1645 99.
697 1614 737 1644 V.
761 1612 810 1650 15,
834 1612 888 1644 5³.
913 1612 963 1650 19,

194 1663 249 1696 55.
263 1662 317 1700 20,
338 1663 391 1694 ὀδ-
408 1667 442 1692 et
456 1670 516 1692 nos
532 1659 565 1691 in
580 1660 619 1690 L.
633 1659 690 1690 Gr.
708 1659 823 1703 §155.
835 1658 916 1690 Not.
931 1654 962 1689 4.

197 1706 318 1752 p.-'t27.
341 1706 433 1739 edxl.

262 1756 297 1785 in
313 1754 417 1785 medio
434 1752 590 1792 maerore]
614 1756 756 1793 propter
774 1748 902 1780 obitum
922 1747 965 1779 fi-

195 1799 270 1831 liae.
319 1798 443 1838 „Diese
472 1797 568 1832 leise.
610 1796 671 1827 mit
704 1795 764 1826 der
795 1793 964 1836 inuigsten

196 1846 322 1878 Trauer
344 1855 398 1875 um
418 1843 471 1875 die
488 1842 632 1886 geliebte
645 1841 794 1874 Tochter
818 1840 965 1871 verbun-

197 1890 282 1922 dene
305 1889 415 1922 ironic
440 1888 516 1920 liess
544 1887 615 1919 sich
640 1886 733 1918 nicht
755 1885 966 1929 unmutliiger

197 1935 414 1974 ausdriicken,
438 1934 485 1966 als
506 1933 610 1965 durch
628 1932 701 1964 eine
720 1931 845 1968 5016116,
871 1938 966 1964 sonst

196 1980 250 2012 bei
264 1981 330 2013 Cic.
353 1979 639 2024 ungewo'hnliche,
666 1977 867 2010 parenthese
886 1976 965 2009 zwi—

198 2026 298 2058 scheu
324 2026 356 2058 d.
380 2025 514 2067 Adjekt.
540 2037 568 2056 u.
590 2024 726 2056 Subst.“
776 2025 864 2064 Wolf.

266 2073 309 2103 ad
340 2076 474 2104 recentes
507 2073 598 2113 quasi
627 2074 762 2102 tumores
792 2070 871 2110 eto]
912 2067 965 2099 Cf.

198 2128 297 2160 supra
316 2118 374 2148 111.
394 2118 435 2150 31
449 2142 458 2157 ,
483 2116 537 2151 76.
584 2115 667 2148 Plin.
692 2126 746 2158 ep.
765 2115 814 2153 V,
836 2114 894 2146 16:
931 2121 967 2145 ut

199 2162 287 2194 enim
320 2161 455 2193 crudum
485 2161 593 2194 adhuc
623 2161 739 2192 vulnus
762 2159 967 2191 medentium

198 2219 314 2240 manus
337 2207 551 2244 reformidat,
576 2206 697 2238 deinde
709 2205 846 2249 „patitur
868 2212 966 2248 atque

199 2253 288 2285 ultro
320 2252 477 2295 requirit3
512 2252 560 2283 sic
591 2264 706 2283 recens
738 2251 838 2283 animi
871 2251 969 2282 dolor

200 2298 444 2331 consolationes
463 2296 571 2329 reiicit
589 2309 627 2329 ac
644 2297 788 2339 refugit.
813 2308 882 2328 11011
904 2296 968 2328 (16-

198 2344 324 2388 siderat
345 2349 379 2375 et
402 2342 581 2374 clementer
609 2342 752 2374 admotis
777 2342 968 2385 acquiescit.

269 2390 347 2421 cip.
363 2389 481 2420 XXX.
505 2385 559 2420 64.
585 2390 734 2420 instantia
751 2390 903 2428 feruntur,
923 2407 967 2412 -—-

198 2438 434 2469 contemnuntur
452 2432 624 2476 sequentia]
658 2434 698 2465 V.
723 2432 766 2464 ad
788 2434 829 2465 11.
849 2431 889 2472 4,
911 2434 965 2472 11.

199 2483 340 2514 medetur
360 2499 405 2504 ——
429 2481 563 2511 timores.

271 2525 494 2558 CARXXXL
514 2523 568 2557 65.
592 2533 672 2564 quae
686 2525 817 2563 pertinet
834 2524 878 2554 ad
897 2525 966 2554 ani-

198 2574 244 2604 mi
262 2571 539 2612 perturbationem]
581 2567 647 2600 Alii
674 2567 792 2599 iniuria
829 2579 845 2598 e
880 2567 965 2598 coni.

200 2616 377 2649 ediderunt
392 2617 658 2657 perturbationes3
682 2624 757 2645 nam
777 2612 867 2656 quod
889 2623 967 2643 ora-

179 2662 181 2664 ’
198 2662 248 2694 tio
266 2674 284 2694 a
298 2661 454 2705 singulari
468 2672 606 2693 numero
622 2658 664 2692 ad
676 2657 837 2702 pluralem
852 2668 969 2700 lomnes

200 2708 267 2750 eas)
290 2707 457 2746 deflectit,
493 2707 528 2738 id
552 2706 638 2738 male
662 2715 722 2736 nos
746 2703 868 2736 habere
899 2714 967 2734 non

198 2760 324 2796 potest.
368 2753 423 2784 Sic
444 2752 546 2784 Acad.
568 2754 592 2784 Ι.
617 2751 679 2790 10,
701 2750 764 2783 ὅδε
802 2759 968 2792 quumque

194 2801 460 2838 perturbationem
479 2797 640 2829 31111111-
662 2807 730 2828 non
750 2794 909 2827 tollerent
922 2813 968 2818 --

199 2855 364 2887 quumque
393 2855 447 2876 eas
465 2844 713 2884 perturbationes
733 2860 776 2866 -—
801 2839 966 2872 naturales

199 2899 270 2920 esse
291 2890 450 2921 dicerent.
498 2889 542 2921 N.
567 2890 608 2920 D.
632 2890 666 2928 Ι,
688 2887 750 2920 ὅδε
783 2886 849 2918 hoc
876 2884 964 2917 idem

199 2932 269 2964 fieri
289 2934 322 2966 in
345 2937 423 2966 deo:
444 2953 490 2959 —
514 2945 554 2966 ex
577 2944 644 2977 quo
668 2944 739 2964 esse
762 2934 844 2964 beati
865 2938 963 2974 atque

198 2982 316 3010 aeterni
326 2981 547 3019 intelligantur.
581 2981 718 3012 Inverso
733 2977 851 3011 ordine
862 2978 961 3010 Tusc.

1000 1611 1185 1642 turbationis
1207 1608 1261 1639 sit.
1300 1607 1372 1638 Fin.
1395 1607 1435 1637 Il.
1460 1603 1521 1644 19,
1546 1603 1610 1638 61:
1628 1641 1630 1643 ,
1647 1601 1774 1647 aliquid

1001 1656 1042 1686 de
1067 1656 1280 1695 voluptatibus
1301 1655 1366 1684 suis
1389 1649 1586 1694 cogitabat?
1620 1661 1694 1681 nam
1718 1648 1773 1680 ubi

1000 1711 1070 1734 eam
1105 1706 1240 1743 caperet
1261 1696 1333 1728 —‘?
1382 1697 1526 1729 Primum
1548 1695 1580 1727 h.
1597 1695 1619 1726 l.
1643 1694 1772 1729 Tullius

1001 1746 1042 1778 de
1074 1745 1228 1777 universa
1253 1742 1355 1775 animi
1379 1741 1629 1785 perturbatione
1656 1739 1771 1784 loqui-

999 1799 1073 1831 tur,
1097 1798 1169 1823 tum
1193 1788 1367 1822 descendit
1391 1787 1435 1819 ad
1458 1786 1526 1819 eius
1550 1798 1682 1829 genera.

1067 1847 1214 1870 caussam
1234 1833 1403 1878 continere]
1428 1834 1468 1866 V.
1489 1831 1532 1864 ad
1552 1832 1610 1864 111.
1629 1829 1685 1871 34,
1707 1830 1769 1864 58:

1001 1883 1090 1927 quod
1116 1894 1184 1914 rem
1211 1880 1370 1914 continet.

1068 1931 1126 1961 Hic
1146 1930 1244 1969 i9ilitr
1267 1925 1368 1969 error]
1404 1923 1541 1956 Brevius
1569 1922 1694 1955 dictum
1718 1928 1771 1955 est

1000 1986 1080 2018 pro:
1118 1985 1217 2018 quum
1247 1974 1343 2014 igitur
1364 1981 1478 2003 omnes
1503 1968 1770 2013 perturbationes

999 2021 1034 2052 in
1057 2027 1172 2052 nostra
1195 2024 1365 2062 potestate
1384 2016 1470 2056 sint,
1503 2017 1553 2048 hic
1576 2022 1680 2055 error,
1705 2024 1770 2057 quo

1000 2066 1153 2098 homines
1168 2065 1240 2097 illas
1261 2062 1427 2096 naturales
1447 2072 1520 2093 esse
1540 2060 1719 2104 opinantur
1736 2066 1771 2091 et

1001 2112 1126 2144 ideirco
1150 2111 1189 2143 iis
1211 2109 1319 2153 abripi
1343 2120 1377 2141 se
1400 2107 1592 2152 patiuntur,
1625 2111 1676 2138 est
1703 2104 1772 2138 eri-

1001 2158 1151 2201 piendus.

1070 2205 1249 2244 eripiendus
1269 2202 1326 2243 est]
1357 2199 1431 2232 Pari
1453 2197 1556 2231 modo
1578 2197 1670 2230 verb.
1693 2199 1771 2238 erip.

1002 2249 1155 2282 absolute
1177 2247 1324 2291 ponitur,
1349 2245 1441 2277 nullo
1463 2244 1622 2276 adiuncto
1643 2242 1769 2281 dativo,

1003 2295 1067 2327 Off.
1088 2295 1112 2326 Ι.
1133 2292 1189 2333 68,
1211 2300 1295 2326 extr.
1315 2290 1370 2325 36.
1399 2290 1448 2323 Ib.
1470 2291 1513 2322 11.
1533 2289 1573 2330 3,
1597 2290 1656 2322 10:
1684 2299 1769 2333 quo-

1000 2353 1073 2374 rum
1098 2352 1190 2372 error
1214 2337 1402 2381 eripiendus
1427 2342 1488 2368 est.

1067 2386 1257 2426 tolerabilia]
1278 2382 1405 2415 Multae
1422 2381 1499 2425 edd.
1511 2387 1593 2413 vett.
1615 2379 1772 2412 exhibent

999 2433 1232 2464 tolerabiliora:
1269 2440 1352 2472 quae
1383 2427 1485 2460 lectio
1509 2427 1580 2459 sine
1605 2426 1706 2458 dubio
1730 2436 1771 2457 ex

1001 2489 1071 2520 seq.
1107 2475 1336 2519 comparativo
1375 2480 1448 2506 orta
1488 2479 1549 2504 est.
1609 2474 1654 2503 At
1686 2470 1770 2502 haec

1001 2522 1162 2564 graduum
1178 2520 1319 2552 mutatio
1333 2527 1366 2551 et
1379 2517 1467 2561 apud
1483 2517 1606 2549 latinos
1627 2523 1660 2548 et
1681 2515 1771 2559 apud

1001 2579 1138 2610 graecos
1168 2567 1348 2609 scriptores
1380 2562 1471 2596 haud
1490 2562 1683 2606 infrequens
1708 2568 1768 2601 est,

1001 2623 1166 2655 saepeque
1201 2612 1235 2643 in
1274 2610 1478 2641 diversarum
1511 2606 1770 2650 comparationis

1003 2657 1184 2689 formarum
1199 2657 1352 2688 iunctura
1371 2665 1490 2696 magna
1508 2653 1668 2696 quaedam
1686 2652 1769 2685 sub—

1001 2702 1106 2734 tilitas
1140 2703 1250 2745 posita
1285 2706 1345 2733 est.
1404 2698 1507 2731 Acad.
1536 2700 1579 2730 Il.
1609 2698 1671 2738 29,
1700 2696 1766 2731 94:

1001 2750 1096 2780 etiam
1121 2758 1142 2779 a
1168 2750 1257 2779 certis
1282 2749 1311 2778 et
1337 2746 1558 2777 illustrioribus
1589 2745 1648 2787 (sc.
1671 2755 1769 2788 quam

1003 2805 1086 2837 quae
1115 2792 1156 2824 ab
1186 2792 1257 2824 aliis
1285 2790 1383 2823 facile
1417 2790 1612 2833 probantur)
1649 2791 1770 2822 cohibes

1000 2848 1173 2871 assensum.
1196 2839 1237 2869 N.
1261 2837 1300 2868 D.
1322 2837 1373 2875 ΙΙ,
1393 2834 1432 2868 6:
1467 2842 1613 2867 mentem
1637 2841 1672 2866 et
1696 2846 1769 2866 eam

1001 2884 1134 2928 quidem
1154 2886 1305 2916 acriorem
1325 2888 1358 2913 et
1374 2883 1528 2914 divinam.
1543 2883 1568 2921 1,
1584 2881 1646 2914 21:
1673 2879 1715 2912 de
1733 2891 1769 2912 re

998 2933 1131 2963 obscura
1143 2936 1242 2973 atque
1258 2929 1458 2969 difficillima.
1481 2928 1522 2960 V.
1535 2938 1596 2959 nos
1608 2925 1642 2958 iu
1657 2926 1716 2958 Gr.
1729 2925 1769 2957 L.
1808 2957 1817 2967 ,

999 2978 1026 3021 §.
1043 2975 1116 3010 157.
1129 2975 1211 3007 Not.
1226 2974 1279 3009 17.
1293 2985 1327 3017 p.
1342 2971 1420 3007 ’436-
1435 2972 1487 3005 ed.
1505 2973 1538 3006 2.
1563 2971 1647 3005 Plat.
1661 2972 1766 3014 Legg.
