<?xml version="1.0" encoding="UTF-8"?>
<!DOCTYPE html PUBLIC "-//W3C//DTD XHTML 1.0 Transitional//EN"
    "http://www.w3.org/TR/xhtml1/DTD/xhtml1-transitional.dtd">
<html xmlns="http://www.w3.org/1999/xhtml" xml:lang="en" lang="en">
 <head>
  <title>
</title>
<meta http-equiv="Content-Type" content="text/html;charset=utf-8" />
  <meta name='ocr-system' content='tesseract 3.04.00' />
  <meta name='ocr-capabilities' content='ocr_page ocr_carea ocr_par ocr_line ocrx_word'/>
</head>
<body>
  <div class='ocr_page' id='page_1' title='image "./tusculanarumdi00ciceuoft_0131.png"; bbox 0 0 1859 3117; ppageno 0'>
   <div class='ocr_carea' id='block_1_1' title="bbox 560 40 1648 91">
    <p class='ocr_par' dir='ltr' id='par_1_1' title="bbox 560 40 1648 91">
     <span class='ocr_line' id='line_1_1' title="bbox 560 40 1648 91; baseline 0 -9"><span class='ocrx_word' id='word_1_1' title='bbox 560 48 728 82; x_wconf 72' lang='grc' dir='ltr'><strong>ΜΒΕΡ.</strong></span> <span class='ocrx_word' id='word_1_2' title='bbox 751 49 779 81; x_wconf 87' lang='lat'><strong>1.</strong></span> <span class='ocrx_word' id='word_1_3' title='bbox 802 46 867 91; x_wconf 84' lang='lat'><strong>47,</strong></span> <span class='ocrx_word' id='word_1_4' title='bbox 894 46 970 82; x_wconf 79' lang='lat'><strong>114.</strong></span> <span class='ocrx_word' id='word_1_5' title='bbox 994 46 1058 89; x_wconf 82' lang='lat'><strong>48,</strong></span> <span class='ocrx_word' id='word_1_6' title='bbox 1087 47 1163 81; x_wconf 79' lang='lat'><strong>115.</strong></span> <span class='ocrx_word' id='word_1_7' title='bbox 1571 40 1648 84; x_wconf 80' lang='lat'><strong>121</strong></span> 
     </span>
    </p>
   </div>
   <div class='ocr_carea' id='block_1_2' title="bbox 22 125 1663 1453">
    <p class='ocr_par' dir='ltr' id='par_1_2' title="bbox 22 125 1662 1289">
     <span class='ocr_line' id='line_1_2' title="bbox 22 125 1654 184; baseline 0 -12"><span class='ocrx_word' id='word_1_8' title='bbox 22 161 26 163; x_wconf 92' lang='lat'>-</span> <span class='ocrx_word' id='word_1_9' title='bbox 70 129 160 172; x_wconf 82' lang='lat' dir='ltr'><strong>bus.</strong></span> <span class='ocrx_word' id='word_1_10' title='bbox 230 127 407 171; x_wconf 87' lang='lat' dir='ltr'><strong>Primum</strong></span> <span class='ocrx_word' id='word_1_11' title='bbox 439 128 591 183; x_wconf 79' lang='lat' dir='ltr'>Argiae</span> <span class='ocrx_word' id='word_1_12' title='bbox 631 129 874 181; x_wconf 89' lang='lat' dir='ltr'><strong>sacerdotis,</strong></span> <span class='ocrx_word' id='word_1_13' title='bbox 920 127 1081 170; x_wconf 83' lang='lat' dir='ltr'><strong>Cleobis</strong></span> <span class='ocrx_word' id='word_1_14' title='bbox 1121 135 1161 169; x_wconf 90' lang='lat' dir='ltr'><strong>et</strong></span> <span class='ocrx_word' id='word_1_15' title='bbox 1195 125 1312 179; x_wconf 84' lang='lat' dir='ltr'>Bito,</span> <span class='ocrx_word' id='word_1_16' title='bbox 1357 127 1453 180; x_wconf 86' lang='lat' dir='ltr'><strong>filii,</strong></span> <span class='ocrx_word' id='word_1_17' title='bbox 1499 131 1654 184; x_wconf 81' lang='lat' dir='ltr'><strong>praedi-</strong></span> 
     </span>
     <span class='ocr_line' id='line_1_3' title="bbox 69 200 1654 256; baseline 0.001 -11"><span class='ocrx_word' id='word_1_18' title='bbox 69 211 232 256; x_wconf 87' lang='lat' dir='ltr'><strong>cantur;</strong></span> <span class='ocrx_word' id='word_1_19' title='bbox 279 212 372 246; x_wconf 90' lang='lat' dir='ltr'><strong>nota</strong></span> <span class='ocrx_word' id='word_1_20' title='bbox 401 203 531 246; x_wconf 86' lang='lat' dir='ltr'><strong>fabula</strong></span> <span class='ocrx_word' id='word_1_21' title='bbox 561 210 638 245; x_wconf 84' lang='lat' dir='ltr'><strong>est.</strong></span> <span class='ocrx_word' id='word_1_22' title='bbox 715 200 847 256; x_wconf 81' lang='lat' dir='ltr'><strong>Quum</strong></span> <span class='ocrx_word' id='word_1_23' title='bbox 881 203 984 244; x_wconf 91' lang='lat' dir='ltr'><strong>enim</strong></span> <span class='ocrx_word' id='word_1_24' title='bbox 1013 203 1117 244; x_wconf 86' lang='lat' dir='ltr'><strong>illam</strong></span> <span class='ocrx_word' id='word_1_25' title='bbox 1159 203 1207 244; x_wconf 86' lang='lat' dir='ltr'><strong>ad</strong></span> <span class='ocrx_word' id='word_1_26' title='bbox 1237 202 1402 243; x_wconf 78' lang='lat' dir='ltr'>solenne</span> <span class='ocrx_word' id='word_1_27' title='bbox 1441 210 1480 244; x_wconf 89' lang='lat' dir='ltr'><strong>et</strong></span> <span class='ocrx_word' id='word_1_28' title='bbox 1509 210 1654 246; x_wconf 86' lang='lat' dir='ltr'><strong>statum</strong></span> 
     </span>
     <span class='ocr_line' id='line_1_4' title="bbox 67 277 1657 333; baseline 0 -13"><span class='ocrx_word' id='word_1_29' title='bbox 67 278 304 320; x_wconf 86' lang='lat' dir='ltr'><strong>sacrificium</strong></span> <span class='ocrx_word' id='word_1_30' title='bbox 327 292 445 320; x_wconf 87' lang='lat' dir='ltr'><strong>curru</strong></span> <span class='ocrx_word' id='word_1_31' title='bbox 461 278 553 319; x_wconf 85' lang='lat' dir='ltr'><strong>vehi</strong></span> <span class='ocrx_word' id='word_1_32' title='bbox 575 278 636 319; x_wconf 92' lang='lat' dir='ltr'><strong>ius</strong></span> <span class='ocrx_word' id='word_1_33' title='bbox 658 284 766 319; x_wconf 89' lang='lat' dir='ltr'><strong>esset</strong></span> <span class='ocrx_word' id='word_1_34' title='bbox 791 277 889 318; x_wconf 79' lang='lat' dir='ltr'><strong>satis</strong></span> <span class='ocrx_word' id='word_1_35' title='bbox 918 277 1035 332; x_wconf 85' lang='lat' dir='ltr'><strong>longe</strong></span> <span class='ocrx_word' id='word_1_36' title='bbox 1061 278 1108 319; x_wconf 86' lang='lat' dir='ltr'><strong>ab</strong></span> <span class='ocrx_word' id='word_1_37' title='bbox 1136 277 1275 333; x_wconf 89' lang='lat' dir='ltr'><strong>oppido</strong></span> <span class='ocrx_word' id='word_1_38' title='bbox 1298 277 1345 318; x_wconf 86' lang='lat' dir='ltr'><strong>ad</strong></span> <span class='ocrx_word' id='word_1_39' title='bbox 1371 278 1502 318; x_wconf 83' lang='lat' dir='ltr'><strong>fanum</strong></span> <span class='ocrx_word' id='word_1_40' title='bbox 1519 310 1530 330; x_wconf 94' lang='lat'><strong>,</strong></span> <span class='ocrx_word' id='word_1_41' title='bbox 1572 293 1657 321; x_wconf 92' lang='lat' dir='ltr'><strong>mo-</strong></span> 
     </span>
     <span class='ocr_line' id='line_1_5' title="bbox 67 351 1655 409; baseline -0.001 -14"><span class='ocrx_word' id='word_1_42' title='bbox 67 360 329 409; x_wconf 86' lang='lat' dir='ltr'><strong>rarenturque</strong></span> <span class='ocrx_word' id='word_1_43' title='bbox 355 353 558 405; x_wconf 67' lang='lat' dir='ltr'><strong>iumenta,</strong></span> <span class='ocrx_word' id='word_1_44' title='bbox 602 360 693 393; x_wconf 90' lang='lat' dir='ltr'><strong>tunc</strong></span> <span class='ocrx_word' id='word_1_45' title='bbox 718 351 884 393; x_wconf 89' lang='lat' dir='ltr'><strong>iuvenes</strong></span> <span class='ocrx_word' id='word_1_46' title='bbox 912 351 967 403; x_wconf 94' lang='lat' dir='ltr'><strong>ii,</strong></span> <span class='ocrx_word' id='word_1_47' title='bbox 1013 366 1110 406; x_wconf 87' lang='lat' dir='ltr'><strong>quos</strong></span> <span class='ocrx_word' id='word_1_48' title='bbox 1134 353 1248 393; x_wconf 87' lang='lat' dir='ltr'><strong>modo</strong></span> <span class='ocrx_word' id='word_1_49' title='bbox 1273 351 1499 404; x_wconf 86' lang='lat' dir='ltr'><strong>nominavi,</strong></span> <span class='ocrx_word' id='word_1_50' title='bbox 1541 361 1655 394; x_wconf 86' lang='lat' dir='ltr'><strong>vesto</strong></span> 
     </span>
     <span class='ocr_line' id='line_1_6' title="bbox 68 425 1655 484; baseline 0 -15"><span class='ocrx_word' id='word_1_51' title='bbox 68 428 222 484; x_wconf 86' lang='lat' dir='ltr'><strong>posita,</strong></span> <span class='ocrx_word' id='word_1_52' title='bbox 256 442 424 484; x_wconf 84' lang='lat' dir='ltr'><strong>corpora</strong></span> <span class='ocrx_word' id='word_1_53' title='bbox 444 427 532 469; x_wconf 92' lang='lat' dir='ltr'><strong>oleo</strong></span> <span class='ocrx_word' id='word_1_54' title='bbox 555 432 852 484; x_wconf 83' lang='lat' dir='ltr'><strong>perunxerunt,</strong></span> <span class='ocrx_word' id='word_1_55' title='bbox 885 426 933 467; x_wconf 88' lang='lat' dir='ltr'><strong>ad</strong></span> <span class='ocrx_word' id='word_1_56' title='bbox 960 426 1092 481; x_wconf 86' lang='lat' dir='ltr'><strong>iugum</strong></span> <span class='ocrx_word' id='word_1_57' title='bbox 1118 433 1391 468; x_wconf 86' lang='lat' dir='ltr'><strong>accesserunt.</strong></span> <span class='ocrx_word' id='word_1_58' title='bbox 1438 425 1500 468; x_wconf 84' lang='lat' dir='ltr'><strong>Ita</strong></span> <span class='ocrx_word' id='word_1_59' title='bbox 1521 441 1655 470; x_wconf 87' lang='lat' dir='ltr'><strong>sacer-</strong></span> 
     </span>
     <span class='ocr_line' id='line_1_7' title="bbox 69 500 1654 557; baseline -0.001 -13"><span class='ocrx_word' id='word_1_60' title='bbox 69 502 140 544; x_wconf 89' lang='lat' dir='ltr'><strong>dos</strong></span> <span class='ocrx_word' id='word_1_61' title='bbox 164 503 328 544; x_wconf 86' lang='lat' dir='ltr'><strong>advecta</strong></span> <span class='ocrx_word' id='word_1_62' title='bbox 358 503 397 544; x_wconf 92' lang='lat' dir='ltr'><strong>in</strong></span> <span class='ocrx_word' id='word_1_63' title='bbox 426 503 556 544; x_wconf 82' lang='lat' dir='ltr'><strong>fanum</strong></span> <span class='ocrx_word' id='word_1_64' title='bbox 574 534 584 553; x_wconf 88' lang='lat'>‚</span> <span class='ocrx_word' id='word_1_65' title='bbox 630 516 747 557; x_wconf 89' lang='lat' dir='ltr'><strong>quum</strong></span> <span class='ocrx_word' id='word_1_66' title='bbox 773 515 914 542; x_wconf 89' lang='lat' dir='ltr'><strong>currus</strong></span> <span class='ocrx_word' id='word_1_67' title='bbox 944 507 1053 541; x_wconf 86' lang='lat' dir='ltr'><strong>esset</strong></span> <span class='ocrx_word' id='word_1_68' title='bbox 1075 500 1213 542; x_wconf 89' lang='lat' dir='ltr'><strong>ductus</strong></span> <span class='ocrx_word' id='word_1_69' title='bbox 1247 515 1270 542; x_wconf 93' lang='lat' dir='ltr'><strong>a</strong></span> <span class='ocrx_word' id='word_1_70' title='bbox 1296 501 1408 552; x_wconf 82' lang='lat' dir='ltr'><strong>filiis,</strong></span> <span class='ocrx_word' id='word_1_71' title='bbox 1453 509 1610 557; x_wconf 85' lang='lat' dir='ltr'><strong>precata</strong></span> <span class='ocrx_word' id='word_1_72' title='bbox 1633 517 1654 543; x_wconf 79' lang='lat' dir='ltr'><strong>a</strong></span> 
     </span>
     <span class='ocr_line' id='line_1_8' title="bbox 69 575 1658 633; baseline 0 -15"><span class='ocrx_word' id='word_1_73' title='bbox 69 576 142 618; x_wconf 84' lang='lat' dir='ltr'><strong>dea</strong></span> <span class='ocrx_word' id='word_1_74' title='bbox 168 577 332 630; x_wconf 89' lang='lat' dir='ltr'><strong>dicitur,</strong></span> <span class='ocrx_word' id='word_1_75' title='bbox 379 585 421 619; x_wconf 89' lang='lat' dir='ltr'><strong>ut</strong></span> <span class='ocrx_word' id='word_1_76' title='bbox 451 577 528 618; x_wconf 88' lang='lat' dir='ltr'><strong>illis</strong></span> <span class='ocrx_word' id='word_1_77' title='bbox 551 577 711 633; x_wconf 85' lang='lat' dir='ltr'><strong>praemii</strong></span> <span class='ocrx_word' id='word_1_78' title='bbox 736 576 848 617; x_wconf 84' lang='lat' dir='ltr'><strong>daret</strong></span> <span class='ocrx_word' id='word_1_79' title='bbox 881 589 951 632; x_wconf 90' lang='lat' dir='ltr'><strong>pro</strong></span> <span class='ocrx_word' id='word_1_80' title='bbox 973 575 1118 630; x_wconf 87' lang='lat' dir='ltr'><strong>pietate</strong></span> <span class='ocrx_word' id='word_1_81' title='bbox 1149 575 1249 629; x_wconf 90' lang='lat' dir='ltr'><strong>quod</strong></span> <span class='ocrx_word' id='word_1_82' title='bbox 1272 575 1487 616; x_wconf 75' lang='lat' dir='ltr'><strong>maximum</strong></span> <span class='ocrx_word' id='word_1_83' title='bbox 1509 576 1658 618; x_wconf 91' lang='lat' dir='ltr'><strong>homini</strong></span> 
     </span>
     <span class='ocr_line' id='line_1_9' title="bbox 71 649 1657 708; baseline 0 -16"><span class='ocrx_word' id='word_1_84' title='bbox 71 651 153 692; x_wconf 88' lang='lat' dir='ltr'><strong>dari</strong></span> <span class='ocrx_word' id='word_1_85' title='bbox 188 659 324 708; x_wconf 86' lang='lat' dir='ltr'><strong>posset</strong></span> <span class='ocrx_word' id='word_1_86' title='bbox 356 667 379 693; x_wconf 86' lang='lat' dir='ltr'><strong>a</strong></span> <span class='ocrx_word' id='word_1_87' title='bbox 405 653 505 704; x_wconf 81' lang='lat' dir='ltr'><strong>deo3</strong></span> <span class='ocrx_word' id='word_1_88' title='bbox 549 659 638 708; x_wconf 87' lang='lat' dir='ltr'><strong>post</strong></span> <span class='ocrx_word' id='word_1_89' title='bbox 665 651 844 707; x_wconf 82' lang='lat' dir='ltr'><strong>epulatos</strong></span> <span class='ocrx_word' id='word_1_90' title='bbox 873 665 959 691; x_wconf 91' lang='lat' dir='ltr'><strong>cum</strong></span> <span class='ocrx_word' id='word_1_91' title='bbox 988 656 1114 691; x_wconf 86' lang='lat' dir='ltr'><strong>matre</strong></span> <span class='ocrx_word' id='word_1_92' title='bbox 1143 649 1417 690; x_wconf 78' lang='lat' dir='ltr'><strong>adolescentes</strong></span> <span class='ocrx_word' id='word_1_93' title='bbox 1449 664 1588 692; x_wconf 92' lang='lat' dir='ltr'><strong>somno</strong></span> <span class='ocrx_word' id='word_1_94' title='bbox 1613 665 1657 692; x_wconf 91' lang='lat' dir='ltr'><strong>se</strong></span> 
     </span>
     <span class='ocr_line' id='line_1_10' title="bbox 71 723 1659 779; baseline 0 -12"><span class='ocrx_word' id='word_1_95' title='bbox 71 725 250 779; x_wconf 84' lang='lat' dir='ltr'><strong>dedisse,</strong></span> <span class='ocrx_word' id='word_1_96' title='bbox 283 741 397 768; x_wconf 85' lang='lat' dir='ltr'><strong>mane</strong></span> <span class='ocrx_word' id='word_1_97' title='bbox 423 726 609 768; x_wconf 83' lang='lat' dir='ltr'><strong>inventos</strong></span> <span class='ocrx_word' id='word_1_98' title='bbox 639 739 730 767; x_wconf 91' lang='lat' dir='ltr'><strong>esse</strong></span> <span class='ocrx_word' id='word_1_99' title='bbox 756 732 950 766; x_wconf 89' lang='lat' dir='ltr'><strong>mortuos.</strong></span> <span class='ocrx_word' id='word_1_100' title='bbox 1015 729 1113 766; x_wconf 82' lang='lat'><strong>114.</strong></span> <span class='ocrx_word' id='word_1_101' title='bbox 1148 723 1274 765; x_wconf 85' lang='lat' dir='ltr'>Simili</span> <span class='ocrx_word' id='word_1_102' title='bbox 1303 724 1530 779; x_wconf 77' lang='lat' dir='ltr'><strong>precatione</strong></span> <span class='ocrx_word' id='word_1_103' title='bbox 1554 724 1659 767; x_wconf 92' lang='lat' dir='ltr'><strong>Tro-</strong></span> 
     </span>
     <span class='ocr_line' id='line_1_11' title="bbox 69 798 1658 856; baseline 0 -16"><span class='ocrx_word' id='word_1_104' title='bbox 69 800 236 856; x_wconf 88' lang='lat' dir='ltr'><strong>phonius</strong></span> <span class='ocrx_word' id='word_1_105' title='bbox 261 807 301 841; x_wconf 85' lang='lat' dir='ltr'><strong>et</strong></span> <span class='ocrx_word' id='word_1_106' title='bbox 319 800 546 856; x_wconf 83' lang='lat' dir='ltr'><strong>Agamedes</strong></span> <span class='ocrx_word' id='word_1_107' title='bbox 570 801 631 841; x_wconf 89' lang='lat' dir='ltr'><strong>usi</strong></span> <span class='ocrx_word' id='word_1_108' title='bbox 653 800 863 841; x_wconf 85' lang='lat' dir='ltr'><strong>dicuntur:</strong></span> <span class='ocrx_word' id='word_1_109' title='bbox 907 800 996 855; x_wconf 91' lang='lat' dir='ltr'><strong>qui,</strong></span> <span class='ocrx_word' id='word_1_110' title='bbox 1038 814 1153 855; x_wconf 91' lang='lat' dir='ltr'><strong>quum</strong></span> <span class='ocrx_word' id='word_1_111' title='bbox 1177 799 1355 855; x_wconf 85' lang='lat' dir='ltr'><strong>Apollini</strong></span> <span class='ocrx_word' id='word_1_112' title='bbox 1372 798 1535 855; x_wconf 84' lang='lat' dir='ltr'><strong>Delphis</strong></span> <span class='ocrx_word' id='word_1_113' title='bbox 1562 807 1658 841; x_wconf 85' lang='lat' dir='ltr'><strong>tem-</strong></span> 
     </span>
     <span class='ocr_line' id='line_1_12' title="bbox 69 874 1660 931; baseline 0 -15"><span class='ocrx_word' id='word_1_114' title='bbox 69 875 175 931; x_wconf 94' lang='lat' dir='ltr'><strong>plum</strong></span> <span class='ocrx_word' id='word_1_115' title='bbox 199 875 595 926; x_wconf 82' lang='lat' dir='ltr'><strong>exaedificavissent,</strong></span> <span class='ocrx_word' id='word_1_116' title='bbox 641 882 882 916; x_wconf 84' lang='lat' dir='ltr'><strong>venerantes</strong></span> <span class='ocrx_word' id='word_1_117' title='bbox 915 875 1029 916; x_wconf 89' lang='lat' dir='ltr'><strong>deum</strong></span> <span class='ocrx_word' id='word_1_118' title='bbox 1064 875 1289 930; x_wconf 75' lang='lat' dir='ltr'><strong>petiverunt</strong></span> <span class='ocrx_word' id='word_1_119' title='bbox 1325 874 1547 915; x_wconf 85' lang='lat' dir='ltr'><strong>mercedem</strong></span> <span class='ocrx_word' id='word_1_120' title='bbox 1580 890 1660 916; x_wconf 92' lang='lat' dir='ltr'><strong>non</strong></span> 
     </span>
     <span class='ocr_line' id='line_1_13' title="bbox 69 949 1660 1006; baseline -0.001 -15"><span class='ocrx_word' id='word_1_121' title='bbox 69 963 233 1005; x_wconf 79' lang='lat' dir='ltr'><strong>parvam</strong></span> <span class='ocrx_word' id='word_1_122' title='bbox 255 950 410 1005; x_wconf 89' lang='lat' dir='ltr'><strong>quidem</strong></span> <span class='ocrx_word' id='word_1_123' title='bbox 431 950 562 1006; x_wconf 87' lang='lat' dir='ltr'><strong>operis</strong></span> <span class='ocrx_word' id='word_1_124' title='bbox 585 957 625 991; x_wconf 88' lang='lat' dir='ltr'><strong>et</strong></span> <span class='ocrx_word' id='word_1_125' title='bbox 647 950 793 991; x_wconf 86' lang='lat' dir='ltr'><strong>laboris</strong></span> <span class='ocrx_word' id='word_1_126' title='bbox 817 949 877 990; x_wconf 89' lang='lat' dir='ltr'><strong>sui</strong></span> <span class='ocrx_word' id='word_1_127' title='bbox 896 981 906 1000; x_wconf 97' lang='lat'><strong>,</strong></span> <span class='ocrx_word' id='word_1_128' title='bbox 940 949 1037 990; x_wconf 92' lang='lat' dir='ltr'><strong>nihil</strong></span> <span class='ocrx_word' id='word_1_129' title='bbox 1059 949 1183 1000; x_wconf 86' lang='lat' dir='ltr'><strong>certi,</strong></span> <span class='ocrx_word' id='word_1_130' title='bbox 1218 949 1285 990; x_wconf 91' lang='lat' dir='ltr'><strong>sed</strong></span> <span class='ocrx_word' id='word_1_131' title='bbox 1307 950 1410 1004; x_wconf 90' lang='lat' dir='ltr'><strong>quod</strong></span> <span class='ocrx_word' id='word_1_132' title='bbox 1429 956 1537 990; x_wconf 91' lang='lat' dir='ltr'><strong>esset</strong></span> <span class='ocrx_word' id='word_1_133' title='bbox 1560 950 1660 1004; x_wconf 90' lang='lat' dir='ltr'><strong>opti-</strong></span> 
     </span>
     <span class='ocr_line' id='line_1_14' title="bbox 71 1022 1662 1080; baseline 0 -15"><span class='ocrx_word' id='word_1_134' title='bbox 71 1039 178 1065; x_wconf 93' lang='lat' dir='ltr'><strong>mum</strong></span> <span class='ocrx_word' id='word_1_135' title='bbox 205 1024 368 1066; x_wconf 91' lang='lat' dir='ltr'><strong>homini.</strong></span> <span class='ocrx_word' id='word_1_136' title='bbox 432 1022 585 1078; x_wconf 81' lang='lat' dir='ltr'><strong>Quibus</strong></span> <span class='ocrx_word' id='word_1_137' title='bbox 618 1023 763 1080; x_wconf 88' lang='lat' dir='ltr'><strong>Apollo</strong></span> <span class='ocrx_word' id='word_1_138' title='bbox 797 1038 840 1065; x_wconf 92' lang='lat' dir='ltr'><strong>se</strong></span> <span class='ocrx_word' id='word_1_139' title='bbox 871 1024 910 1064; x_wconf 92' lang='lat' dir='ltr'><strong>id</strong></span> <span class='ocrx_word' id='word_1_140' title='bbox 942 1024 1121 1064; x_wconf 83' lang='lat' dir='ltr'><strong>daturum</strong></span> <span class='ocrx_word' id='word_1_141' title='bbox 1154 1023 1327 1064; x_wconf 85' lang='lat' dir='ltr'><strong>ostendit</strong></span> <span class='ocrx_word' id='word_1_142' title='bbox 1352 1030 1440 1078; x_wconf 89' lang='lat' dir='ltr'><strong>post</strong></span> <span class='ocrx_word' id='word_1_143' title='bbox 1471 1023 1556 1064; x_wconf 90' lang='lat' dir='ltr'><strong>eius</strong></span> <span class='ocrx_word' id='word_1_144' title='bbox 1584 1024 1662 1065; x_wconf 88' lang='lat' dir='ltr'><strong>diei</strong></span> 
     </span>
     <span class='ocr_line' id='line_1_15' title="bbox 73 1096 1662 1154; baseline 0 -15"><span class='ocrx_word' id='word_1_145' title='bbox 73 1098 175 1140; x_wconf 87' lang='lat' dir='ltr'><strong>diem</strong></span> <span class='ocrx_word' id='word_1_146' title='bbox 202 1099 386 1141; x_wconf 83' lang='lat' dir='ltr'><strong>tertium:</strong></span> <span class='ocrx_word' id='word_1_147' title='bbox 430 1099 495 1154; x_wconf 89' lang='lat' dir='ltr'><strong>qui</strong></span> <span class='ocrx_word' id='word_1_148' title='bbox 519 1106 560 1140; x_wconf 85' lang='lat' dir='ltr'><strong>ut</strong></span> <span class='ocrx_word' id='word_1_149' title='bbox 582 1099 737 1149; x_wconf 84' lang='lat' dir='ltr'><strong>illuxit,</strong></span> <span class='ocrx_word' id='word_1_150' title='bbox 772 1098 915 1139; x_wconf 88' lang='lat' dir='ltr'><strong>mortui</strong></span> <span class='ocrx_word' id='word_1_151' title='bbox 938 1105 1031 1138; x_wconf 86' lang='lat' dir='ltr'><strong>sunt</strong></span> <span class='ocrx_word' id='word_1_152' title='bbox 1053 1098 1216 1153; x_wconf 87' lang='lat' dir='ltr'><strong>reperti.</strong></span> <span class='ocrx_word' id='word_1_153' title='bbox 1276 1096 1522 1139; x_wconf 81' lang='lat' dir='ltr'><strong>Iudicavisse</strong></span> <span class='ocrx_word' id='word_1_154' title='bbox 1546 1098 1662 1139; x_wconf 81' lang='lat' dir='ltr'><strong>deum</strong></span> 
     </span>
     <span class='ocr_line' id='line_1_16' title="bbox 72 1172 1662 1229; baseline 0 -15"><span class='ocrx_word' id='word_1_155' title='bbox 72 1173 229 1225; x_wconf 88' lang='lat' dir='ltr'><strong>dicunt,</strong></span> <span class='ocrx_word' id='word_1_156' title='bbox 264 1180 414 1215; x_wconf 84' lang='lat' dir='ltr'><strong>etcum</strong></span> <span class='ocrx_word' id='word_1_157' title='bbox 443 1173 598 1228; x_wconf 88' lang='lat' dir='ltr'><strong>quidem</strong></span> <span class='ocrx_word' id='word_1_158' title='bbox 628 1173 767 1224; x_wconf 88' lang='lat' dir='ltr'><strong>deum,</strong></span> <span class='ocrx_word' id='word_1_159' title='bbox 803 1172 864 1213; x_wconf 90' lang='lat' dir='ltr'><strong>cui</strong></span> <span class='ocrx_word' id='word_1_160' title='bbox 888 1173 1030 1228; x_wconf 86' lang='lat' dir='ltr'><strong>reliqui</strong></span> <span class='ocrx_word' id='word_1_161' title='bbox 1054 1173 1104 1213; x_wconf 91' lang='lat' dir='ltr'><strong>dii</strong></span> <span class='ocrx_word' id='word_1_162' title='bbox 1132 1172 1453 1224; x_wconf 78' lang='lat' dir='ltr'><strong>concessissent,</strong></span> <span class='ocrx_word' id='word_1_163' title='bbox 1486 1179 1529 1213; x_wconf 93' lang='lat' dir='ltr'><strong>ut</strong></span> <span class='ocrx_word' id='word_1_164' title='bbox 1547 1187 1662 1229; x_wconf 82' lang='lat' dir='ltr'><strong>prae-</strong></span> 
     </span>
     <span class='ocr_line' id='line_1_17' title="bbox 70 1243 560 1289; baseline 0 -1"><span class='ocrx_word' id='word_1_165' title='bbox 70 1253 134 1288; x_wconf 83' lang='lat' dir='ltr'><strong>ter</strong></span> <span class='ocrx_word' id='word_1_166' title='bbox 163 1254 319 1289; x_wconf 87' lang='lat' dir='ltr'><strong>ceteros</strong></span> <span class='ocrx_word' id='word_1_167' title='bbox 350 1243 560 1288; x_wconf 85' lang='lat' dir='ltr'><strong>divinaret.</strong></span> 
     </span>
    </p>

    <p class='ocr_par' dir='ltr' id='par_1_3' title="bbox 73 1319 1663 1453">
     <span class='ocr_line' id='line_1_18' title="bbox 181 1319 1662 1376; baseline -0.001 -13"><span class='ocrx_word' id='word_1_168' title='bbox 181 1319 386 1364; x_wconf 93' lang='lat' dir='ltr'><strong>XLVIII.</strong></span> <span class='ocrx_word' id='word_1_169' title='bbox 421 1321 602 1363; x_wconf 87' lang='lat' dir='ltr'><strong>Affertur</strong></span> <span class='ocrx_word' id='word_1_170' title='bbox 621 1322 737 1363; x_wconf 86' lang='lat' dir='ltr'><strong>etiam</strong></span> <span class='ocrx_word' id='word_1_171' title='bbox 763 1323 809 1363; x_wconf 89' lang='lat' dir='ltr'><strong>de</strong></span> <span class='ocrx_word' id='word_1_172' title='bbox 837 1320 974 1364; x_wconf 91' lang='lat' dir='ltr'><strong>Sileno</strong></span> <span class='ocrx_word' id='word_1_173' title='bbox 1003 1322 1145 1363; x_wconf 82' lang='lat' dir='ltr'><strong>fabella</strong></span> <span class='ocrx_word' id='word_1_174' title='bbox 1168 1321 1382 1376; x_wconf 80' lang='lat' dir='ltr'><strong>quaedam,</strong></span> <span class='ocrx_word' id='word_1_175' title='bbox 1417 1321 1509 1375; x_wconf 90' lang='lat' dir='ltr'><strong>qui,</strong></span> <span class='ocrx_word' id='word_1_176' title='bbox 1544 1336 1662 1376; x_wconf 86' lang='lat' dir='ltr'><strong>quum</strong></span> 
     </span>
     <span class='ocr_line' id='line_1_19' title="bbox 73 1394 1663 1453; baseline -0.001 -16"><span class='ocrx_word' id='word_1_177' title='bbox 73 1410 96 1438; x_wconf 90' lang='lat' dir='ltr'><strong>a</strong></span> <span class='ocrx_word' id='word_1_178' title='bbox 113 1394 225 1438; x_wconf 85' lang='lat' dir='ltr'><strong>Mida</strong></span> <span class='ocrx_word' id='word_1_179' title='bbox 247 1404 384 1452; x_wconf 86' lang='lat' dir='ltr'><strong>captus</strong></span> <span class='ocrx_word' id='word_1_180' title='bbox 406 1404 535 1448; x_wconf 87' lang='lat' dir='ltr'><strong>esset,</strong></span> <span class='ocrx_word' id='word_1_181' title='bbox 576 1397 650 1438; x_wconf 94' lang='lat' dir='ltr'><strong>hoc</strong></span> <span class='ocrx_word' id='word_1_182' title='bbox 674 1397 709 1438; x_wconf 84' lang='lat' dir='ltr'><strong>ei</strong></span> <span class='ocrx_word' id='word_1_183' title='bbox 731 1398 906 1439; x_wconf 89' lang='lat' dir='ltr'><strong>muneris</strong></span> <span class='ocrx_word' id='word_1_184' title='bbox 933 1411 1001 1453; x_wconf 90' lang='lat' dir='ltr'><strong>pro</strong></span> <span class='ocrx_word' id='word_1_185' title='bbox 1032 1411 1102 1438; x_wconf 82' lang='lat' dir='ltr'><strong>sua</strong></span> <span class='ocrx_word' id='word_1_186' title='bbox 1130 1396 1320 1437; x_wconf 83' lang='lat' dir='ltr'><strong>missione</strong></span> <span class='ocrx_word' id='word_1_187' title='bbox 1343 1396 1499 1436; x_wconf 89' lang='lat' dir='ltr'><strong>dedisse</strong></span> <span class='ocrx_word' id='word_1_188' title='bbox 1524 1396 1663 1437; x_wconf 89' lang='lat' dir='ltr'><strong>scribi-</strong></span> 
     </span>
    </p>
   </div>
   <div class='ocr_carea' id='block_1_3' title="bbox 71 1470 1664 1528">
    <p class='ocr_par' dir='ltr' id='par_1_4' title="bbox 71 1470 1664 1528">
     <span class='ocr_line' id='line_1_20' title="bbox 71 1470 1664 1528; baseline -0.001 -17"><span class='ocrx_word' id='word_1_189' title='bbox 71 1477 160 1512; x_wconf 73' lang='lat' dir='ltr'><strong>tur:</strong></span> <span class='ocrx_word' id='word_1_190' title='bbox 195 1471 376 1512; x_wconf 91' lang='lat' dir='ltr'><strong>docuisse</strong></span> <span class='ocrx_word' id='word_1_191' title='bbox 402 1485 562 1526; x_wconf 86' lang='lat' dir='ltr'><strong>regem,</strong></span> <span class='ocrx_word' id='word_1_192' title='bbox 605 1486 684 1512; x_wconf 85' lang='lat' dir='ltr'><strong>non</strong></span> <span class='ocrx_word' id='word_1_193' title='bbox 710 1472 821 1513; x_wconf 84' lang='lat' dir='ltr'><strong>nasci</strong></span> <span class='ocrx_word' id='word_1_194' title='bbox 842 1473 989 1513; x_wconf 88' lang='lat' dir='ltr'><strong>homini</strong></span> <span class='ocrx_word' id='word_1_195' title='bbox 1012 1473 1130 1527; x_wconf 86' lang='lat' dir='ltr'><strong>longe</strong></span> <span class='ocrx_word' id='word_1_196' title='bbox 1156 1472 1341 1528; x_wconf 88' lang='lat' dir='ltr'><strong>optimum</strong></span> <span class='ocrx_word' id='word_1_197' title='bbox 1368 1484 1484 1521; x_wconf 83' lang='lat' dir='ltr'><strong>esse3</strong></span> <span class='ocrx_word' id='word_1_198' title='bbox 1526 1470 1664 1526; x_wconf 79' lang='lat' dir='ltr'><strong>proxi-</strong></span> 
     </span>
    </p>
   </div>
   <div class='ocr_carea' id='block_1_4' title="bbox 71 1546 833 1677">
    <p class='ocr_par' dir='ltr' id='par_1_5' title="bbox 71 1546 833 1677">
     <span class='ocr_line' id='line_1_21' title="bbox 73 1546 833 1602; baseline 0.001 -15"><span class='ocrx_word' id='word_1_199' title='bbox 73 1560 178 1587; x_wconf 90' lang='lat' dir='ltr'><strong>mum</strong></span> <span class='ocrx_word' id='word_1_200' title='bbox 208 1553 338 1587; x_wconf 82' lang='lat' dir='ltr'><strong>autem</strong></span> <span class='ocrx_word' id='word_1_201' title='bbox 370 1561 485 1601; x_wconf 84' lang='lat' dir='ltr'><strong>quam</strong></span> <span class='ocrx_word' id='word_1_202' title='bbox 518 1546 684 1602; x_wconf 88' lang='lat' dir='ltr'><strong>primum</strong></span> <span class='ocrx_word' id='word_1_203' title='bbox 718 1547 833 1588; x_wconf 88' lang='lat' dir='ltr'><strong>mori.</strong></span> 
     </span>
     <span class='ocr_line' id='line_1_22' title="bbox 71 1620 626 1677; baseline 0 -15"><span class='ocrx_word' id='word_1_204' title='bbox 71 1620 238 1677; x_wconf 88' lang='lat' dir='ltr'><strong>sphonte</strong></span> <span class='ocrx_word' id='word_1_205' title='bbox 266 1635 362 1662; x_wconf 91' lang='lat' dir='ltr'><strong>usus</strong></span> <span class='ocrx_word' id='word_1_206' title='bbox 390 1620 626 1677; x_wconf 87' lang='lat' dir='ltr'><strong>Euripides:</strong></span> 
     </span>
    </p>
   </div>
   <div class='ocr_carea' id='block_1_5' title="bbox 32 1729 857 2946">
    <p class='ocr_par' dir='ltr' id='par_1_6' title="bbox 70 1729 847 2046">
     <span class='ocr_line' id='line_1_23' title="bbox 70 1729 845 1773; baseline 0.001 -11"><span class='ocrx_word' id='word_1_207' title='bbox 70 1731 248 1770; x_wconf 78' lang='lat' dir='ltr'><strong>Endymion</strong></span> <span class='ocrx_word' id='word_1_208' title='bbox 264 1729 296 1761; x_wconf 92' lang='lat' dir='ltr'><strong>in</strong></span> <span class='ocrx_word' id='word_1_209' title='bbox 317 1729 468 1762; x_wconf 89' lang='lat' dir='ltr'><strong>omnibus</strong></span> <span class='ocrx_word' id='word_1_210' title='bbox 483 1729 576 1762; x_wconf 89' lang='lat' dir='ltr'><strong>libris</strong></span> <span class='ocrx_word' id='word_1_211' title='bbox 591 1729 731 1773; x_wconf 78' lang='lat' dir='ltr'><strong>legitur3</strong></span> <span class='ocrx_word' id='word_1_212' title='bbox 759 1742 845 1763; x_wconf 87' lang='lat' dir='ltr'><strong>con—</strong></span> 
     </span>
     <span class='ocr_line' id='line_1_24' title="bbox 70 1775 844 1816; baseline 0.001 -9"><span class='ocrx_word' id='word_1_213' title='bbox 70 1781 123 1807; x_wconf 85' lang='lat' dir='ltr'><strong>tra</strong></span> <span class='ocrx_word' id='word_1_214' title='bbox 149 1777 290 1816; x_wconf 80' lang='lat' dir='ltr'><strong>Callipho</strong></span> <span class='ocrx_word' id='word_1_215' title='bbox 310 1776 351 1807; x_wconf 90' lang='lat' dir='ltr'><strong>V.</strong></span> <span class='ocrx_word' id='word_1_216' title='bbox 365 1776 428 1816; x_wconf 76' lang='lat'><strong>30,</strong></span> <span class='ocrx_word' id='word_1_217' title='bbox 453 1776 507 1809; x_wconf 68' lang='grc'><strong>85.</strong></span> <span class='ocrx_word' id='word_1_218' title='bbox 534 1775 615 1808; x_wconf 87' lang='lat' dir='ltr'><strong>item</strong></span> <span class='ocrx_word' id='word_1_219' title='bbox 635 1777 668 1808; x_wconf 89' lang='lat' dir='ltr'><strong>in</strong></span> <span class='ocrx_word' id='word_1_220' title='bbox 692 1777 844 1809; x_wconf 86' lang='lat' dir='ltr'><strong>omuibus</strong></span> 
     </span>
     <span class='ocr_line' id='line_1_25' title="bbox 71 1820 844 1861; baseline 0 -8"><span class='ocrx_word' id='word_1_221' title='bbox 71 1820 174 1854; x_wconf 84' lang='lat' dir='ltr'><strong>libris.</strong></span> <span class='ocrx_word' id='word_1_222' title='bbox 214 1821 266 1853; x_wconf 78' lang='lat' dir='ltr'><strong>Cf.</strong></span> <span class='ocrx_word' id='word_1_223' title='bbox 287 1820 359 1853; x_wconf 90' lang='lat' dir='ltr'><strong>Fin.</strong></span> <span class='ocrx_word' id='word_1_224' title='bbox 380 1822 422 1853; x_wconf 86' lang='lat' dir='ltr'><strong>Il.</strong></span> <span class='ocrx_word' id='word_1_225' title='bbox 443 1821 476 1861; x_wconf 84' lang='lat'><strong>6,</strong></span> <span class='ocrx_word' id='word_1_226' title='bbox 499 1820 551 1854; x_wconf 84' lang='lat'><strong>19.</strong></span> <span class='ocrx_word' id='word_1_227' title='bbox 577 1822 650 1854; x_wconf 90' lang='lat' dir='ltr'><strong>Fin.</strong></span> <span class='ocrx_word' id='word_1_228' title='bbox 666 1823 720 1854; x_wconf 87' lang='lat' dir='ltr'><strong>IV.</strong></span> <span class='ocrx_word' id='word_1_229' title='bbox 744 1823 773 1857; x_wconf 60' lang='lat' dir='ltr'><strong>G.</strong></span> <span class='ocrx_word' id='word_1_230' title='bbox 789 1824 844 1854; x_wconf 74' lang='lat'><strong>50.</strong></span> 
     </span>
     <span class='ocr_line' id='line_1_26' title="bbox 70 1861 847 1912; baseline -0.001 -12"><span class='ocrx_word' id='word_1_231' title='bbox 70 1867 112 1900; x_wconf 88' lang='lat' dir='ltr'><strong>V.</strong></span> <span class='ocrx_word' id='word_1_232' title='bbox 133 1868 161 1911; x_wconf 88' lang='lat'><strong>§.</strong></span> <span class='ocrx_word' id='word_1_233' title='bbox 175 1866 229 1900; x_wconf 83' lang='lat'><strong>73.</strong></span> <span class='ocrx_word' id='word_1_234' title='bbox 252 1866 411 1899; x_wconf 82' lang='lat' dir='ltr'><strong>Acad.11.</strong></span> <span class='ocrx_word' id='word_1_235' title='bbox 435 1869 464 1912; x_wconf 86' lang='lat'><strong>§.</strong></span> <span class='ocrx_word' id='word_1_236' title='bbox 480 1866 554 1900; x_wconf 81' lang='grc'><strong>131.</strong></span> <span class='ocrx_word' id='word_1_237' title='bbox 602 1861 759 1899; x_wconf 74' lang='lat' dir='ltr'><strong>Fortasse</strong></span> <span class='ocrx_word' id='word_1_238' title='bbox 780 1868 847 1899; x_wconf 87' lang='lat' dir='ltr'><strong>hoc</strong></span> 
     </span>
     <span class='ocr_line' id='line_1_27' title="bbox 71 1911 844 1956; baseline 0 -12"><span class='ocrx_word' id='word_1_239' title='bbox 71 1923 192 1944; x_wconf 90' lang='lat' dir='ltr'><strong>nomen</strong></span> <span class='ocrx_word' id='word_1_240' title='bbox 214 1911 381 1956; x_wconf 87' lang='lat' dir='ltr'><strong>duplicem</strong></span> <span class='ocrx_word' id='word_1_241' title='bbox 402 1913 548 1944; x_wconf 78' lang='lat' dir='ltr'><strong>habebat</strong></span> <span class='ocrx_word' id='word_1_242' title='bbox 569 1912 844 1944; x_wconf 77' lang='lat' dir='ltr'><strong>declinationem:</strong></span> 
     </span>
     <span class='ocr_line' id='line_1_28' title="bbox 75 1959 847 1998; baseline 0 -9"><span class='ocrx_word' id='word_1_243' title='bbox 75 1959 239 1998; x_wconf 82' lang='lat' dir='ltr'><strong>calliphon</strong></span> <span class='ocrx_word' id='word_1_244' title='bbox 252 1982 263 1998; x_wconf 86' lang='lat'><strong>,</strong></span> <span class='ocrx_word' id='word_1_245' title='bbox 299 1960 379 1990; x_wconf 81' lang='lat' dir='ltr'><strong>ontis</strong></span> <span class='ocrx_word' id='word_1_246' title='bbox 413 1965 448 1990; x_wconf 83' lang='lat' dir='ltr'><strong>et</strong></span> <span class='ocrx_word' id='word_1_247' title='bbox 483 1960 644 1998; x_wconf 76' lang='lat' dir='ltr'><strong>Callipho,</strong></span> <span class='ocrx_word' id='word_1_248' title='bbox 682 1961 758 1990; x_wconf 68' lang='grc' dir='ltr'><strong>οηῐε.</strong></span> <span class='ocrx_word' id='word_1_249' title='bbox 806 1959 847 1989; x_wconf 88' lang='lat' dir='ltr'><strong>V.</strong></span> 
     </span>
     <span class='ocr_line' id='line_1_29' title="bbox 72 2002 822 2046; baseline 0.001 -11"><span class='ocrx_word' id='word_1_250' title='bbox 72 2005 211 2036; x_wconf 65' lang='lat' dir='ltr'><strong>Kizliner.</strong></span> <span class='ocrx_word' id='word_1_251' title='bbox 231 2004 272 2034; x_wconf 91' lang='lat' dir='ltr'><strong>L.</strong></span> <span class='ocrx_word' id='word_1_252' title='bbox 290 2004 348 2035; x_wconf 85' lang='lat' dir='ltr'><strong>Gr.</strong></span> <span class='ocrx_word' id='word_1_253' title='bbox 371 2005 398 2046; x_wconf 73' lang='grc' dir='ltr'><strong>ξ).</strong></span> <span class='ocrx_word' id='word_1_254' title='bbox 413 2004 467 2035; x_wconf 83' lang='lat'><strong>21.</strong></span> <span class='ocrx_word' id='word_1_255' title='bbox 483 2004 514 2044; x_wconf 77' lang='lat' dir='ltr'><strong>a)</strong></span> <span class='ocrx_word' id='word_1_256' title='bbox 540 2015 573 2045; x_wconf 93' lang='lat' dir='ltr'><strong>p.</strong></span> <span class='ocrx_word' id='word_1_257' title='bbox 589 2002 633 2035; x_wconf 78' lang='lat'><strong>33</strong></span> <span class='ocrx_word' id='word_1_258' title='bbox 649 2014 698 2045; x_wconf 81' lang='lat' dir='ltr'><strong>sq.</strong></span> <span class='ocrx_word' id='word_1_259' title='bbox 722 2002 774 2034; x_wconf 88' lang='lat' dir='ltr'><strong>ed.</strong></span> <span class='ocrx_word' id='word_1_260' title='bbox 790 2003 822 2036; x_wconf 75' lang='lat'><strong>2.</strong></span> 
     </span>
    </p>

    <p class='ocr_par' dir='ltr' id='par_1_7' title="bbox 73 2047 848 2410">
     <span class='ocr_line' id='line_1_30' title="bbox 139 2047 847 2090; baseline 0.001 -11"><span class='ocrx_word' id='word_1_261' title='bbox 139 2052 256 2080; x_wconf 78' lang='lat' dir='ltr'><strong>statum</strong></span> <span class='ocrx_word' id='word_1_262' title='bbox 278 2049 484 2090; x_wconf 81' lang='lat' dir='ltr'><strong>sacrificium]</strong></span> <span class='ocrx_word' id='word_1_263' title='bbox 511 2047 646 2079; x_wconf 87' lang='lat' dir='ltr'><strong>Plurimi</strong></span> <span class='ocrx_word' id='word_1_264' title='bbox 671 2055 704 2080; x_wconf 86' lang='lat' dir='ltr'><strong>et</strong></span> <span class='ocrx_word' id='word_1_265' title='bbox 726 2048 847 2080; x_wconf 90' lang='lat' dir='ltr'><strong>melio—</strong></span> 
     </span>
     <span class='ocr_line' id='line_1_31' title="bbox 73 2092 846 2136; baseline 0 -10"><span class='ocrx_word' id='word_1_266' title='bbox 73 2104 126 2126; x_wconf 86' lang='lat' dir='ltr'><strong>res</strong></span> <span class='ocrx_word' id='word_1_267' title='bbox 149 2092 247 2124; x_wconf 88' lang='lat' dir='ltr'><strong>codd.</strong></span> <span class='ocrx_word' id='word_1_268' title='bbox 272 2093 396 2124; x_wconf 80' lang='lat' dir='ltr'><strong>habent</strong></span> <span class='ocrx_word' id='word_1_269' title='bbox 424 2096 595 2134; x_wconf 74' lang='lat' dir='ltr'><strong>statutum‚·</strong></span> <span class='ocrx_word' id='word_1_270' title='bbox 630 2100 665 2125; x_wconf 84' lang='lat' dir='ltr'><strong>at</strong></span> <span class='ocrx_word' id='word_1_271' title='bbox 693 2105 792 2136; x_wconf 68' lang='lat' dir='ltr'><strong>saepe</strong></span> <span class='ocrx_word' id='word_1_272' title='bbox 813 2094 846 2126; x_wconf 87' lang='lat' dir='ltr'><strong>in</strong></span> 
     </span>
     <span class='ocr_line' id='line_1_32' title="bbox 74 2137 847 2183; baseline 0.001 -13"><span class='ocrx_word' id='word_1_273' title='bbox 74 2137 172 2171; x_wconf 90' lang='lat' dir='ltr'><strong>codd.</strong></span> <span class='ocrx_word' id='word_1_274' title='bbox 198 2137 301 2170; x_wconf 79' lang='lat' dir='ltr'><strong>ran&#39;us</strong></span> <span class='ocrx_word' id='word_1_275' title='bbox 324 2138 520 2170; x_wconf 83' lang='lat' dir='ltr'><strong>vocabulum</strong></span> <span class='ocrx_word' id='word_1_276' title='bbox 538 2143 648 2180; x_wconf 78' lang='lat' dir='ltr'><strong>status,</strong></span> <span class='ocrx_word' id='word_1_277' title='bbox 672 2140 762 2183; x_wconf 84' lang='lat' dir='ltr'><strong>qnod</strong></span> <span class='ocrx_word' id='word_1_278' title='bbox 782 2139 847 2171; x_wconf 90' lang='lat' dir='ltr'><strong>du-</strong></span> 
     </span>
     <span class='ocr_line' id='line_1_33' title="bbox 75 2183 846 2225; baseline 0.001 -9"><span class='ocrx_word' id='word_1_279' title='bbox 75 2183 218 2216; x_wconf 88' lang='lat' dir='ltr'><strong>cendum</strong></span> <span class='ocrx_word' id='word_1_280' title='bbox 239 2190 289 2215; x_wconf 85' lang='lat' dir='ltr'><strong>est</strong></span> <span class='ocrx_word' id='word_1_281' title='bbox 312 2195 331 2216; x_wconf 87' lang='lat' dir='ltr'><strong>a</strong></span> <span class='ocrx_word' id='word_1_282' title='bbox 352 2184 455 2216; x_wconf 89' lang='lat' dir='ltr'><strong>verbo</strong></span> <span class='ocrx_word' id='word_1_283' title='bbox 478 2186 627 2225; x_wconf 80' lang='lat' dir='ltr'><strong>sistendi,</strong></span> <span class='ocrx_word' id='word_1_284' title='bbox 663 2197 681 2217; x_wconf 82' lang='lat' dir='ltr'><strong>a</strong></span> <span class='ocrx_word' id='word_1_285' title='bbox 705 2185 846 2217; x_wconf 82' lang='lat' dir='ltr'><strong>librariis</strong></span> 
     </span>
     <span class='ocr_line' id='line_1_34' title="bbox 73 2229 847 2274; baseline 0.004 -14"><span class='ocrx_word' id='word_1_286' title='bbox 73 2229 109 2261; x_wconf 86' lang='lat' dir='ltr'><strong>in</strong></span> <span class='ocrx_word' id='word_1_287' title='bbox 136 2233 269 2261; x_wconf 76' lang='lat' dir='ltr'><strong>statutus</strong></span> <span class='ocrx_word' id='word_1_288' title='bbox 294 2236 458 2262; x_wconf 85' lang='lat' dir='ltr'><strong>mutatum</strong></span> <span class='ocrx_word' id='word_1_289' title='bbox 480 2237 539 2262; x_wconf 86' lang='lat' dir='ltr'><strong>est.</strong></span> <span class='ocrx_word' id='word_1_290' title='bbox 589 2231 704 2274; x_wconf 89' lang='lat' dir='ltr'><strong>Comp.</strong></span> <span class='ocrx_word' id='word_1_291' title='bbox 731 2243 778 2263; x_wconf 91' lang='lat' dir='ltr'><strong>or.</strong></span> <span class='ocrx_word' id='word_1_292' title='bbox 806 2231 847 2263; x_wconf 91' lang='lat' dir='ltr'><strong>de</strong></span> 
     </span>
     <span class='ocr_line' id='line_1_35' title="bbox 74 2274 847 2321; baseline 0.004 -15"><span class='ocrx_word' id='word_1_293' title='bbox 74 2274 207 2317; x_wconf 83' lang='lat' dir='ltr'><strong>harusp.</strong></span> <span class='ocrx_word' id='word_1_294' title='bbox 227 2286 314 2319; x_wconf 88' lang='lat' dir='ltr'><strong>resp.</strong></span> <span class='ocrx_word' id='word_1_295' title='bbox 338 2274 380 2314; x_wconf 88' lang='grc'><strong>9,</strong></span> <span class='ocrx_word' id='word_1_296' title='bbox 409 2276 471 2309; x_wconf 74' lang='grc' dir='ltr'><strong>Ῑὸτ</strong></span> <span class='ocrx_word' id='word_1_297' title='bbox 507 2280 606 2308; x_wconf 80' lang='lat' dir='ltr'><strong>statas</strong></span> <span class='ocrx_word' id='word_1_298' title='bbox 627 2277 847 2321; x_wconf 70' lang='lat' dir='ltr'><strong>solemnesque</strong></span> 
     </span>
     <span class='ocr_line' id='line_1_36' title="bbox 76 2317 848 2359; baseline 0.004 -8"><span class='ocrx_word' id='word_1_299' title='bbox 76 2319 303 2352; x_wconf 86' lang='lat' dir='ltr'><strong>caerimonias.</strong></span> <span class='ocrx_word' id='word_1_300' title='bbox 330 2320 402 2352; x_wconf 89' lang='lat' dir='ltr'><strong>Liv.</strong></span> <span class='ocrx_word' id='word_1_301' title='bbox 414 2317 521 2359; x_wconf 77' lang='lat'>40‚4:</span> <span class='ocrx_word' id='word_1_302' title='bbox 540 2321 582 2353; x_wconf 86' lang='lat' dir='ltr'><strong>ad</strong></span> <span class='ocrx_word' id='word_1_303' title='bbox 596 2327 711 2354; x_wconf 78' lang='lat' dir='ltr'><strong>statum</strong></span> <span class='ocrx_word' id='word_1_304' title='bbox 724 2323 848 2355; x_wconf 83' lang='lat' dir='ltr'><strong>sacriti-</strong></span> 
     </span>
     <span class='ocr_line' id='line_1_37' title="bbox 76 2365 848 2410; baseline 0.004 -13"><span class='ocrx_word' id='word_1_305' title='bbox 76 2366 173 2398; x_wconf 87' lang='lat' dir='ltr'><strong>cium.</strong></span> <span class='ocrx_word' id='word_1_306' title='bbox 199 2365 266 2398; x_wconf 89' lang='lat' dir='ltr'><strong>Cic.</strong></span> <span class='ocrx_word' id='word_1_307' title='bbox 280 2378 329 2410; x_wconf 83' lang='lat' dir='ltr'><strong>pr.</strong></span> <span class='ocrx_word' id='word_1_308' title='bbox 349 2366 420 2398; x_wconf 88' lang='lat' dir='ltr'><strong>Mil.</strong></span> <span class='ocrx_word' id='word_1_309' title='bbox 434 2367 488 2406; x_wconf 75' lang='lat'><strong>17,</strong></span> <span class='ocrx_word' id='word_1_310' title='bbox 502 2365 563 2400; x_wconf 75' lang='lat'><strong>45:</strong></span> <span class='ocrx_word' id='word_1_311' title='bbox 583 2372 665 2400; x_wconf 78' lang='lat' dir='ltr'><strong>stata</strong></span> <span class='ocrx_word' id='word_1_312' title='bbox 678 2369 848 2400; x_wconf 79' lang='lat' dir='ltr'><strong>sacrificia.</strong></span> 
     </span>
    </p>

    <p class='ocr_par' dir='ltr' id='par_1_8' title="bbox 32 2414 857 2946">
     <span class='ocr_line' id='line_1_38' title="bbox 143 2414 849 2457; baseline 0.003 -13"><span class='ocrx_word' id='word_1_313' title='bbox 143 2416 176 2444; x_wconf 81' lang='lat' dir='ltr'><strong>ut</strong></span> <span class='ocrx_word' id='word_1_314' title='bbox 198 2414 261 2444; x_wconf 83' lang='lat' dir='ltr'><strong>illis</strong></span> <span class='ocrx_word' id='word_1_315' title='bbox 290 2415 426 2453; x_wconf 82' lang='lat' dir='ltr'><strong>praemii</strong></span> <span class='ocrx_word' id='word_1_316' title='bbox 460 2415 550 2445; x_wconf 83' lang='lat' dir='ltr'><strong>daret</strong></span> <span class='ocrx_word' id='word_1_317' title='bbox 573 2433 617 2437; x_wconf 97' lang='lat'><strong>—</strong></span> <span class='ocrx_word' id='word_1_318' title='bbox 641 2416 738 2457; x_wconf 80' lang='lat' dir='ltr'><strong>quod]</strong></span> <span class='ocrx_word' id='word_1_319' title='bbox 784 2414 849 2446; x_wconf 87' lang='lat' dir='ltr'><strong>Alii</strong></span> 
     </span>
     <span class='ocr_line' id='line_1_39' title="bbox 37 2457 851 2504; baseline 0.004 -15"><span class='ocrx_word' id='word_1_320' title='bbox 37 2496 40 2504; x_wconf 32' lang='grc' dir='ltr'><em>ι</em></span> <span class='ocrx_word' id='word_1_321' title='bbox 76 2457 174 2490; x_wconf 88' lang='lat' dir='ltr'><strong>codd.</strong></span> <span class='ocrx_word' id='word_1_322' title='bbox 201 2463 235 2489; x_wconf 90' lang='lat' dir='ltr'><strong>et</strong></span> <span class='ocrx_word' id='word_1_323' title='bbox 263 2468 375 2490; x_wconf 89' lang='lat' dir='ltr'><strong>omnes</strong></span> <span class='ocrx_word' id='word_1_324' title='bbox 399 2458 471 2490; x_wconf 82' lang='lat' dir='ltr'><strong>sere</strong></span> <span class='ocrx_word' id='word_1_325' title='bbox 504 2458 581 2490; x_wconf 87' lang='lat' dir='ltr'><strong>edd.</strong></span> <span class='ocrx_word' id='word_1_326' title='bbox 607 2466 689 2491; x_wconf 82' lang='lat' dir='ltr'><strong>vett.</strong></span> <span class='ocrx_word' id='word_1_327' title='bbox 722 2464 756 2491; x_wconf 82' lang='lat' dir='ltr'><strong>ut</strong></span> <span class='ocrx_word' id='word_1_328' title='bbox 788 2463 851 2492; x_wconf 84' lang='lat' dir='ltr'><strong>illis</strong></span> 
     </span>
     <span class='ocr_line' id='line_1_40' title="bbox 72 2504 851 2545; baseline 0.003 -10"><span class='ocrx_word' id='word_1_329' title='bbox 72 2505 311 2544; x_wconf 79' lang='lat' dir='ltr'><strong>praemium</strong></span> <span class='ocrx_word' id='word_1_330' title='bbox 334 2505 387 2545; x_wconf 82' lang='lat' dir='ltr'><strong>d.,·</strong></span> <span class='ocrx_word' id='word_1_331' title='bbox 423 2504 521 2536; x_wconf 84' lang='lat' dir='ltr'><strong>Rath.</strong></span> <span class='ocrx_word' id='word_1_332' title='bbox 552 2505 638 2537; x_wconf 87' lang='lat' dir='ltr'><strong>coni.</strong></span> <span class='ocrx_word' id='word_1_333' title='bbox 664 2509 697 2537; x_wconf 84' lang='lat' dir='ltr'><strong>ut</strong></span> <span class='ocrx_word' id='word_1_334' title='bbox 721 2507 765 2537; x_wconf 80' lang='lat' dir='ltr'><strong>id</strong></span> <span class='ocrx_word' id='word_1_335' title='bbox 788 2508 851 2537; x_wconf 72' lang='lat' dir='ltr'><strong>illis</strong></span> 
     </span>
     <span class='ocr_line' id='line_1_41' title="bbox 32 2549 853 2592; baseline 0.002 -12"><span class='ocrx_word' id='word_1_336' title='bbox 32 2576 38 2580; x_wconf 79' lang='lat'><strong>.</strong></span> <span class='ocrx_word' id='word_1_337' title='bbox 71 2551 208 2589; x_wconf 78' lang='lat' dir='ltr'><strong>praemii</strong></span> <span class='ocrx_word' id='word_1_338' title='bbox 230 2551 282 2590; x_wconf 85' lang='lat' dir='ltr'><strong>d..‚·</strong></span> <span class='ocrx_word' id='word_1_339' title='bbox 305 2550 363 2582; x_wconf 89' lang='lat' dir='ltr'><strong>Tr.</strong></span> <span class='ocrx_word' id='word_1_340' title='bbox 388 2561 406 2581; x_wconf 89' lang='lat' dir='ltr'><strong>e</strong></span> <span class='ocrx_word' id='word_1_341' title='bbox 430 2549 514 2581; x_wconf 85' lang='lat' dir='ltr'><strong>coni.</strong></span> <span class='ocrx_word' id='word_1_342' title='bbox 539 2554 573 2582; x_wconf 81' lang='lat' dir='ltr'><strong>ut</strong></span> <span class='ocrx_word' id='word_1_343' title='bbox 594 2553 636 2583; x_wconf 83' lang='lat' dir='ltr'><strong>id</strong></span> <span class='ocrx_word' id='word_1_344' title='bbox 660 2553 698 2583; x_wconf 83' lang='lat' dir='ltr'><strong>iis</strong></span> <span class='ocrx_word' id='word_1_345' title='bbox 716 2553 853 2592; x_wconf 78' lang='lat' dir='ltr'><strong>praemii</strong></span> 
     </span>
     <span class='ocr_line' id='line_1_42' title="bbox 77 2594 852 2639; baseline 0.003 -13"><span class='ocrx_word' id='word_1_346' title='bbox 77 2595 109 2626; x_wconf 85' lang='lat' dir='ltr'><strong>d.</strong></span> <span class='ocrx_word' id='word_1_347' title='bbox 150 2595 300 2638; x_wconf 79' lang='lat' dir='ltr'><strong>Utraque</strong></span> <span class='ocrx_word' id='word_1_348' title='bbox 323 2594 515 2627; x_wconf 83' lang='lat' dir='ltr'><strong>coniectura</strong></span> <span class='ocrx_word' id='word_1_349' title='bbox 541 2595 673 2639; x_wconf 77' lang='lat' dir='ltr'><strong>elegans</strong></span> <span class='ocrx_word' id='word_1_350' title='bbox 697 2603 766 2635; x_wconf 87' lang='lat' dir='ltr'><strong>est,</strong></span> <span class='ocrx_word' id='word_1_351' title='bbox 792 2596 852 2628; x_wconf 86' lang='lat' dir='ltr'><strong>sed</strong></span> 
     </span>
     <span class='ocr_line' id='line_1_43' title="bbox 80 2640 851 2685; baseline 0.003 -15"><span class='ocrx_word' id='word_1_352' title='bbox 80 2649 149 2672; x_wconf 90' lang='lat' dir='ltr'><strong>non</strong></span> <span class='ocrx_word' id='word_1_353' title='bbox 173 2651 308 2683; x_wconf 87' lang='lat' dir='ltr'><strong>prorsus</strong></span> <span class='ocrx_word' id='word_1_354' title='bbox 332 2640 536 2681; x_wconf 83' lang='lat' dir='ltr'><strong>necessaria,</strong></span> <span class='ocrx_word' id='word_1_355' title='bbox 571 2653 670 2685; x_wconf 86' lang='lat' dir='ltr'><strong>quum</strong></span> <span class='ocrx_word' id='word_1_356' title='bbox 688 2642 851 2685; x_wconf 80' lang='lat' dir='ltr'><strong>genitivus</strong></span> 
     </span>
     <span class='ocr_line' id='line_1_44' title="bbox 79 2686 852 2730; baseline 0.004 -14"><span class='ocrx_word' id='word_1_357' title='bbox 79 2694 99 2716; x_wconf 79' lang='lat' dir='ltr'><strong>a</strong></span> <span class='ocrx_word' id='word_1_358' title='bbox 121 2696 190 2728; x_wconf 90' lang='lat' dir='ltr'><strong>seq.</strong></span> <span class='ocrx_word' id='word_1_359' title='bbox 213 2688 297 2726; x_wconf 78' lang='lat' dir='ltr'><strong>quod</strong></span> <span class='ocrx_word' id='word_1_360' title='bbox 320 2686 468 2728; x_wconf 88' lang='lat' dir='ltr'><strong>pendere</strong></span> <span class='ocrx_word' id='word_1_361' title='bbox 489 2687 607 2730; x_wconf 85' lang='lat' dir='ltr'><strong>possit.</strong></span> <span class='ocrx_word' id='word_1_362' title='bbox 648 2688 687 2720; x_wconf 93' lang='lat' dir='ltr'><strong>V.</strong></span> <span class='ocrx_word' id='word_1_363' title='bbox 714 2690 852 2721; x_wconf 73' lang='lat' dir='ltr'><strong>Kizhner.</strong></span> 
     </span>
     <span class='ocr_line' id='line_1_45' title="bbox 80 2729 852 2777; baseline 0.008 -17"><span class='ocrx_word' id='word_1_364' title='bbox 80 2729 122 2760; x_wconf 91' lang='lat' dir='ltr'><strong>L.</strong></span> <span class='ocrx_word' id='word_1_365' title='bbox 141 2730 198 2762; x_wconf 85' lang='lat' dir='ltr'><strong>Gr.</strong></span> <span class='ocrx_word' id='word_1_366' title='bbox 219 2731 248 2774; x_wconf 65' lang='lat'><strong>§-</strong></span> <span class='ocrx_word' id='word_1_367' title='bbox 266 2732 338 2772; x_wconf 90' lang='lat'><strong>111,</strong></span> <span class='ocrx_word' id='word_1_368' title='bbox 356 2731 387 2766; x_wconf 91' lang='grc'><strong>8.</strong></span> <span class='ocrx_word' id='word_1_369' title='bbox 401 2731 435 2772; x_wconf 73' lang='lat' dir='ltr'><strong>b)</strong></span> <span class='ocrx_word' id='word_1_370' title='bbox 459 2744 493 2776; x_wconf 88' lang='lat' dir='ltr'><strong>p.</strong></span> <span class='ocrx_word' id='word_1_371' title='bbox 506 2731 570 2766; x_wconf 84' lang='lat'><strong>193</strong></span> <span class='ocrx_word' id='word_1_372' title='bbox 580 2745 629 2777; x_wconf 91' lang='lat' dir='ltr'><strong>sq.</strong></span> <span class='ocrx_word' id='word_1_373' title='bbox 673 2733 725 2765; x_wconf 88' lang='lat' dir='ltr'><strong>Cf.</strong></span> <span class='ocrx_word' id='word_1_374' title='bbox 749 2745 776 2765; x_wconf 92' lang='lat' dir='ltr'><strong>c.</strong></span> <span class='ocrx_word' id='word_1_375' title='bbox 797 2731 852 2772; x_wconf 54' lang='lat'><strong>45,</strong></span> 
     </span>
     <span class='ocr_line' id='line_1_46' title="bbox 82 2771 856 2821; baseline 0.005 -14"><span class='ocrx_word' id='word_1_376' title='bbox 82 2771 164 2807; x_wconf 79' lang='lat'>114:</span> <span class='ocrx_word' id='word_1_377' title='bbox 201 2777 257 2809; x_wconf 84' lang='lat' dir='ltr'><strong>hoc</strong></span> <span class='ocrx_word' id='word_1_378' title='bbox 285 2776 315 2809; x_wconf 84' lang='lat' dir='ltr'><strong>ei</strong></span> <span class='ocrx_word' id='word_1_379' title='bbox 337 2780 476 2810; x_wconf 80' lang='lat' dir='ltr'><strong>muneris</strong></span> <span class='ocrx_word' id='word_1_380' title='bbox 509 2789 572 2821; x_wconf 92' lang='lat' dir='ltr'><strong>pro</strong></span> <span class='ocrx_word' id='word_1_381' title='bbox 607 2789 666 2811; x_wconf 90' lang='lat' dir='ltr'><strong>sua</strong></span> <span class='ocrx_word' id='word_1_382' title='bbox 699 2778 856 2811; x_wconf 88' lang='lat' dir='ltr'><strong>missione</strong></span> 
     </span>
     <span class='ocr_line' id='line_1_47' title="bbox 84 2817 857 2865; baseline 0.013 -16"><span class='ocrx_word' id='word_1_383' title='bbox 84 2817 214 2852; x_wconf 82' lang='lat' dir='ltr'><strong>dedisse</strong></span> <span class='ocrx_word' id='word_1_384' title='bbox 241 2821 406 2854; x_wconf 83' lang='lat' dir='ltr'><strong>scribitur.</strong></span> <span class='ocrx_word' id='word_1_385' title='bbox 435 2824 476 2857; x_wconf 88' lang='grc' dir='ltr'><strong>ΙΙ.</strong></span> <span class='ocrx_word' id='word_1_386' title='bbox 493 2823 532 2863; x_wconf 82' lang='lat'><strong>3,</strong></span> <span class='ocrx_word' id='word_1_387' title='bbox 557 2823 599 2857; x_wconf 83' lang='lat'><strong>9:</strong></span> <span class='ocrx_word' id='word_1_388' title='bbox 635 2826 719 2865; x_wconf 81' lang='lat' dir='ltr'><strong>quod</strong></span> <span class='ocrx_word' id='word_1_389' title='bbox 742 2824 857 2857; x_wconf 86' lang='lat' dir='ltr'><strong>datum</strong></span> 
     </span>
     <span class='ocr_line' id='line_1_48' title="bbox 85 2866 854 2915; baseline 0.005 -17"><span class='ocrx_word' id='word_1_390' title='bbox 85 2869 139 2915; x_wconf 50' lang='lat' dir='ltr'><strong>est·</strong></span> <span class='ocrx_word' id='word_1_391' title='bbox 156 2866 315 2910; x_wconf 82' lang='lat' dir='ltr'><strong>temporis</strong></span> <span class='ocrx_word' id='word_1_392' title='bbox 336 2868 442 2910; x_wconf 87' lang='lat' dir='ltr'><strong>nobis,</strong></span> <span class='ocrx_word' id='word_1_393' title='bbox 465 2868 500 2901; x_wconf 91' lang='lat' dir='ltr'><strong>in</strong></span> <span class='ocrx_word' id='word_1_394' title='bbox 519 2880 558 2901; x_wconf 89' lang='lat' dir='ltr'><strong>eo</strong></span> <span class='ocrx_word' id='word_1_395' title='bbox 575 2870 854 2914; x_wconf 80' lang='lat' dir='ltr'><strong>consumpsimus:</strong></span> 
     </span>
     <span class='ocr_line' id='line_1_49' title="bbox 85 2907 394 2946; baseline 0.019 -6"><span class='ocrx_word' id='word_1_396' title='bbox 85 2907 141 2940; x_wconf 70' lang='lat' dir='ltr'><strong>ubi</strong></span> <span class='ocrx_word' id='word_1_397' title='bbox 163 2921 194 2943; x_wconf 89' lang='lat' dir='ltr'><strong>v.</strong></span> <span class='ocrx_word' id='word_1_398' title='bbox 215 2911 394 2946; x_wconf 79' lang='lat' dir='ltr'><strong>Adnotata.</strong></span> 
     </span>
    </p>
   </div>
   <div class='ocr_carea' id='block_1_6' title="bbox 159 2952 857 3005">
    <p class='ocr_par' dir='ltr' id='par_1_9' title="bbox 159 2952 857 3005">
     <span class='ocr_line' id='line_1_50' title="bbox 159 2952 857 3005; baseline 0.007 -18"><span class='ocrx_word' id='word_1_399' title='bbox 159 2952 233 2988; x_wconf 78' lang='lat'><strong>114.</strong></span> <span class='ocrx_word' id='word_1_400' title='bbox 254 2960 367 2990; x_wconf 80' lang='lat' dir='ltr'><strong>mortui</strong></span> <span class='ocrx_word' id='word_1_401' title='bbox 384 2963 455 2992; x_wconf 82' lang='lat' dir='ltr'><strong>sunt</strong></span> <span class='ocrx_word' id='word_1_402' title='bbox 471 2963 600 3004; x_wconf 74' lang='lat' dir='ltr'><strong>reperti]</strong></span> <span class='ocrx_word' id='word_1_403' title='bbox 624 2960 729 2993; x_wconf 83' lang='lat' dir='ltr'><strong>Modo</strong></span> <span class='ocrx_word' id='word_1_404' title='bbox 741 2961 769 3005; x_wconf 72' lang='lat'><strong>§-</strong></span> <span class='ocrx_word' id='word_1_405' title='bbox 784 2960 857 2995; x_wconf 85' lang='lat'><strong>113.</strong></span> 
     </span>
    </p>
   </div>
   <div class='ocr_carea' id='block_1_7' title="bbox 907 1543 1664 1602">
    <p class='ocr_par' dir='ltr' id='par_1_10' title="bbox 907 1543 1664 1602">
     <span class='ocr_line' id='line_1_51' title="bbox 907 1543 1664 1602; baseline -0.003 -14"><span class='ocrx_word' id='word_1_406' title='bbox 907 1553 1005 1588; x_wconf 83' lang='lat'><strong>115.</strong></span> <span class='ocrx_word' id='word_1_407' title='bbox 1048 1545 1137 1602; x_wconf 79' lang='lat' dir='ltr'><strong>Qua</strong></span> <span class='ocrx_word' id='word_1_408' title='bbox 1170 1554 1232 1587; x_wconf 88' lang='lat' dir='ltr'><strong>est</strong></span> <span class='ocrx_word' id='word_1_409' title='bbox 1261 1545 1460 1587; x_wconf 83' lang='lat' dir='ltr'><strong>sententia</strong></span> <span class='ocrx_word' id='word_1_410' title='bbox 1490 1545 1531 1586; x_wconf 91' lang='lat' dir='ltr'><strong>in</strong></span> <span class='ocrx_word' id='word_1_411' title='bbox 1563 1543 1664 1587; x_wconf 87' lang='lat' dir='ltr'><strong>Cre-</strong></span> 
     </span>
    </p>
   </div>
   <div class='ocr_carea' id='block_1_8' title="bbox 879 1726 1668 2910">
    <p class='ocr_par' dir='ltr' id='par_1_11' title="bbox 879 1726 1662 2411">
     <span class='ocr_line' id='line_1_52' title="bbox 879 1726 1660 1775; baseline -0.005 -12"><span class='ocrx_word' id='word_1_412' title='bbox 879 1730 951 1775; x_wconf 85' lang='lat' dir='ltr'><strong>pari</strong></span> <span class='ocrx_word' id='word_1_413' title='bbox 974 1730 1026 1762; x_wconf 82' lang='lat' dir='ltr'><strong>vi:</strong></span> <span class='ocrx_word' id='word_1_414' title='bbox 1053 1740 1145 1763; x_wconf 84' lang='lat' dir='ltr'><strong>mane</strong></span> <span class='ocrx_word' id='word_1_415' title='bbox 1166 1732 1307 1762; x_wconf 80' lang='lat' dir='ltr'><strong>inventos</strong></span> <span class='ocrx_word' id='word_1_416' title='bbox 1331 1738 1394 1761; x_wconf 83' lang='lat' dir='ltr'><strong>esse</strong></span> <span class='ocrx_word' id='word_1_417' title='bbox 1418 1730 1566 1759; x_wconf 67' lang='lat' dir='ltr'><strong>mortuos.</strong></span> <span class='ocrx_word' id='word_1_418' title='bbox 1605 1726 1660 1759; x_wconf 89' lang='lat' dir='ltr'><strong>Sic</strong></span> 
     </span>
     <span class='ocr_line' id='line_1_53' title="bbox 880 1773 1662 1819; baseline -0.004 -11"><span class='ocrx_word' id='word_1_419' title='bbox 880 1788 980 1819; x_wconf 80' lang='lat' dir='ltr'><strong>saepe</strong></span> <span class='ocrx_word' id='word_1_420' title='bbox 1005 1775 1182 1807; x_wconf 77' lang='lat' dir='ltr'><strong>variandae</strong></span> <span class='ocrx_word' id='word_1_421' title='bbox 1214 1774 1374 1806; x_wconf 83' lang='lat' dir='ltr'><strong>orationis</strong></span> <span class='ocrx_word' id='word_1_422' title='bbox 1401 1784 1524 1805; x_wconf 73' lang='lat' dir='ltr'><strong>caussa.</strong></span> <span class='ocrx_word' id='word_1_423' title='bbox 1568 1773 1662 1805; x_wconf 82' lang='lat' dir='ltr'><strong>Infra</strong></span> 
     </span>
     <span class='ocr_line' id='line_1_54' title="bbox 881 1818 1659 1860; baseline -0.004 -7"><span class='ocrx_word' id='word_1_424' title='bbox 881 1823 938 1853; x_wconf 89' lang='grc' dir='ltr'><strong>ΙΙΙ.</strong></span> <span class='ocrx_word' id='word_1_425' title='bbox 965 1822 1025 1860; x_wconf 89' lang='grc'><strong>10,</strong></span> <span class='ocrx_word' id='word_1_426' title='bbox 1058 1821 1120 1853; x_wconf 73' lang='lat'><strong>23:</strong></span> <span class='ocrx_word' id='word_1_427' title='bbox 1160 1827 1196 1851; x_wconf 88' lang='lat' dir='ltr'><strong>ut</strong></span> <span class='ocrx_word' id='word_1_428' title='bbox 1229 1819 1368 1859; x_wconf 88' lang='lat' dir='ltr'><strong>medici,</strong></span> <span class='ocrx_word' id='word_1_429' title='bbox 1407 1830 1519 1850; x_wconf 77' lang='lat' dir='ltr'><strong>caussa</strong></span> <span class='ocrx_word' id='word_1_430' title='bbox 1548 1818 1659 1851; x_wconf 86' lang='lat' dir='ltr'><strong>morbi</strong></span> 
     </span>
     <span class='ocr_line' id='line_1_55' title="bbox 879 1865 1657 1908; baseline -0.004 -9"><span class='ocrx_word' id='word_1_431' title='bbox 879 1870 1026 1905; x_wconf 69' lang='lat' dir='ltr'><strong>inventa,</strong></span> <span class='ocrx_word' id='word_1_432' title='bbox 1066 1865 1272 1897; x_wconf 82' lang='lat' dir='ltr'><strong>curationem</strong></span> <span class='ocrx_word' id='word_1_433' title='bbox 1304 1877 1374 1897; x_wconf 85' lang='lat' dir='ltr'><strong>esse</strong></span> <span class='ocrx_word' id='word_1_434' title='bbox 1404 1867 1563 1896; x_wconf 81' lang='lat' dir='ltr'><strong>inventam</strong></span> <span class='ocrx_word' id='word_1_435' title='bbox 1590 1876 1657 1908; x_wconf 87' lang='lat' dir='ltr'><strong>pu-</strong></span> 
     </span>
     <span class='ocr_line' id='line_1_56' title="bbox 881 1909 1659 1954; baseline -0.003 -11"><span class='ocrx_word' id='word_1_436' title='bbox 881 1919 975 1948; x_wconf 71' lang='lat' dir='ltr'><strong>tant3</strong></span> <span class='ocrx_word' id='word_1_437' title='bbox 999 1911 1046 1943; x_wconf 92' lang='lat' dir='ltr'><strong>sic</strong></span> <span class='ocrx_word' id='word_1_438' title='bbox 1066 1923 1138 1949; x_wconf 78' lang='lat' dir='ltr'><strong>nOS,</strong></span> <span class='ocrx_word' id='word_1_439' title='bbox 1161 1923 1273 1944; x_wconf 80' lang='lat' dir='ltr'><strong>caussa</strong></span> <span class='ocrx_word' id='word_1_440' title='bbox 1286 1909 1502 1954; x_wconf 82' lang='lat' dir='ltr'><strong>aegritudinis</strong></span> <span class='ocrx_word' id='word_1_441' title='bbox 1523 1914 1659 1950; x_wconf 83' lang='lat' dir='ltr'><strong>reperta,</strong></span> 
     </span>
     <span class='ocr_line' id='line_1_57' title="bbox 881 1955 1658 1997; baseline -0.004 -8"><span class='ocrx_word' id='word_1_442' title='bbox 881 1957 1037 1989; x_wconf 84' lang='lat' dir='ltr'><strong>medendi</strong></span> <span class='ocrx_word' id='word_1_443' title='bbox 1074 1958 1269 1989; x_wconf 73' lang='lat' dir='ltr'><strong>facultatem</strong></span> <span class='ocrx_word' id='word_1_444' title='bbox 1301 1958 1499 1997; x_wconf 79' lang='lat' dir='ltr'><strong>reperiemus.</strong></span> <span class='ocrx_word' id='word_1_445' title='bbox 1567 1955 1658 1987; x_wconf 80' lang='lat' dir='ltr'><strong>Alias</strong></span> 
     </span>
     <span class='ocr_line' id='line_1_58' title="bbox 881 2001 1659 2046; baseline -0.005 -10"><span class='ocrx_word' id='word_1_446' title='bbox 881 2010 993 2036; x_wconf 88' lang='lat' dir='ltr'><strong>autem</strong></span> <span class='ocrx_word' id='word_1_447' title='bbox 1015 2003 1151 2034; x_wconf 86' lang='lat' dir='ltr'><strong>verbum</strong></span> <span class='ocrx_word' id='word_1_448' title='bbox 1172 2005 1350 2035; x_wconf 77' lang='lat' dir='ltr'><strong>inveniendi</strong></span> <span class='ocrx_word' id='word_1_449' title='bbox 1375 2004 1432 2046; x_wconf 75' lang='lat' dir='ltr'><strong>(z</strong></span> <span class='ocrx_word' id='word_1_450' title='bbox 1448 2001 1603 2033; x_wconf 84' lang='lat' dir='ltr'><strong>veniendi</strong></span> <span class='ocrx_word' id='word_1_451' title='bbox 1624 2001 1659 2033; x_wconf 86' lang='lat' dir='ltr'><strong>in</strong></span> 
     </span>
     <span class='ocr_line' id='line_1_59' title="bbox 881 2047 1658 2092; baseline -0.003 -11"><span class='ocrx_word' id='word_1_452' title='bbox 881 2049 1018 2092; x_wconf 61' lang='lat' dir='ltr'><strong>aliquid)</strong></span> <span class='ocrx_word' id='word_1_453' title='bbox 1046 2060 1137 2081; x_wconf 86' lang='lat' dir='ltr'><strong>casus</strong></span> <span class='ocrx_word' id='word_1_454' title='bbox 1169 2055 1204 2081; x_wconf 86' lang='lat' dir='ltr'><strong>et</strong></span> <span class='ocrx_word' id='word_1_455' title='bbox 1232 2048 1365 2080; x_wconf 82' lang='lat' dir='ltr'><strong>fortuiti</strong></span> <span class='ocrx_word' id='word_1_456' title='bbox 1390 2047 1522 2091; x_wconf 85' lang='lat' dir='ltr'><strong>potius,</strong></span> <span class='ocrx_word' id='word_1_457' title='bbox 1559 2059 1658 2091; x_wconf 81' lang='lat' dir='ltr'><strong>quarn</strong></span> 
     </span>
     <span class='ocr_line' id='line_1_60' title="bbox 883 2091 1659 2136; baseline -0.004 -9"><span class='ocrx_word' id='word_1_458' title='bbox 883 2094 1011 2127; x_wconf 89' lang='lat' dir='ltr'><strong>consilii</strong></span> <span class='ocrx_word' id='word_1_459' title='bbox 1025 2101 1058 2126; x_wconf 85' lang='lat' dir='ltr'><strong>et</strong></span> <span class='ocrx_word' id='word_1_460' title='bbox 1072 2094 1296 2126; x_wconf 84' lang='lat' dir='ltr'><strong>contentionis</strong></span> <span class='ocrx_word' id='word_1_461' title='bbox 1311 2091 1518 2136; x_wconf 49' lang='grc' dir='ltr'><strong>(εὑρίσκειν),</strong></span> <span class='ocrx_word' id='word_1_462' title='bbox 1539 2100 1659 2125; x_wconf 85' lang='lat' dir='ltr'><strong>contra</strong></span> 
     </span>
     <span class='ocr_line' id='line_1_61' title="bbox 881 2135 1658 2182; baseline 0 -10"><span class='ocrx_word' id='word_1_463' title='bbox 881 2140 1019 2172; x_wconf 81' lang='lat' dir='ltr'><strong>verbum</strong></span> <span class='ocrx_word' id='word_1_464' title='bbox 1035 2142 1210 2181; x_wconf 81' lang='lat' dir='ltr'><strong>reperiendi</strong></span> <span class='ocrx_word' id='word_1_465' title='bbox 1225 2140 1350 2172; x_wconf 86' lang='lat' dir='ltr'><strong>consilii</strong></span> <span class='ocrx_word' id='word_1_466' title='bbox 1364 2139 1532 2182; x_wconf 85' lang='lat' dir='ltr'><strong>studiique</strong></span> <span class='ocrx_word' id='word_1_467' title='bbox 1549 2135 1658 2182; x_wconf 64' lang='lat' dir='ltr'><strong>(oi-›eu-</strong></span> 
     </span>
     <span class='ocr_line' id='line_1_62' title="bbox 883 2184 1658 2229; baseline -0.003 -10"><span class='ocrx_word' id='word_1_468' title='bbox 883 2186 1021 2229; x_wconf 65' lang='grc' dir='ltr'><strong>ρίσκειν)</strong></span> <span class='ocrx_word' id='word_1_469' title='bbox 1043 2187 1215 2218; x_wconf 83' lang='lat' dir='ltr'><strong>notionem</strong></span> <span class='ocrx_word' id='word_1_470' title='bbox 1231 2185 1417 2217; x_wconf 84' lang='lat' dir='ltr'><strong>involutam</strong></span> <span class='ocrx_word' id='word_1_471' title='bbox 1431 2185 1544 2216; x_wconf 86' lang='lat' dir='ltr'><strong>habet.</strong></span> <span class='ocrx_word' id='word_1_472' title='bbox 1589 2184 1658 2217; x_wconf 84' lang='lat' dir='ltr'><strong>Csr.</strong></span> 
     </span>
     <span class='ocr_line' id='line_1_63' title="bbox 888 2230 1662 2272; baseline -0.001 -10"><span class='ocrx_word' id='word_1_473' title='bbox 888 2234 1100 2264; x_wconf 66' lang='lat' dir='ltr'><strong>Wiislemanni</strong></span> <span class='ocrx_word' id='word_1_474' title='bbox 1114 2239 1147 2263; x_wconf 84' lang='lat' dir='ltr'><strong>et</strong></span> <span class='ocrx_word' id='word_1_475' title='bbox 1161 2233 1289 2272; x_wconf 72' lang='lat' dir='ltr'><strong>Georyis</strong></span> <span class='ocrx_word' id='word_1_476' title='bbox 1306 2231 1546 2262; x_wconf 76' lang='lat' dir='ltr'><strong>Deutsch-Lat.</strong></span> <span class='ocrx_word' id='word_1_477' title='bbox 1557 2230 1662 2262; x_wconf 59' lang='lat' dir='ltr'><strong>XVo&#39;r-</strong></span> 
     </span>
     <span class='ocr_line' id='line_1_64' title="bbox 881 2275 1660 2319; baseline -0.005 -10"><span class='ocrx_word' id='word_1_478' title='bbox 881 2277 969 2309; x_wconf 85' lang='lat' dir='ltr'><strong>terb.</strong></span> <span class='ocrx_word' id='word_1_479' title='bbox 993 2290 1024 2309; x_wconf 78' lang='lat' dir='ltr'><strong>V.</strong></span> <span class='ocrx_word' id='word_1_480' title='bbox 1045 2279 1161 2319; x_wconf 77' lang='lat' dir='ltr'><strong>finden.</strong></span> <span class='ocrx_word' id='word_1_481' title='bbox 1210 2277 1276 2308; x_wconf 89' lang='lat' dir='ltr'><strong>Cic.</strong></span> <span class='ocrx_word' id='word_1_482' title='bbox 1297 2276 1338 2307; x_wconf 87' lang='lat' dir='ltr'><strong>de</strong></span> <span class='ocrx_word' id='word_1_483' title='bbox 1358 2276 1432 2308; x_wconf 84' lang='lat' dir='ltr'><strong>Fin.</strong></span> <span class='ocrx_word' id='word_1_484' title='bbox 1449 2276 1489 2313; x_wconf 84' lang='lat' dir='ltr'><strong>V,</strong></span> <span class='ocrx_word' id='word_1_485' title='bbox 1514 2275 1555 2308; x_wconf 59' lang='grc' dir='ltr'><strong>(ὃς</strong></span> <span class='ocrx_word' id='word_1_486' title='bbox 1582 2275 1660 2307; x_wconf 81' lang='lat' dir='ltr'><strong>fons</strong></span> 
     </span>
     <span class='ocr_line' id='line_1_65' title="bbox 880 2319 1661 2366; baseline -0.005 -11"><span class='ocrx_word' id='word_1_487' title='bbox 880 2325 1081 2363; x_wconf 83' lang='lat' dir='ltr'><strong>reperiendus</strong></span> <span class='ocrx_word' id='word_1_488' title='bbox 1103 2330 1171 2362; x_wconf 83' lang='lat' dir='ltr'><strong>est,</strong></span> <span class='ocrx_word' id='word_1_489' title='bbox 1205 2322 1238 2354; x_wconf 90' lang='lat' dir='ltr'><strong>in</strong></span> <span class='ocrx_word' id='word_1_490' title='bbox 1265 2334 1330 2366; x_wconf 86' lang='lat' dir='ltr'><strong>quo</strong></span> <span class='ocrx_word' id='word_1_491' title='bbox 1352 2322 1419 2354; x_wconf 87' lang='lat' dir='ltr'><strong>sint</strong></span> <span class='ocrx_word' id='word_1_492' title='bbox 1443 2321 1549 2365; x_wconf 80' lang='lat' dir='ltr'><strong>prima</strong></span> <span class='ocrx_word' id='word_1_493' title='bbox 1570 2319 1661 2352; x_wconf 80' lang='lat' dir='ltr'><strong>iuvi-</strong></span> 
     </span>
     <span class='ocr_line' id='line_1_66' title="bbox 883 2371 1551 2411; baseline -0.001 -11"><span class='ocrx_word' id='word_1_494' title='bbox 883 2376 1031 2400; x_wconf 81' lang='lat' dir='ltr'><strong>tamenta</strong></span> <span class='ocrx_word' id='word_1_495' title='bbox 1055 2375 1212 2401; x_wconf 76' lang='lat' dir='ltr'><strong>naturae:</strong></span> <span class='ocrx_word' id='word_1_496' title='bbox 1240 2379 1306 2411; x_wconf 88' lang='lat' dir='ltr'><strong>quo</strong></span> <span class='ocrx_word' id='word_1_497' title='bbox 1331 2371 1452 2400; x_wconf 79' lang='lat' dir='ltr'><strong>invento</strong></span> <span class='ocrx_word' id='word_1_498' title='bbox 1472 2373 1551 2399; x_wconf 86' lang='lat' dir='ltr'><strong>cett.</strong></span> 
     </span>
    </p>

    <p class='ocr_par' dir='ltr' id='par_1_12' title="bbox 886 2410 1661 2537">
     <span class='ocr_line' id='line_1_67' title="bbox 952 2410 1660 2458; baseline -0.01 -11"><span class='ocrx_word' id='word_1_499' title='bbox 952 2414 1159 2458; x_wconf 77' lang='lat' dir='ltr'><strong>Iudicavisse]</strong></span> <span class='ocrx_word' id='word_1_500' title='bbox 1198 2414 1275 2447; x_wconf 86' lang='lat' dir='ltr'><strong>Scil.</strong></span> <span class='ocrx_word' id='word_1_501' title='bbox 1311 2421 1455 2446; x_wconf 87' lang='lat' dir='ltr'><strong>mortem</strong></span> <span class='ocrx_word' id='word_1_502' title='bbox 1491 2422 1555 2443; x_wconf 88' lang='lat' dir='ltr'><strong>non</strong></span> <span class='ocrx_word' id='word_1_503' title='bbox 1594 2410 1660 2441; x_wconf 90' lang='lat' dir='ltr'><strong>du-</strong></span> 
     </span>
     <span class='ocr_line' id='line_1_68' title="bbox 886 2455 1661 2501; baseline -0.006 -10"><span class='ocrx_word' id='word_1_504' title='bbox 886 2460 1026 2492; x_wconf 76' lang='lat' dir='ltr'><strong>cendam</strong></span> <span class='ocrx_word' id='word_1_505' title='bbox 1048 2471 1118 2491; x_wconf 80' lang='lat' dir='ltr'><strong>esse</strong></span> <span class='ocrx_word' id='word_1_506' title='bbox 1139 2460 1173 2491; x_wconf 84' lang='lat' dir='ltr'><strong>in</strong></span> <span class='ocrx_word' id='word_1_507' title='bbox 1195 2459 1301 2501; x_wconf 85' lang='lat' dir='ltr'><strong>malis,</strong></span> <span class='ocrx_word' id='word_1_508' title='bbox 1328 2459 1387 2491; x_wconf 83' lang='lat' dir='ltr'><strong>sed</strong></span> <span class='ocrx_word' id='word_1_509' title='bbox 1409 2468 1571 2490; x_wconf 86' lang='lat' dir='ltr'><strong>summum</strong></span> <span class='ocrx_word' id='word_1_510' title='bbox 1593 2455 1661 2488; x_wconf 91' lang='lat' dir='ltr'><strong>bo-</strong></span> 
     </span>
     <span class='ocr_line' id='line_1_69' title="bbox 887 2517 1071 2537; baseline -0.005 0"><span class='ocrx_word' id='word_1_511' title='bbox 887 2517 966 2537; x_wconf 88' lang='lat' dir='ltr'><strong>num</strong></span> <span class='ocrx_word' id='word_1_512' title='bbox 991 2517 1071 2537; x_wconf 83' lang='lat' dir='ltr'><strong>esse.</strong></span> 
     </span>
    </p>

    <p class='ocr_par' dir='ltr' id='par_1_13' title="bbox 885 2545 1668 2910">
     <span class='ocr_line' id='line_1_70' title="bbox 956 2545 1661 2594; baseline -0.011 -10"><span class='ocrx_word' id='word_1_513' title='bbox 956 2555 989 2583; x_wconf 84' lang='lat' dir='ltr'><strong>ut</strong></span> <span class='ocrx_word' id='word_1_514' title='bbox 1005 2571 1048 2575; x_wconf 89' lang='lat'>—</span> <span class='ocrx_word' id='word_1_515' title='bbox 1063 2551 1234 2594; x_wconf 76' lang='lat' dir='ltr'><strong>divinaret]</strong></span> <span class='ocrx_word' id='word_1_516' title='bbox 1259 2557 1358 2594; x_wconf 86' lang='lat' dir='ltr'><strong>atque</strong></span> <span class='ocrx_word' id='word_1_517' title='bbox 1377 2549 1424 2580; x_wconf 85' lang='lat' dir='ltr'><strong>ita</strong></span> <span class='ocrx_word' id='word_1_518' title='bbox 1443 2546 1554 2579; x_wconf 60' lang='lat' dir='ltr'><strong>sciret,</strong></span> <span class='ocrx_word' id='word_1_519' title='bbox 1579 2545 1661 2589; x_wconf 88' lang='lat' dir='ltr'><strong>quid</strong></span> 
     </span>
     <span class='ocr_line' id='line_1_71' title="bbox 885 2595 1663 2640; baseline -0.008 -11"><span class='ocrx_word' id='word_1_520' title='bbox 885 2597 1012 2629; x_wconf 89' lang='lat' dir='ltr'><strong>homini</strong></span> <span class='ocrx_word' id='word_1_521' title='bbox 1045 2596 1209 2640; x_wconf 82' lang='lat' dir='ltr'><strong>optimum</strong></span> <span class='ocrx_word' id='word_1_522' title='bbox 1243 2602 1341 2629; x_wconf 83' lang='lat' dir='ltr'><strong>esset.</strong></span> <span class='ocrx_word' id='word_1_523' title='bbox 1388 2597 1517 2636; x_wconf 73' lang='lat' dir='ltr'><strong>Praeter</strong></span> <span class='ocrx_word' id='word_1_524' title='bbox 1549 2595 1663 2623; x_wconf 78' lang='lat' dir='ltr'><strong>ceteros</strong></span> 
     </span>
     <span class='ocr_line' id='line_1_72' title="bbox 886 2638 1663 2680; baseline -0.009 -6"><span class='ocrx_word' id='word_1_525' title='bbox 886 2643 919 2675; x_wconf 91' lang='lat' dir='ltr'><strong>h.</strong></span> <span class='ocrx_word' id='word_1_526' title='bbox 945 2655 973 2674; x_wconf 89' lang='lat' dir='ltr'><strong>e.</strong></span> <span class='ocrx_word' id='word_1_527' title='bbox 1000 2649 1185 2674; x_wconf 84' lang='lat' dir='ltr'><strong>ceterorum</strong></span> <span class='ocrx_word' id='word_1_528' title='bbox 1207 2642 1359 2674; x_wconf 83' lang='lat' dir='ltr'><strong>maxime.</strong></span> <span class='ocrx_word' id='word_1_529' title='bbox 1408 2638 1539 2680; x_wconf 87' lang='lat' dir='ltr'><strong>Optime</strong></span> <span class='ocrx_word' id='word_1_530' title='bbox 1563 2638 1663 2669; x_wconf 82' lang='lat' dir='ltr'><strong>Mose-</strong></span> 
     </span>
     <span class='ocr_line' id='line_1_73' title="bbox 888 2687 1664 2728; baseline -0.008 -8"><span class='ocrx_word' id='word_1_531' title='bbox 888 2699 963 2721; x_wconf 86' lang='lat' dir='ltr'><strong>rus:</strong></span> <span class='ocrx_word' id='word_1_532' title='bbox 1001 2688 1224 2720; x_wconf 85' lang='lat' dir='ltr'><strong>Locutionem</strong></span> <span class='ocrx_word' id='word_1_533' title='bbox 1265 2690 1389 2728; x_wconf 72' lang='lat' dir='ltr'><strong>praeter</strong></span> <span class='ocrx_word' id='word_1_534' title='bbox 1423 2687 1535 2715; x_wconf 72' lang='lat' dir='ltr'><strong>ceteros</strong></span> <span class='ocrx_word' id='word_1_535' title='bbox 1574 2688 1664 2714; x_wconf 86' lang='lat' dir='ltr'><strong>amat</strong></span> 
     </span>
     <span class='ocr_line' id='line_1_74' title="bbox 893 2728 1665 2776; baseline -0.01 -10"><span class='ocrx_word' id='word_1_536' title='bbox 893 2734 1030 2773; x_wconf 86' lang='lat' dir='ltr'><strong>Cicero,</strong></span> <span class='ocrx_word' id='word_1_537' title='bbox 1067 2733 1127 2765; x_wconf 87' lang='lat' dir='ltr'><strong>sed</strong></span> <span class='ocrx_word' id='word_1_538' title='bbox 1149 2744 1315 2776; x_wconf 81' lang='lat' dir='ltr'><strong>nunquam</strong></span> <span class='ocrx_word' id='word_1_539' title='bbox 1339 2742 1376 2762; x_wconf 78' lang='lat' dir='ltr'><strong>ea</strong></span> <span class='ocrx_word' id='word_1_540' title='bbox 1400 2729 1446 2760; x_wconf 85' lang='lat' dir='ltr'><strong>ita</strong></span> <span class='ocrx_word' id='word_1_541' title='bbox 1471 2728 1592 2766; x_wconf 78' lang='lat' dir='ltr'><strong>utitur,</strong></span> <span class='ocrx_word' id='word_1_542' title='bbox 1628 2735 1665 2760; x_wconf 84' lang='lat' dir='ltr'><strong>ut</strong></span> 
     </span>
     <span class='ocr_line' id='line_1_75' title="bbox 889 2773 1665 2823; baseline -0.008 -11"><span class='ocrx_word' id='word_1_543' title='bbox 889 2780 934 2811; x_wconf 84' lang='lat' dir='ltr'><strong>sit</strong></span> <span class='ocrx_word' id='word_1_544' title='bbox 957 2779 978 2812; x_wconf 89' lang='lat' dir='ltr'><strong>i.</strong></span> <span class='ocrx_word' id='word_1_545' title='bbox 1005 2791 1036 2823; x_wconf 93' lang='lat' dir='ltr'><strong>q.</strong></span> <span class='ocrx_word' id='word_1_546' title='bbox 1067 2778 1183 2811; x_wconf 84' lang='lat' dir='ltr'><strong>ceteris</strong></span> <span class='ocrx_word' id='word_1_547' title='bbox 1209 2776 1367 2814; x_wconf 82' lang='lat' dir='ltr'><strong>exclusis,</strong></span> <span class='ocrx_word' id='word_1_548' title='bbox 1402 2786 1446 2806; x_wconf 87' lang='lat' dir='ltr'><strong>ne</strong></span> <span class='ocrx_word' id='word_1_549' title='bbox 1468 2785 1509 2806; x_wconf 90' lang='lat' dir='ltr'><strong>eo</strong></span> <span class='ocrx_word' id='word_1_550' title='bbox 1529 2773 1665 2818; x_wconf 86' lang='lat' dir='ltr'><strong>quidem</strong></span> 
     </span>
     <span class='ocr_line' id='line_1_76' title="bbox 890 2821 1668 2868; baseline -0.009 -10"><span class='ocrx_word' id='word_1_551' title='bbox 890 2825 968 2858; x_wconf 91' lang='lat' dir='ltr'><strong>loco</strong></span> <span class='ocrx_word' id='word_1_552' title='bbox 984 2850 991 2863; x_wconf 96' lang='lat'>‚</span> <span class='ocrx_word' id='word_1_553' title='bbox 1029 2836 1094 2868; x_wconf 89' lang='lat' dir='ltr'><strong>quo</strong></span> <span class='ocrx_word' id='word_1_554' title='bbox 1118 2823 1202 2855; x_wconf 85' lang='lat' dir='ltr'><strong>dixit</strong></span> <span class='ocrx_word' id='word_1_555' title='bbox 1221 2832 1302 2855; x_wconf 82' lang='lat' dir='ltr'><strong>unus</strong></span> <span class='ocrx_word' id='word_1_556' title='bbox 1321 2824 1446 2862; x_wconf 79' lang='lat' dir='ltr'><strong>praeter</strong></span> <span class='ocrx_word' id='word_1_557' title='bbox 1465 2830 1491 2852; x_wconf 91' lang='lat' dir='ltr'><strong>c.</strong></span> <span class='ocrx_word' id='word_1_558' title='bbox 1515 2821 1668 2852; x_wconf 76' lang='lat' dir='ltr'><strong>adiuvisti</strong></span> 
     </span>
     <span class='ocr_line' id='line_1_77' title="bbox 893 2864 1666 2910; baseline -0.006 -8"><span class='ocrx_word' id='word_1_559' title='bbox 893 2870 937 2903; x_wconf 85' lang='lat' dir='ltr'><strong>ad</strong></span> <span class='ocrx_word' id='word_1_560' title='bbox 958 2871 1021 2910; x_wconf 90' lang='lat' dir='ltr'><strong>Qu.</strong></span> <span class='ocrx_word' id='word_1_561' title='bbox 1046 2870 1099 2902; x_wconf 90' lang='lat' dir='ltr'><strong>Fr.</strong></span> <span class='ocrx_word' id='word_1_562' title='bbox 1124 2870 1150 2900; x_wconf 91' lang='grc' dir='ltr'><strong>Ι.</strong></span> <span class='ocrx_word' id='word_1_563' title='bbox 1175 2868 1214 2907; x_wconf 91' lang='grc'><strong>1,</strong></span> <span class='ocrx_word' id='word_1_564' title='bbox 1242 2868 1293 2900; x_wconf 76' lang='lat'><strong>15.</strong></span> <span class='ocrx_word' id='word_1_565' title='bbox 1341 2865 1391 2898; x_wconf 86' lang='lat' dir='ltr'><strong>lbi</strong></span> <span class='ocrx_word' id='word_1_566' title='bbox 1417 2876 1500 2898; x_wconf 85' lang='lat' dir='ltr'><strong>unus</strong></span> <span class='ocrx_word' id='word_1_567' title='bbox 1526 2864 1666 2898; x_wconf 86' lang='lat' dir='ltr'><strong>inservit</strong></span> 
     </span>
    </p>
   </div>
   <div class='ocr_carea' id='block_1_9' title="bbox 893 2910 1669 3000">
    <p class='ocr_par' dir='ltr' id='par_1_14' title="bbox 893 2910 1669 3000">
     <span class='ocr_line' id='line_1_78' title="bbox 893 2910 1538 2955; baseline -0.009 -6"><span class='ocrx_word' id='word_1_568' title='bbox 893 2913 1130 2949; x_wconf 81' lang='lat' dir='ltr'><strong>tantummodo</strong></span> <span class='ocrx_word' id='word_1_569' title='bbox 1154 2912 1305 2955; x_wconf 81' lang='lat' dir='ltr'><strong>augendo</strong></span> <span class='ocrx_word' id='word_1_570' title='bbox 1325 2910 1538 2955; x_wconf 83' lang='lat' dir='ltr'><strong>superlativo.</strong></span> 
     </span>
     <span class='ocr_line' id='line_1_79' title="bbox 966 2956 1669 3000; baseline -0.006 -8"><span class='ocrx_word' id='word_1_571' title='bbox 966 2960 1044 2992; x_wconf 75' lang='lat' dir='ltr'><strong>CAP.</strong></span> <span class='ocrx_word' id='word_1_572' title='bbox 1058 2958 1216 2991; x_wconf 83' lang='lat' dir='ltr'><strong>XLVIII.</strong></span> <span class='ocrx_word' id='word_1_573' title='bbox 1240 2957 1313 2992; x_wconf 84' lang='lat'><strong>115.</strong></span> <span class='ocrx_word' id='word_1_574' title='bbox 1339 2960 1373 2990; x_wconf 87' lang='lat' dir='ltr'><strong>in</strong></span> <span class='ocrx_word' id='word_1_575' title='bbox 1387 2958 1586 3000; x_wconf 77' lang='lat' dir='ltr'><strong>Cresphonte]</strong></span> <span class='ocrx_word' id='word_1_576' title='bbox 1613 2956 1669 2989; x_wconf 85' lang='lat' dir='ltr'><strong>Sic</strong></span> 
     </span>
    </p>
   </div>
  </div>
 </body>
</html>
