1811 3101
108 33 136 76 6
727 42 1075 77 PROLEGOMENA.

113 126 400 164 sententiarum
428 127 608 164 ubertate
627 125 908 177 gravissimus,
938 139 1018 178 quo
1038 125 1288 177 ostenditur,
1317 127 1511 166 virtutem
1538 138 1580 166 se
1605 126 1692 180 ipsa

113 200 338 233 contentam
368 207 448 232 esse
477 194 528 232 ad
557 194 680 233 vitam
709 194 874 233 beatam.

199 304 248 348 V.
311 303 385 347 De
410 305 630 361 fontibus,
661 305 811 361 quibus
845 305 999 349 Cicero
1028 320 1130 349 usus
1160 310 1224 349 est
1252 307 1299 348 in
1333 305 1608 349 Tusculanis.

640 375 651 390 .

224 399 362 437 Cicero
388 398 687 451 philosophiam
712 413 821 438 suam
845 400 964 439 duxit
994 414 1013 439 e
1035 402 1278 439 Graecorum
1301 400 1501 450 sontibus,
1531 406 1571 439 et
1596 399 1692 452 qui-

111 468 198 505 dem
223 468 266 505 in
288 468 527 518 moralibus,
558 475 606 507 ut
627 483 749 522 supra
770 469 1142 518 demonstravimus,
1171 469 1382 507 maximam
1403 475 1559 521 partem
1577 468 1690 507 Stoi-

111 549 249 574 corum
270 536 448 588 vestigiis
470 537 670 588 ingressus
687 544 757 576 est.
811 538 877 576 Sic
893 539 1140 576 Tusculanae
1163 538 1459 590 Disputationes
1481 544 1590 577 totae
1609 538 1692 576 sere

111 611 374 642 manaverunt
398 619 418 642 e
440 606 666 644 Stoicorum
687 607 880 645 fontibus.
938 607 982 645 In
1003 607 1136 659 primo
1161 614 1292 645 autem
1314 607 1443 656 libro,
1473 606 1545 658 qui
1565 611 1625 645 est
1641 605 1692 644 de

110 672 397 711 contemnenda
423 681 572 723 morte,
602 676 688 713 fuse
713 676 829 713 etiam
852 682 970 727 atque
997 676 1157 728 copiose
1184 674 1450 727 pertractavit
1478 674 1610 713 locum
1642 673 1692 713 de

109 740 333 780 animorum
361 741 676 782 immortalitate:
710 758 824 795 quem
848 759 974 796 paene
1000 751 1131 783 totum
1164 757 1213 782 ex
1234 744 1399 782 Platone
1427 743 1593 795 petivit,
1622 742 1692 794 qui

110 810 271 848 eandem
293 810 518 849 doctrinam
541 813 814 865 compluribus
838 814 1010 866 scriptis,
1036 813 1163 851 veluti
1181 811 1377 861 Phaedro,
1407 812 1590 860 Menone,
1619 811 1691 849 Ti-

113 891 242 927 maeo,
273 879 425 918 decimo
460 880 565 919 libro
593 882 641 920 de
673 882 910 934 Republica,
951 888 1184 934 persecutus
1215 888 1293 930 est,
1322 880 1492 918 maxime
1519 893 1618 918 vero
1647 879 1691 917 in

112 944 337 985 Phaedone.
395 949 441 986 In
472 950 648 988 secundo
673 950 797 999 libro,
835 951 905 1001 qui
937 951 1019 1002 agit
1052 950 1101 988 de
1128 949 1340 987 tolerando
1369 948 1529 998 dolore,
1557 947 1694 986 multis

113 1015 297 1065 partibus
327 1017 502 1066 Stoicos,
534 1019 678 1057 tacitus
700 1025 852 1067 tamen,
882 1025 1041 1056 secutus
1069 1017 1248 1056 videtur.
1305 1016 1350 1054 In
1373 1017 1497 1054 tertio
1522 1016 1628 1054 libro
1654 1022 1693 1055 et

118 1090 266 1133 quarto
284 1091 440 1123 tantum
470 1101 551 1124 non
574 1087 706 1125 onmia
730 1101 750 1125 e
772 1088 999 1126 Stoicorum
1023 1086 1202 1124 fontibus
1231 1085 1385 1135 hausit,
1417 1085 1596 1137 apprime
1615 1097 1692 1124 au-

117 1157 229 1190 ctore
249 1166 345 1191 usus
374 1161 431 1192 est
452 1154 703 1208 Chrysippo;
734 1157 800 1195 sed
831 1157 873 1194 in
897 1156 1018 1194 tertio
1043 1154 1179 1192 multis
1206 1154 1304 1192 locis
1324 1153 1557 1202 Crantoris,
1587 1152 1692 1191 Aca-

115 1218 275 1271 demici,
305 1219 396 1274 περὶ
418 1220 600 1269 πένθους
619 1225 768 1262 librum
793 1224 987 1263 imitando
1014 1222 1225 1275 expressit.
1282 1222 1329 1259 In
1352 1221 1494 1272 quinto
1516 1221 1622 1260 libro
1643 1234 1694 1260 ex

115 1287 301 1339 Platone,
330 1290 561 1341 Aristotele,
592 1292 890 1345 Theophrasto,
919 1294 1164 1341 Xenocrate,
1194 1290 1442 1342 Speusippo,
1470 1290 1694 1340 Polemone,

116 1362 155 1394 et
183 1370 280 1396 vero
309 1359 426 1398 etiam
456 1374 475 1399 e
503 1362 733 1400 Stoicorum
762 1362 878 1400 libris
909 1361 1132 1400 doctrinam
1161 1373 1272 1398 suam
1298 1359 1434 1397 duxit.

228 1425 272 1464 In
299 1436 495 1479 quattuor
516 1433 668 1481 primis
690 1431 1006 1469 Tusculanarum
1029 1429 1165 1478 libris,
1194 1434 1241 1466 ut
1267 1427 1311 1465 in
1335 1427 1422 1465 aliis
1442 1426 1490 1465 de
1510 1426 1695 1479 philoso-

117 1492 213 1544 phia
237 1495 418 1547 scriptis,
450 1497 554 1537 hanc
577 1499 620 1537 in
641 1499 877 1538 adhibendis
903 1498 1053 1550 graecis
1075 1496 1330 1550 philosophis
1352 1503 1511 1535 secutus
1531 1496 1697 1535 videtur

115 1562 409 1614 rationemhut
428 1579 553 1605 unum
574 1568 824 1619 potissimum
849 1581 965 1619 quem
991 1573 1224 1618 sequeretur
1247 1573 1462 1614 auctorem,
1494 1564 1695 1618 Chrysip-

117 1643 230 1681 pum,
261 1633 313 1671 ob
331 1635 468 1673 oculos
498 1635 664 1675 haberet
686 1644 725 1675 et
747 1637 797 1674 ad
819 1650 908 1674 eum
931 1649 1046 1674 suum
1070 1634 1253 1673 imitandi
1275 1634 1452 1672 studium
1475 1647 1694 1685 compone-

117 1705 200 1749 ret,
230 1714 304 1740 nec
327 1708 457 1741 tamen
482 1718 570 1742 eum
594 1712 864 1754 converteret,
895 1705 961 1743 sed
987 1719 1035 1742 ex
1057 1705 1139 1742 eius
1161 1703 1365 1741 sententiis
1385 1709 1504 1754 atque
1527 1702 1696 1742 decretis

117 1772 274 1807 tantum
306 1770 518 1822 delibaret,
548 1780 743 1824 quantum
773 1775 822 1812 ad
848 1787 930 1812 rem
953 1787 997 1811 ac
1020 1772 1231 1810 consilium
1256 1785 1370 1809 suum
1396 1771 1564 1809 maxime
1591 1785 1693 1810 con-

114 1837 220 1875 serre
246 1838 466 1878 videretur.
525 1842 660 1893 Neque
684 1849 857 1891 ceteros,
887 1842 956 1893 qui
983 1842 1087 1880 idem
1115 1847 1391 1892 argumentum
1411 1846 1690 1892 pertractave-

115 1911 235 1954 runt,
265 1919 434 1957 prorsus
458 1910 648 1960 neglexit5
678 1911 768 1960 sed,
801 1924 901 1962 quae
926 1911 969 1948 in
998 1910 1164 1962 singulis
1189 1909 1309 1947 rebus
1333 1909 1381 1947 ab
1406 1909 1455 1946 iis
1482 1908 1693 1961 elegantis-

115 1973 210 2012 sime
239 1981 354 2013 erant
385 1976 660 2028 aptissimeque
691 1979 916 2030 disputata,
958 1979 1096 2031 elegit,
1137 1991 1238 2029 quae
1266 1983 1398 2016 autem
1429 1978 1561 2016 minus
1586 1983 1694 2016 recte

117 2041 223 2080 dicta
244 2050 380 2092 erant,
410 2046 591 2095 notavit,
623 2053 673 2095 et,
703 2047 773 2084 ubi
794 2047 859 2085 ille
882 2061 996 2098 quem
1020 2047 1203 2097 sequitur
1224 2053 1367 2085 austor
1388 2060 1471 2085 rem
1495 2052 1581 2084 non*
1597 2045 1694 2084 satis

116 2118 301 2151 accurate
328 2113 544 2152 videbatur
573 2122 692 2166 atque
716 2115 874 2166 copiose
905 2129 1129 2166 exponere,
1159 2116 1256 2153 alios
1280 2116 1322 2153 in
1345 2114 1556 2153 consilium
1574 2113 1693 2153 adhi-

116 2180 204 2219 buit
225 2181 442 2233 scriptores
474 2190 534 2232 et,
566 2197 665 2234 quae
693 2184 741 2221 ab
768 2184 837 2221 illo
865 2184 1141 2235 praetermissa
1162 2190 1297 2232 erant,
1326 2197 1376 2221 ex
1402 2184 1451 2221 iis
1475 2183 1695 2235 supplevit.

115 2249 192 2286 Sed
220 2251 347 2301 probe
379 2251 592 2290 tenendum
623 2259 699 2302 est,
730 2252 959 2291 Ciceronem
984 2252 1052 2299 iis,
1082 2252 1125 2289 in
1149 2252 1294 2302 quibus
1319 2265 1479 2303 graecos
1508 2258 1694 2290 auctores

116 2324 275 2357 secutus
296 2326 374 2368 est,
403 2333 517 2358 suum
546 2321 677 2372 ipsum
699 2321 928 2359 adiunxisse
952 2319 1144 2358 iudicium
1163 2316 1216 2373 ι).
1273 2320 1317 2357 In
1338 2319 1539 2357 imitandis
1562 2325 1692 2357 autem

119 2393 237 2437 atque
258 2388 527 2440 exprjmendjs
545 2404 778 2442 graecorum
799 2388 1134 2441 philosophorum
1159 2387 1319 2440 scriptis
1342 2394 1421 2426 tam
1439 2387 1584 2439 insigni
1606 2393 1692 2426 arte

118 2463 299 2495 versatus
322 2464 400 2507 est,
430 2465 476 2496 ut
499 2458 712 2497 sententias
737 2459 901 2496 illorum
924 2465 1042 2509 atque
1067 2463 1298 2508 argumenta
1320 2470 1403 2494 non
1428 2457 1546 2496 anxie
1569 2456 1691 2496 colle-

120 2524 235 2574 gisse,
265 2526 333 2565 sed
362 2540 410 2566 ex
440 2541 515 2566 suo
544 2527 671 2580 ipsius
700 2527 860 2580 ingenio
891 2526 1179 2578 exprompsisse
1208 2525 1410 2564 videatur.

282 2637 355 2679 VI.
417 2639 490 2682 De
512 2641 706 2707 proprio
743 2638 967 2682 Ciceronis
991 2637 1335 2693 philosophandi
1358 2650 1537 2693 ywere.

232 2729 310 2767 Iam
330 2745 442 2782 vero,
471 2735 503 2773 si
521 2734 723 2774 Ciceronis
743 2733 792 2772 de
814 2732 1072 2786 philosophia
1097 2732 1222 2769 libros
1244 2738 1281 2769 et
1302 2745 1419 2782 quam
1441 2731 1485 2768 in
1504 2730 1554 2769 iis
1574 2731 1693 2770 inivit

122 2795 433 2849 philosophandi
465 2804 659 2842 rationem
693 2803 813 2841 altius
839 2808 1161 2855 perscrutamur,
1193 2800 1397 2853 praeclare
1421 2799 1692 2851 intelligemus,

123 2877 204 2903 eam
221 2868 439 2919 saepissime
458 2873 640 2922 proxime
661 2872 845 2912 accedere
872 2871 922 2910 ad
947 2870 1177 2910 socraticam
1204 2869 1407 2908 rationem.
1470 2868 1692 2915 Enimvero,

216 2955 245 2987 1⁸
274 2956 314 2989 V.
343 2969 399 2990 uos
426 2959 457 2992 in
483 2960 566 2994 libro
591 2962 681 2996 dieto
707 2974 739 3006 p.
755 2959 798 2995 91
818 2973 868 3005 sq.
