1843 3085
173 70 235 88 „a
731 45 901 79 LIBER
924 47 951 79 1.
975 42 1041 88 46,
1067 44 1146 79 110.

157 129 337 170 fuerunt:
371 141 471 183 quae
494 127 640 168 utinam
667 125 882 181 potuissem
910 124 1045 166 obire!
1079 123 1192 167 Nihil
1214 124 1318 166 enim
1339 123 1417 165 iam
1439 124 1730 179 acquirebatur,

159 202 354 244 cumulata
390 208 502 242 erant
534 200 658 242 officia
686 200 816 251 vitae,
859 213 944 240 cum
984 199 1139 240 fortuna
1174 199 1275 239 bella
1309 197 1525 239 restabant.
1600 196 1733 253 Quare

162 276 196 318 si
221 276 306 331 ipsa
332 276 431 316 ratio
453 275 581 316 minus
607 273 802 328 perficiet,
845 280 887 314 ut
908 280 1071 314 mortem
1094 272 1294 327 negligere
1318 271 1538 327 possimu33
1583 280 1624 314 at
1652 273 1734 315 vita

162 356 248 391 aeta
275 349 474 404 perficiat,
514 355 556 388 ut
583 347 677 388 satis
701 361 893 402 superque
913 347 1065 389 vixisse
1090 346 1308 389 videamur.
1371 344 1604 402 Quanquam
1631 347 1735 388 enim

162 436 305 465 sensus
332 422 498 473 abierit,
539 429 667 463 tamen
697 422 779 462 suis
804 428 841 462 et
864 421 1030 476 propriis
1051 420 1163 461 bonis
1190 419 1312 461 laudis
1334 427 1373 460 et
1392 419 1541 474 gloriae
1557 452 1568 471 ,
1602 435 1737 475 quam-

162 497 224 538 vis
246 511 324 537 non
345 496 530 547 sentiant,
563 495 706 536 mortui
727 509 806 536 non
828 502 978 540 carent.
1042 493 1128 534 Etsi
1153 494 1255 535 enim
1276 493 1369 534 nihil
1391 493 1506 534 habet
1526 494 1565 535 in
1586 508 1629 535 se
1653 494 1737 549 glo-

161 571 247 622 ria,
280 584 351 611 cur
380 576 613 625 expetatur,
647 577 778 610 tamen
807 569 992 610 virtutem
1025 575 1206 623 tanquam
1239 568 1374 608 umbra
1405 567 1596 622 sequitur.

274 642 433 684 XLVI.
482 649 576 684 110.
610 642 760 685 Verum
785 643 1039 683 multitudinis
1066 643 1247 683 iudicium
1274 641 1320 681 de
1346 640 1484 693 bonis,
1527 641 1560 682 si
1583 641 1738 695 quando

164 724 249 769 est,
284 718 408 772 magis
433 717 664 758 laudandum
691 724 775 768 est,
822 730 935 771 quam
964 716 1015 756 illi
1037 717 1084 757 ob
1114 731 1199 757 eam
1227 729 1310 756 rem
1339 700 1460 756 beati.
1530 713 1626 756 Non
1649 728 1739 769 pos-

164 806 249 833 sum
273 799 402 832 autem
426 792 582 843 dicere,
627 806 780 846 quoquo
809 791 922 831 modo
952 790 1023 830 hoc
1052 790 1291 845 accipietur,
1334 788 1588 845 Lycurgum,
1623 787 1740 831 Solo-

164 879 282 918 nem,
333 866 462 920 }egum
499 872 538 906 et
572 866 745 920 publicae
779 864 1006 919 disciplinae
1044 877 1181 905 carere
1219 863 1369 918 gloria:
1413 862 1739 913 Themistoclem,

162 937 472 995 Epaminondam
496 940 658 980 bellicae
679 940 851 979 virtutis.
913 937 1020 978 Ante
1054 938 1156 977 enim
1183 926 1420 978 Salaminam
1441 936 1562 991 ipsam
1586 934 1742 990 Neptu-

166 1027 240 1054 nus
270 1014 430 1065 obruet,
477 1027 590 1068 quam
623 1012 828 1054 Salaminii
861 1011 1011 1066 tropaei
1044 1010 1301 1061 memoriam3
1355 1009 1539 1064 priusque
1573 1006 1743 1050 Boeotia

169 1131 240 1152 cam
256 1120 392 1152 Rhetor.
409 1122 538 1152 Suasor.
555 1121 628 1152 VII.
648 1132 680 1164 p.
693 1119 747 1153 37.
765 1119 817 1152 ed.
834 1120 938 1151 Gron.

172 1164 276 1198 1672:
304 1166 361 1205 „Si
378 1166 419 1198 ad
442 1165 639 1197 desiderium
656 1166 770 1209 populi
790 1165 938 1209 respiciS,

172 1210 308 1250 Cicero,
333 1212 466 1255 quando
488 1212 643 1255 perieris,
670 1223 784 1254 parum
808 1210 939 1248 vixisti3

169 1255 196 1287 si
219 1255 258 1287 ad
281 1268 331 1288 rcs
355 1264 487 1299 gestas,
516 1257 595 1288 satis
619 1256 746 1293 vixisti,
772 1256 797 1287 si
821 1256 863 1287 ad
884 1256 938 1286 in·-

169 1301 267 1333 itu-ias
290 1302 444 1334 fortunae
467 1308 499 1334 et
523 1309 732 1345 praesentem
756 1301 803 1332 rei
825 1300 939 1344 publi-

173 1358 230 1377 cae
260 1353 401 1387 statum,
435 1347 571 1378 nimium
603 1347 658 1377 diu
683 1346 810 1383 vixisti,
848 1346 874 1377 si
897 1346 940 1377 ad

169 1392 363 1424 memoriam
377 1404 513 1435 operum
527 1399 670 1432 tuorum,
691 1403 822 1435 semper
835 1392 941 1423 victu-

172 1448 227 1479 rus
251 1441 322 1468 es.“

244 1493 324 1523 quae
339 1485 458 1514 utinam
475 1485 643 1522 potuissem
662 1482 758 1526 obire]
787 1484 876 1515 obire
893 1492 941 1522 ea,

171 1538 253 1568 quae
284 1530 327 1559 ad
349 1532 476 1560 mortem
499 1531 678 1568 tempestiva
703 1532 773 1559 sunt
804 1534 854 1559 cst
876 1539 939 1570 op-

172 1572 324 1615 portunis
340 1573 503 1604 moriendi
517 1573 720 1616 temporibus
737 1585 801 1604 non
816 1573 940 1611 deesse,

175 1617 358 1662 codemque
379 1619 449 1649 fere
468 1618 569 1650 modo
586 1618 719 1655 dictum,
745 1630 810 1661 quo
828 1621 940 1657 locum,

174 1667 293 1704 tempus
314 1666 396 1695 obire
415 1663 546 1695 dicitur.
578 1667 770 1707 Anonymus
790 1676 842 1706 ap.
876 1663 943 1693 Oli-

172 1715 285 1741 vetum
308 1716 477 1751 comparat
501 1719 548 1750 pr.
571 1709 687 1740 Milon.
706 1711 745 1740 10
760 1734 767 1746 ‚
792 1709 854 1741 *λῖς
882 1707 943 1738 nisi

174 1757 255 1786 obire
279 1754 434 1786 facinoris
455 1757 556 1786 locum
575 1758 754 1794 tempusque
776 1753 944 1784 voluisset.

174 1799 318 1837 Lael.'.3,
344 1799 384 1833 7:
409 1806 444 1831 tu
467 1811 533 1830 non
556 1799 700 1840 affuisti,
726 1799 781 1840 qui
801 1798 945 1840 diligen-

174 1845 299 1876 tissime
320 1856 450 1888 semper
466 1844 558 1876 illum
577 1846 660 1876 diem
682 1851 714 1876 et
730 1844 812 1875 illud
834 1854 946 1875 munus

175 1890 290 1921 solitus
311 1902 396 1921 esses
413 1892 504 1922 obire.
544 1892 676 1923 Orellius
690 1901 707 1921 e
721 1892 843 1922 Davisii
859 1888 944 1919 coni.

175 1934 269 1966 dedit
285 1946 379 1974 quam
401 1946 460 1977 pro
478 1946 581 1976 quae;
604 1935 662 1966 sed
680 1947 778 1978 quum
795 1934 947 1966 codicum

175 1979 278 2011 lectio
296 1980 378 2011 locis
400 1981 507 2012 allatis
529 1980 608 2012 satis
627 1980 764 2012 defensa
784 1980 849 2019 sit,
874 1990 946 2010 eam

177 2025 401 2057 revocandam
425 2025 579 2057 iudicavi.

243 2072 406 2102 cunmlata
423 2074 510 2101 erant
530 2072 635 2110 officia
655 2070 753 2112 vitae]
779 2071 819 2100 H.
836 2081 863 2101 e.
887 2081 943 2101 cu-

175 2114 299 2147 mulate
318 2114 524 2146 satisfactum
545 2121 616 2146 erat
636 2115 753 2145 officiis
779 2115 877 2146 vitae.

244 2170 314 2192 cum
331 2162 457 2200 fortuna
471 2159 563 2202 bella]
584 2159 874 2197 „Conflictandum
888 2159 946 2190 ad-

176 2205 241 2238 huc
264 2212 335 2236 erat
359 2216 431 2235 cum
457 2205 627 2236 sortuna.“

245 2253 316 2291 ipsa
335 2249 430 2292 ratio]
457 2250 498 2280 H.
516 2261 544 2280 e.
569 2256 761 2292 argumenta
782 2261 799 2281 a
821 2261 873 2281 me
894 2249 946 2280 a!-

177 2295 245 2328 lata
269 2295 310 2327 ad
338 2294 615 2326 contemnendam
637 2301 778 2325 mortem

243 2343 393 2373 virtulem
409 2344 559 2379 tanquam
573 2342 684 2371 umbra
698 2341 848 2381 sequitur]
872 2340 947 2371 Pul-

180 2387 258 2418 chre
289 2385 424 2416 dictum.
484 2384 537 2415 sic
567 2387 691 2416 Seneca
722 2397 773 2426 ep.
797 2385 859 2423 75³,
888 2385 943 2416 ll:

177 2431 308 2474 „gloria
331 2430 442 2462 umbra
465 2429 596 2460 virtutis
618 2437 678 2467 est,
705 2430 804 2461 etiam
823 2429 946 2461 invitos

178 2476 434 2509 comital)itur:⁴‘
460 2487 542 2518 qnae
564 2481 635 2505 tota
659 2475 799 2516 epistola
820 2475 945 2516 ‹lignis-

179 2522 261 2554 sima
281 2528 349 2561 est,
376 2532 459 2565 quae
481 2531 553 2552 cum
574 2526 690 2552 nostro
712 2519 787 2551 loco
810 2530 946 2562 compa—

176 2574 279 2600 retur.

249 2612 327 2644 CAP.
348 2612 472 2643 XLVI.
513 2610 585 2642 110.
624 2612 733 2641 Verum
751 2608 830 2651 eta]
861 2611 946 2640 Sen-

177 2657 284 2690 tentia
309 2664 359 2689 est
381 2657 480 2688 haec:
506 2657 628 2686 Verum
651 2653 870 2685 multitudinis
893 2653 946 2684 iu-

179 2703 302 2735 dicium
337 2702 378 2734 de
401 2701 498 2734 bonis
522 2700 728 2738 hominibus,
765 2699 793 2729 si
816 2698 947 2741 quando

181 2754 231 2780 est
259 2750 318 2791 (sc.
342 2748 490 2788 verum-1,
525 2746 628 2788 magis
651 2744 714 2788 ipsi
744 2743 946 2775 multitudini

180 2793 270 2825 laudi
296 2799 367 2829 est,
404 2804 501 2836 quam
525 2791 606 2823 boni
628 2790 776 2823 homines
812 2789 854 2821 ob
877 2800 948 2819 eam

181 2848 272 2875 rem,
313 2837 401 2881 quod
436 2848 549 2869 eorum
580 2848 632 2869 res
663 2841 775 2881 gestae
808 2846 827 2866 a
860 2834 949 2865 mul-

181 2881 322 2914 titudine
356 2883 581 2921 celebrantur,
617 2880 706 2913 beati
738 2878 949 2924 praedicandi

182 2932 271 2958 sunt.

1041 1130 1162 1161 quoquo
1183 1120 1275 1151 modo
1296 1119 1351 1150 hoc
1367 1116 1551 1160 accipietur]
1577 1115 1631 1149 Sic
1651 1122 1743 1149 recte

975 1166 1090 1208 optimi
1107 1165 1203 1196 codd.
1225 1164 1351 1196 habent
1373 1174 1434 1206 pro
1455 1162 1542 1205 vulg.
1557 1164 1743 1202 accipiatur.

974 1212 1011 1241 In
1037 1210 1197 1242 eiusmodi
1230 1208 1512 1240 enuntiationibus
1542 1206 1742 1239 indicativus

973 1256 1139 1298 legitimus
1162 1261 1220 1286 est.
1278 1256 1383 1296 Supra
1407 1265 1434 1285 c.
1452 1250 1518 1292 34,
1544 1253 1606 1286 82:
1633 1259 1743 1284 totum

974 1301 1040 1333 hoc
1063 1301 1135 1332 leve
1159 1307 1227 1339 est,
1253 1302 1464 1340 qualecunque
1485 1302 1537 1330 est.
1574 1296 1629 1337 47,
1658 1298 1743 1330 112:

975 1358 1057 1378 aveo
1078 1345 1210 1382 audire,
1236 1346 1383 1386 quicquid
1405 1348 1457 1376 esi.
1507 1343 1559 1374 Cf.
1583 1346 1682 1375 Kritz.
1703 1342 1748 1375 ad

976 1391 1052 1423 Sall.
1077 1392 1147 1423 Cat.
1173 1392 1228 1429 53,
1250 1392 1280 1423 ὁ
1307 1387 1429 1432 μ’.)64.
1469 1391 1606 1420 Kilhner.
1625 1389 1664 1419 L.
1683 1388 1745 1420 Gr.
1796 1387 1813 1393 ’”

977 1438 1003 1479 ti.
1021 1435 1117 1469 141›.b
1131 1437 1160 1476 a)
1180 1435 1286 1479 μόὃὸ
1300 1447 1348 1478 sq.
1364 1434 1415 1466 ed.
1427 1435 1459 1466 2.
1494 1434 1597 1466 Recte
1615 1433 1746 1466 videtur

978 1485 1109 1515 Orellius
1132 1482 1240 1512 locum
1270 1479 1490 1512 intellexisse:
1522 1478 1635 1518 „doeh
1657 1479 1746 1510 kann

974 1527 1029 1558 ich
1047 1539 1080 1558 es
1096 1527 1187 1559 nicht
1208 1526 1288 1557 iiber
1306 1525 1392 1557 mich
1409 1525 1559 1567 bringen,
1581 1536 1620 1556 zu
1633 1536 1745 1567 sagen,

977 1573 1037 1604 wie
1068 1585 1143 1604 man
1174 1572 1256 1603 ancli
1282 1571 1371 1602 diese
1394 1571 1502 1601 meine
1528 1570 1745 1613 Beliauptung

977 1618 1175 1649 aut'nehnwn
1192 1617 1257 1648 und
1268 1616 1434 1648 vielleicht
1448 1615 1747 1659 unphilosophisch

976 1663 1087 1694 finden
1113 1662 1229 1693 wixdf‘

1046 1711 1187 1748 publicae
1220 1706 1416 1749 disciplinae]
1440 1708 1672 1746 „Disciplinam
1705 1704 1747 1737 de

978 1753 1026 1785 rei
1061 1753 1210 1795 publicae
1244 1751 1452 1782 institutione
1485 1751 1597 1794 posuit
1632 1750 1747 1782 Cicero

981 1799 1078 1830 etiam
1102 1799 1141 1829 N.
1161 1799 1197 1828 D.
1215 1798 1271 1828 III.
1287 1797 1329 1829 :55
1344 1821 1351 1835 ,
1376 1797 1438 1829 55:
1465 1807 1516 1828 res
1536 1795 1669 1839 publica
1690 1807 1748 1827 ra-

979 1844 1070 1875 tione
1095 1843 1234 1886 quadam
1257 1847 1290 1872 et
1311 1841 1484 1884 disciplina
1507 1841 1690 1884 designata.
1703 1841 1748 1872 ib.

980 1890 1034 1927 5¹1),
1050 1888 1090 1921 §31
1106 1901 1112 1920 :
1137 1886 1475 1919 Lacedaemoniorum
1489 1886 1750 1929 disciplinam-—

981 1946 999 1967 a
1022 1936 1176 1977 Lycurgo
1199 1933 1347 1964 (Ιιιιειιῃέι
1395 1934 1543 1964 Moserus.

1050 1979 1265 2019 Salaminam]
1310 1979 1436 2018 Wolfius
1468 1988 1496 2008 c.
1532 1976 1591 2008 Ed.
1617 1977 1747 2008 Manat.

982 2025 1086 2057 edidit
1100 2026 1287 2057 Salamina:
1310 2021 1398 2065 quod
1411 2022 1439 2053 si
1453 2021 1550 2054 codd.
1566 2021 1632 2053 ullo
1645 2021 1748 2054 modo

981 2077 1153 2101 tuerentur
1166 2095 1174 2109 ,
1197 2069 1339 2100 libenter
1356 2067 1562 2110 recepissem.
1610 2069 1750 2100 Tenen-

983 2116 1059 2146 dum
1081 2123 1130 2146 est
1150 2115 1235 2146 enim
1248 2138 1256 2152 ,
1283 2113 1443 2145 eiusmodi
1463 2112 1596 2145 nomina
1620 2112 1750 2144 urbium

983 2168 1016 2192 et
1041 2161 1187 2191 locorum
1210 2159 1298 2201 apud
1322 2170 1439 2190 aureae
1461 2152 1578 2190 aetatis
1603 2158 1750 2201 scripto—-

982 2218 1032 2237 res
1056 2206 1085 2235 in
1110 2205 1298 2237 accusativo
1320 2204 1512 2247 plerumque
1531 2203 1655 2235 latinae
1676 2209 1751 2234 ter-

982 2251 1047 2282 tiae
1073 2249 1303 2281 declinationis
1333 2249 1365 2280 in
1396 2260 1463 2289 em,
1502 2255 1537 2280 ut
1562 2250 1751 2288 Eleusinem,

981 2306 1216 2337 nonnunquam
1249 2306 1385 2337 graecae
1408 2294 1527 2326 tertiae
1550 2293 1751 2324 declinatio-

981 2341 1030 2372 nis
1063 2340 1095 2371 in
1127 2351 1168 2379 a,
1206 2347 1241 2371 ut
1271 2341 1456 2379 Salamina,
1480 2337 1751 2370 terminationem

982 2386 1104 2417 habene
1127 2386 1185 2428 (cf.
1212 2387 1347 2417 Kiiltner.
1370 2385 1408 2416 l..
1433 2385 1491 2416 Gr.
1516 2385 1544 2427 §.
1565 2385 1618 2416 21.
1646 2394 1678 2426 p.
1694 2380 1750 2416 34.

983 2431 1034 2462 ed.
1051 2431 1097 2471 ¹2.)
1113 2457 1121 2471 ,
1159 2430 1247 2474 apud
1269 2429 1463 2472 posterioris
1495 2435 1604 2460 antem
1634 2428 1752 2460 aetatis

981 2476 1160 2516 scriptores
1184 2476 1281 2506 ctiam
1308 2475 1430 2506 latinae
1454 2474 1579 2517 primae
1602 2473 1753 2506 deelina-

983 2521 1082 2552 tionis
1100 2521 1131 2552 in
1148 2531 1211 2561 am,
1232 2528 1267 2551 ut
1282 2523 1494 2560 Salaminam,
1513 2519 1638 2561 legibus
1652 2517 1751 2552 flecti.

982 2566 1036 2597 Sic
1057 2567 1168 2597 lustin.
1194 2566 1317 2597 XLIV.
1333 2566 1365 2604 3,
1391 2569 1430 2597 2:
1456 2567 1666 2597 Salaminam.
1701 2562 1751 2594 Id.

982 2613 1024 2651 Π,
1048 2611 1087 2644 7:
1119 2611 1160 2642 de
1183 2610 1389 2653 proprietate
1412 2612 1596 2642 Salaminae
1618 2608 1755 2642 insulae.

982 2659 1026 2687 At
1049 2655 1152 2687 Cicer.
1185 2655 1226 2686 de
1249 2655 1344 2685 Offic.
1371 2656 1393 2687 l.
1420 2657 1470 2691 ste,
1491 2654 1552 2686 61:
1581 2655 1754 2685 Salamine.

985 2700 1035 2731 Cf.
1056 2702 1214 2732 Bremium
1236 2699 1278 2730 ad
1300 2700 1398 2731 Corn.
1420 2700 1505 2741 Nep.
1530 2698 1692 2730 Themist.
1711 2700 1752 2735 It,

982 2746 1014 2777 ὅ.
1037 2755 1069 2786 p.
1084 2745 1137 2777 2⁷37.
1159 2751 1192 2775 ct
1211 2744 1252 2775 ad
1276 2743 1408 2776 Aristid.
1428 2745 1457 2775 ΙΙ
1472 2768 1480 2781 ,
1500 2745 1532 2775 ³1.
1559 2742 1659 2785 p.63.
1700 2743 1754 2774 Sic

986 2789 1089 2820 Cicer.
1104 2790 1143 2820 N.
1162 2790 1197 2820 D.
1214 2786 1307 2821 [422
1329 2788 1449 2820 omitto
1462 2790 1627 2820 Eleusina:
1652 2800 1754 2832 quan-

985 2846 1080 2877 quam
1103 2834 1146 2865 ibi
1168 2833 1264 2865 codd.
1285 2845 1488 2877 magnopere
1507 2833 1647 2871 variant,
1671 2833 1754 2865 mul-

985 2880 1075 2922 tique
1101 2879 1196 2911 codd.
1216 2879 1340 2910 habent
1360 2881 1553 2911 Eleusinem:
1577 2878 1667 2923 quod
1687 2889 1754 2910 non

985 2924 1205 2968 spernendum
1228 2924 1369 2956 videtur.
