1827 3117
181 67 237 109 80

180 158 296 213 idque
325 156 451 198 solum
490 167 607 205 esse,
652 152 753 208 quod
783 166 940 208 semper
969 153 1046 194 tale
1081 153 1156 205 sit,
1202 152 1315 207 quale
1341 151 1452 193 ἰδέαν
1477 152 1645 210 appellat
1673 153 1755 206 ille,

776 72 944 105 LIBER
967 74 993 108 1.
1015 71 1082 114 24,
1106 70 1162 106 59.

181 246 254 274 nos
280 231 449 287 speciem
465 229 496 283 ς)
529 243 607 270 non
631 227 755 283 potuit
780 227 932 268 animus
953 227 1050 268 haec
1076 227 1116 268 in
1136 241 1301 283 corpore
1324 227 1498 269 inclusus
1519 241 1756 282 agnoscere,

181 306 338 362 cognita
359 304 509 345 attulit:
544 316 597 343 ex
620 316 696 356 quo
718 308 794 342 tam
816 301 1021 342 multarum
1044 315 1176 342 rerum
1199 302 1435 356 cognitionis
1458 301 1662 342 admiratio
1687 302 1759 343 tol-

180 382 288 423 litur.
349 378 492 432 Neque
517 390 563 417 ea
586 376 698 430 plane
721 376 828 417 videt
852 376 1027 427 animus,
1070 391 1186 431 quum
1206 383 1370 431 repente
1395 375 1436 417 in
1456 383 1536 416 tam
1557 375 1758 417 insolitum

182 464 335 509 lamque
365 451 630 508 perturbatum
655 450 889 491 domicilium
913 450 1179 505 immigravitg
1221 450 1291 491 sed
1311 465 1428 505 quum
1454 464 1497 492 se
1521 450 1680 505 collegit
1701 456 1759 490 at-

179 543 252 585 que
285 526 506 576 recreavit,
551 531 631 565 tum
663 525 841 580 agnoscit
873 525 939 566 illa
972 524 1277 565 reminiscendo.
1347 522 1409 566 Ita
1438 525 1533 566 nihil
1561 532 1621 566 est
1655 525 1759 566 aliud

178 604 354 653 discere,
395 600 472 641 nisi
492 599 708 640 recordari.
771 604 841 639 59.
875 597 961 654 Ego
986 606 1115 639 autem
1137 599 1286 640 maiore
1307 599 1424 640 etiam
1446 599 1613 653 quodam
1637 599 1754 639 modo

176 676 404 718 memoriam
444 674 630 715 admiror.
705 671 809 727 Quid
852 680 913 714 est
950 673 1054 714 enim
1094 673 1212 724 illud,
1259 688 1335 728 quo
1366 673 1644 714 meminimus?
1688 679 1755 714 aut

178 766 292 806 quani
313 750 430 791 habet
458 748 567 790 vim?
606 754 672 788 aut
693 748 794 788 unde
818 748 1024 788 naturam?
1064 745 1159 788 Non
1181 761 1349 802 quaero,
1395 753 1540 802 quanta
1565 746 1755 788 memoria

178 824 402 868 Simonides
445 823 567 863 fuisse
608 822 784 874 dicatur3
833 829 977 876 quanta
1011 821 1288 874 Theodectes,
1335 829 1481 876 quanta
1520 821 1580 874 is,
1628 821 1691 876 qui
1733 835 1758 862 a

176 899 331 956 Pyrrho
358 898 510 952 legatus
534 897 580 937 ad
599 903 777 937 senatum
798 903 860 936 est
879 896 1037 946 missus,
1074 893 1235 947 Cineas,
1262 903 1405 951 quanta
1424 909 1550 950 nuper
1563 893 1758 937 Charma-

177 975 272 1026 das,
319 979 488 1027 quauta,
533 970 596 1025 qui
623 971 737 1010 modo
770 970 867 1022 suit,
913 967 1100 1024 Scepsius
1126 968 1405 1021 Metrodorus3
1449 976 1594 1024 quanta
1620 976 1758 1010 noster

176 1048 442 1089 Hortensius:
479 1046 525 1085 de
548 1044 743 1084 communi
766 1043 964 1084 hominum
990 1045 1179 1085 memoria
1199 1044 1361 1098 loquor,
1405 1049 1444 1084 et
1469 1056 1604 1084 eorum
1628 1042 1756 1084 maxi-

177 1136 264 1174 me,
309 1121 373 1176 qui
406 1120 445 1161 in
470 1119 597 1174 aliquo
629 1117 780 1159 maiore
805 1117 934 1159 studio
962 1125 1000 1159 et
1026 1125 1110 1159 arte
1136 1125 1373 1160 versantur:
1421 1131 1585 1173 quorum
1610 1124 1756 1173 quauta

177 1211 289 1239 mens
315 1196 390 1247 sit,
424 1194 574 1235 difficile
600 1200 662 1234 est
685 1192 944 1245 existimare3
977 1193 1031 1234 ita
1057 1193 1177 1233 multa
1201 1192 1480 1234 meminerunt.

175 1300 276 1332 hauc:
302 1297 337 1330 Id
353 1297 459 1329 solum
479 1295 543 1327 dici
562 1302 674 1339 potest
694 1305 757 1327 esse
773 1295 854 1338 (vere
873 1304 947 1335 esse,

178 1342 284 1382 ὅντως
303 1341 411 1383 εἶναι),
433 1336 522 1385 qu'od
537 1353 669 1384 semper
683 1341 749 1372 tale
768 1348 828 1378 est,
851 1340 947 1383 quale

177 1397 250 1429 est,
286 1400 417 1431 semper
439 1388 547 1426 idem,
583 1386 663 1418 nulli
686 1386 861 1417 mutationi
883 1386 944 1417 ob·-

176 1436 331 1473 noxium3
356 1434 440 1465 tales
460 1440 570 1465 autem
590 1439 666 1463 sunt
686 1444 753 1463 non
773 1443 824 1462 res
843 1431 945 1475 ipsae,

177 1493 261 1526 quae
284 1480 344 1512 sub
367 1491 480 1511 sensus
504 1478 644 1516 cadunt,
679 1477 738 1509 sed
758 1477 852 1508 ideae
872 1478 892 1508 i.
916 1489 943 1508 e.

175 1527 331 1560 notiones
365 1536 494 1562 rerum3
531 1535 613 1568 quae
647 1530 757 1555 autem
793 1534 844 1554 res
879 1534 946 1554 non

175 1584 306 1615 semper
328 1571 463 1603 eaedem
484 1577 569 1607 sunt,
590 1569 647 1601 sed
670 1569 818 1601 oriuntur
837 1575 870 1600 et
889 1568 944 1600 in-

175 1624 308 1650 tereunt
323 1623 568 1660 perpetuaeque
586 1614 762 1646 mutationi
784 1614 946 1646 obnoxiae

175 1670 275 1704 sunt,
312 1675 371 1695 eae
402 1672 471 1695 vere
503 1672 564 1694 esse
598 1660 664 1692 dici
694 1671 760 1692 non
786 1666 944 1703 possunt3

177 1721 277 1752 ergo,
299 1720 398 1752 quum
420 1708 515 1739 ideae
538 1706 760 1749 sempiternae
777 1706 854 1744 sint,
880 1716 946 1737 non

176 1755 289 1799 potuit
307 1754 433 1786 animus
454 1753 547 1792 haec,
566 1763 649 1795 quae
672 1763 749 1783 vere
770 1757 855 1789 sunt,
876 1758 946 1782 tum

177 1801 311 1833 demum
331 1810 543 1842 cognoscere,
565 1809 664 1840 quum
684 1797 716 1828 in
736 1808 876 1839 corpore.
896 1796 947 1828 in-

177 1847 282 1878 clusus
302 1853 370 1883 est,
395 1844 454 1876 sed
475 1843 608 1885 cognita
631 1855 668 1874 ea
690 1854 729 1873 ex
748 1842 859 1885 priore
880 1842 947 1874 vita

175 1892 210 1924 in
233 1893 320 1924 hanc
343 1890 443 1923 vitam
467 1888 615 1922 attulerit
637 1899 771 1920 necesse
795 1894 855 1919 est.

243 1939 326 1978 quod
350 1946 469 1976 semper
490 1937 550 1966 tole
573 1937 630 1973 sit,
655 1937 746 1974 qzcole
771 1932 862 1967 ἰδέαν
888 1943 948 1973 ap-

172 1985 270 2024 pellat
297 1982 361 2023 ille]
401 1981 534 2011 Brevius
569 1980 694 2011 dictum
727 1990 807 2022 pro:
855 1978 945 2022 quod

175 2039 308 2070 semper
337 2026 404 2057 tale
438 2026 503 2066 sit,
538 2025 632 2067 quale
655 2031 722 2055 est:
760 2024 849 2067 quod
875 2028 944 2066 (seu

176 2074 286 2117 quam)
325 2070 414 2106 ἰδέαν
442 2071 589 2113 appellat
624 2069 689 2101 ille.
741 2069 791 2100 Cf.
813 2069 945 2101 Acade-

175 2119 251 2152 mic.
270 2120 295 2149 I.
316 2117 356 2156 ὅ,
382 2116 443 2149 30:
470 2115 570 2158 „quia
594 2115 712 2158 (mens)
735 2115 806 2145 sola
827 2126 945 2146 cerue-

176 2171 229 2196 ret
260 2163 312 2200 id,
351 2161 442 2205 quod
463 2172 592 2204 semper
625 2166 711 2191 esset
738 2159 878 2201 simplex
912 2166 945 2191 et

174 2206 382 2246 uniusmodi,
420 2213 452 2238 et
475 2209 535 2238 lale
558 2208 650 2246 quale
672 2210 764 2237 esset:
789 2205 875 2236 hane
896 2205 944 2237 illi

174 2256 284 2288 ideam
307 2252 521 2295 appellabant
542 2271 587 2275 —
609 2263 670 2283 nos
693 2262 773 2283 vero
799 2250 944 2293 speciem

175 2310 349 2346 possumus
372 2298 520 2329 dicere.“

243 2354 429 2387 aynoscere,
464 2345 588 2383 coynila
618 2341 735 2384 attulit]
773 2344 945 2382 A9noscere

174 2392 209 2425 h.
232 2391 254 2423 1.
277 2390 364 2422 idem
384 2388 482 2426 valet,
506 2387 595 2430 quod
615 2397 805 2427 cognoscere.
840 2391 945 2427 Agno-

175 2447 258 2471 scere
280 2435 367 2468 enim
390 2434 528 2466 dicimur
556 2444 627 2471 res,
667 2443 802 2475 quarum
825 2431 945 2474 cogui-

175 2483 304 2515 tionem
321 2480 373 2513 vel
389 2479 561 2512 notionem
577 2484 654 2510 aute
673 2484 864 2521 perceptam
879 2477 944 2509 ha-

175 2529 310 2565 bemus;
344 2535 522 2567 coynoscere
543 2523 677 2556 omniuo
696 2534 747 2554 res
762 2548 770 2562 ‚
805 2522 838 2554 in
860 2534 941 2565 qua-

175 2586 248 2607 rum
269 2572 425 2605 notitiam
446 2570 588 2613 primum
614 2568 770 2600 venimus.
821 2568 944 2600 Verum

174 2621 257 2653 haec
276 2619 343 2650 duo
362 2615 525 2650 vocabula
544 2627 563 2647 a
582 2613 748 2646 veteribus
768 2612 945 2656 scriptori-

176 2666 236 2698 bus
260 2675 359 2707 saepe
381 2662 520 2696 confusa
548 2666 624 2692 sunt
645 2665 745 2703 atque
768 2659 943 2702 permixta,

176 2717 211 2743 et
233 2710 366 2755 quidem
389 2707 530 2741 crebrius
549 2715 746 2747 coynoscere,
771 2703 861 2747 quod
882 2716 944 2747 ge-

176 2755 375 2788 neraliorem
408 2753 512 2786 habet
538 2749 833 2794 significationem,
881 2761 943 2792 pro

177 2811 364 2842 agnoscere,
395 2811 494 2843 quam
525 2798 591 2830 hoc
626 2808 688 2840 pro
714 2795 773 2827 illo
798 2794 943 2838 positum

178 2847 351 2888 reperitur.
398 2844 514 2877 Paullo
534 2849 612 2886 post
634 2848 723 2874 recte
745 2840 871 2872 dictum
895 2846 944 2872 est

177 2894 316 2930 a9noscit
333 2893 390 2922 illa
407 2890 643 2922 reminiscendo.
677 2889 782 2930 Supra
797 2898 822 2918 c.
834 2885 866 2927 8,
883 2885 922 2919 15
936 2898 943 2918 ε

178 2936 248 2967 Iam
266 2945 400 2975 aynosco
426 2936 607 2967 Graecum:
634 2932 688 2965 ubi
707 2945 739 2964 v.
754 2931 840 2964 Adn.

245 2980 362 3023 Neque]
386 2980 429 3012 H.
445 2991 474 3012 e.
499 2991 607 3023 neque
625 2990 718 3021 vero,
739 2989 801 3010 nec
819 2983 941 3010 tamen.

982 1292 1074 1327 Lael.
1094 1296 1141 1331 V,
1170 1293 1230 1327 18:
1267 1294 1333 1326 Sed
1362 1294 1428 1327 hoc
1458 1293 1601 1338 primum
1632 1292 1752 1332 sentio,

983 1341 1044 1372 nisi
1075 1340 1108 1372 in
1132 1340 1227 1372 bonis
1250 1339 1427 1372 amicitiam
1453 1352 1523 1372 esse
1554 1351 1622 1371 non
1646 1349 1754 1382 posse.

981 1389 1083 1426 Neque
1104 1386 1137 1417 id
1158 1386 1201 1418 ad
1222 1386 1331 1418 vivum
1351 1397 1474 1418 reseco.
1525 1385 1575 1416 Cf.
1594 1386 1756 1417 Bremium

981 1431 1024 1463 ad
1049 1432 1173 1474 Nepot.
1199 1434 1296 1474 Ages.
1319 1433 1353 1470 1,
1377 1430 1410 1464 4.
1436 1443 1470 1474 p.
1490 1428 1569 1463 243.
1618 1430 1658 1462 V.
1682 1428 1756 1461 Ad-

980 1484 1096 1510 notata
1116 1477 1149 1509 in
1172 1489 1199 1509 c.
1213 1480 1253 1516 2,
1280 1475 1318 1510 4:
1346 1480 1504 1517 iacentque
1524 1485 1562 1508 ea
1579 1485 1709 1516 semper.

1049 1539 1103 1573 59.
1134 1539 1332 1583 memoriam]
1359 1538 1534 1582 Duplicem
1554 1537 1754 1570 sententiam

981 1585 1107 1618 nomini
1125 1588 1293 1617 memoriae
1311 1585 1426 1616 Cicero
1445 1583 1573 1615 tribuit.
1609 1582 1754 1615 Primum

982 1632 1068 1664 enim
1088 1643 1148 1674 per
1167 1642 1239 1663 eam
1257 1630 1421 1662 intellexit
1439 1641 1510 1661 eam
1534 1627 1682 1661 discendi
1702 1627 1753 1659 fa-

983 1678 1150 1714 cultatem,
1177 1689 1260 1720 quae
1278 1675 1459 1708 secundum
1478 1676 1650 1707 Platonem
1673 1684 1753 1706 con-

980 1730 1047 1755 stat
1071 1722 1104 1753 in
1130 1722 1362 1754 recordatione
1387 1732 1497 1753 earum
1520 1732 1648 1757 rerum,
1673 1729 1753 1763 quas

981 1769 1118 1806 animus,
1137 1774 1314 1811 antequam
1334 1767 1367 1798 in
1388 1777 1507 1808 corpus
1526 1764 1672 1804 intravit,
1693 1775 1753 1796 co-

981 1814 1088 1857 gnitas
1112 1813 1227 1852 habuit
1260 1819 1292 1844 et
1325 1824 1342 1844 e
1366 1811 1478 1855 priore
1509 1811 1578 1843 vita
1607 1810 1643 1843 in
1665 1809 1753 1842 hanc

981 1860 1113 1897 attulit;
1137 1866 1206 1890 tum
1227 1869 1298 1889 eam
1319 1857 1418 1889 animi
1439 1856 1642 1895 facultatem,
1667 1867 1751 1899 quae

981 1905 1081 1948 vulgo
1113 1905 1179 1937 hoc
1211 1903 1346 1936 nomine
1381 1901 1619 1945 comprehendi
1651 1901 1749 1940 solet,

983 1963 1064 1994 qua,
1100 1962 1184 1994 quae
1203 1950 1236 1981 in
1255 1950 1318 1981 hac
1340 1948 1407 1981 vita
1427 1947 1600 1986 discimus,
1636 1953 1751 1978 custo-

981 1996 1087 2028 dimus
1111 2002 1145 2028 et
1158 2021 1168 2038 ,
1185 1995 1260 2027 ·ubi
1281 2006 1363 2038 opus
1386 2001 1436 2026 est
1448 2019 1457 2035 ,
1492 2003 1649 2025 revocare
1666 2003 1752 2036 pos-

981 2054 1103 2074 sumus.

1049 2097 1240 2141 Simonides]
1284 2093 1389 2129 artem
1417 2093 1597 2128 memoriae
1625 2093 1751 2138 primus

978 2144 1154 2176 tradidisse
1176 2144 1307 2175 dicitur.
1357 2143 1408 2174 Cf.
1424 2140 1580 2182 Quinctil.
1598 2141 1679 2172 Inst.
1695 2141 1750 2171 Or.

978 2191 1040 2221 Χῐ.
1060 2190 1100 2226 2,
1130 2189 1180 2221 11.
1208 2189 1289 2220 Plin.
1314 2189 1357 2220 H.
1374 2189 1417 2220 N.
1441 2189 1519 2224 VH.
1545 2184 1600 2219 24.
1622 2184 1750 2217 Aelian.

979 2236 1019 2266 V.
1040 2235 1082 2265 H.
1102 2235 1166 2271 VI,
1193 2234 1244 2266 10.
1285 2233 1351 2266 Cic.
1375 2234 1417 2266 de
1437 2232 1599 2272 Divin.1‚
1628 2231 1684 2265 27.
1707 2229 1751 2262 de

980 2281 1071 2311 Orat.
1085 2280 1128 2310 11.
1142 2276 1186 2313 74
1198 2303 1206 2317 ,
1231 2277 1310 2311 ¹299.

1048 2339 1240 2383 Theodectes]
1263 2339 1419 2379 Quinctil.
1433 2339 1454 2372 l.
1468 2339 1499 2372 d.
1515 2337 1614 2384 §.51:
1637 2337 1750 2379 „Quin

977 2386 1080 2418 semel
1109 2385 1240 2417 auditos
1271 2385 1453 2429 quamlibet
1483 2384 1607 2417 multos
1634 2395 1749 2415 versus

978 2431 1130 2475 protinus
1153 2430 1274 2462 dicitur
1297 2430 1481 2462 reddidisse
1501 2429 1750 2463 Theodectes.“

979 2489 1076 2520 quem
1099 2476 1280 2508 memoriae
1302 2483 1409 2508 artem
1430 2475 1595 2513 tenuisse,
1631 2481 1751 2507 auctor

979 2529 1028 2554 est
1062 2522 1188 2554 Aelian.
1221 2523 1260 2553 V.
1287 2523 1331 2556 H.
1354 2523 1417 2561 VI,
1446 2522 1498 2556 10.
1558 2520 1610 2552 Cf.
1642 2519 1749 2552 Indic-

978 2567 1055 2600 hist.
1071 2587 1115 2592 —
1142 2569 1263 2600 Cineas.
1283 2569 1398 2599 Senec.
1421 2567 1579 2599 Controv.
1598 2567 1748 2598 Prooem.

977 2613 1120 2652 „Cineas
1142 2631 1188 2637 -—
1208 2613 1324 2644 missus
1357 2625 1375 2645 a
1396 2612 1525 2656 Pyrrho
1545 2612 1674 2654 legatus
1704 2610 1749 2643 ad

979 2659 1166 2697 Romanos,
1202 2665 1341 2700 postero
1373 2657 1427 2689 die
1452 2668 1557 2689 novus
1578 2657 1681 2689 homo
1714 2661 1748 2688 et

978 2711 1129 2736 senatum
1147 2709 1180 2735 et
1195 2715 1328 2735 omnem
1344 2703 1503 2735 urbanam
1517 2702 1749 2734 circumfusam

978 2749 1110 2792 plebem
1123 2748 1311 2780 nominibus
1326 2748 1391 2780 suis
1404 2747 1656 2791 persalutavit.“
1694 2747 1747 2779 Cf.

978 2794 1061 2826 Plin.
1084 2795 1126 2827 H.
1150 2794 1191 2824 N.
1216 2795 1297 2832 VII,
1321 2790 1377 2825 24.
1402 2812 1447 2818 --
1477 2794 1527 2825 De
1553 2794 1748 2832 Charmada,

978 2841 1104 2880 Scepsio
1125 2841 1300 2871 Metrodoro
1318 2850 1349 2870 v.
1368 2838 1403 2870 C.
1422 2837 1464 2870 de
1478 2840 1533 2870 Or.
1546 2839 1586 2870 11.
1600 2839 1654 2878 ὃὸ,
1667 2836 1746 2871 360.

979 2884 1135 2924 Quinctil.
1156 2884 1217 2916 XI.
1240 2884 1282 2924 2,
1305 2882 1361 2917 26.
1387 2889 1421 2915 et
1437 2884 1485 2915 X.
1504 2882 1545 2922 6,
1570 2880 1603 2916 4.
1659 2882 1744 2915 ΡΙὶῐι.

977 2931 1023 2963 H.
1044 2931 1088 2964 N.
1109 2930 1191 2969 VII,
1215 2926 1271 2963 24.
1324 2929 1377 2961 Cf.
1398 2928 1504 2962 Indic.
1526 2927 1645 2961 histor.
1695 2928 1747 2959 De

975 2978 1022 3017 is,
1044 2978 1099 3018 qui
1122 2987 1154 3009 v.
1177 2974 1221 3009 ad
1243 2973 1325 3016 c.3,
1349 2975 1389 3008 5:
1426 2985 1498 3009 eum
1518 2992 1564 3001 -
1589 2976 1747 3008 Catonem.
