1859 3117
1600 57 1656 101 43

76 148 164 190 dem
182 148 305 201 viris,
344 149 415 191 sed
433 162 510 190 non
535 148 632 190 satis
655 148 835 190 eruditis.
898 145 1007 188 Fieri
1027 154 1157 189 autem
1177 154 1329 204 potest,
1371 155 1415 188 ut
1435 156 1545 190 recte
1569 150 1657 204 quis

75 223 221 264 sentiat
241 231 281 265 et
298 224 352 276 id,
385 223 487 278 quod
505 223 642 275 sentit,
674 223 794 278 polite
813 222 944 277 eloqui
962 237 1041 264 non
1061 223 1209 278 possit3
1241 223 1310 264 sed
1332 223 1519 264 mandare
1536 238 1656 279 quen·

44 289 49 295 ’
77 311 193 352 quam
218 298 359 354 litteris
383 298 644 354 cogitationes
666 311 782 350 suas,
817 297 882 353 qui
905 311 973 338 eas
1000 311 1073 338 nee
1098 298 1332 354 disponere,
1367 312 1441 339 nec
1458 298 1657 341 illustrare

75 373 222 427 possit,
265 386 338 414 neo
361 373 623 414 delectatione
648 373 779 428 aliqua
801 372 960 413 allicere
984 372 1196 423 lectorem,
1239 372 1409 414 hominis
1434 380 1495 419 est
1515 373 1658 415 intem-

75 454 261 501 peranter
275 447 472 489 abutentis
488 455 529 489 et
547 448 628 489 otio
648 455 687 489 et
706 447 864 489 litteris.
906 444 1044 502 Itaque
1064 461 1158 487 suos
1178 447 1299 488 libros
1321 447 1395 503 ipsi
1414 447 1551 503 legunt
1569 463 1657 489 cum

43 578 47 580 ν
73 520 181 573 suis,
224 535 298 563 neo
331 522 531 578 quisquam
559 522 715 577 attingit
738 529 898 578 praeter
919 535 1013 572 eos,
1057 521 1121 576 qui
1148 522 1311 562 eandem
1337 522 1535 563 licentiam
1558 524 1658 564 scri-

731 596 868 651 Quare
901 596 936 637 si
974 596 1118 650 aliquid
1145 596 1342 637 oratoriae
1369 597 1494 638 laudis
1522 605 1659 639 nostra

692 67 863 101 LIBER
884 68 910 99 1.
935 66 980 107 4,
1003 65 1024 100 7

70 594 190 636 bendi
221 597 294 637 sibi
318 598 490 653 permitti
514 598 667 640 volunt.

71 670 270 712 attulimus
298 672 514 724 industria,
557 672 680 714 multo
707 672 921 713 studiosius
950 670 1219 727 philosophiae
1253 672 1383 711 fontes
1414 672 1653 728 aperiemus,

71 757 94 785 e
125 745 263 800 quibus
295 746 411 788 etiam
442 747 508 788 illa
538 747 761 788 manabant.

181 817 258 862 IV.
307 828 348 864 7.
382 819 464 864 Sed
483 829 526 863 ut
547 821 812 874 Aristoteles,
845 821 909 863 vir
926 835 1078 862 summo
1101 819 1280 874 ingenio,
1307 819 1489 871 scientia,
1524 822 1652 876 copia,

69 907 186 947 quum
206 903 334 938 motus
360 904 468 939 esset
494 895 684 938 Isocratis
713 896 885 938 rhetoris
915 896 1064 951 gloria,
1109 895 1242 936 dicere
1265 894 1384 935 etiam
1410 895 1540 950 eoepit
1561 897 1656 936 ado-

68 983 188 1024 borum
221 992 388 1026 delectus!
422 993 656 1037 Philosophia
692 1005 776 1036 quae
795 996 846 1025 ia-

68 1040 143 1079 cuit,
165 1041 339 1080 excitatur,
363 1051 447 1083 quae
464 1043 588 1072 nullum
608 1039 724 1071 habuit
743 1041 845 1072 lumen

69 1082 273 1123 litterarum,
299 1088 484 1118 illustratur.

136 1129 169 1163 6.
215 1132 324 1163 Latini
346 1133 417 1163 libri
439 1150 485 1156 -—-
510 1142 574 1164 non
596 1133 674 1163 satis
697 1131 842 1174 eruditis]

70 1175 269 1208 Amafinium
302 1183 400 1209 notat
423 1177 570 1221 aliosque
602 1176 780 1208 nonnullos
803 1188 844 1207 ex

69 1220 203 1264 Epicuri
225 1233 334 1264 grege.

137 1269 177 1299 ab
200 1270 325 1307 optimis
346 1270 410 1300 illis
431 1269 558 1308 quidem
579 1270 678 1307 viris,
702 1269 757 1300 sed
781 1279 842 1300 non

66 1314 144 1345 salis
165 1315 308 1356 eruditis]
335 1314 378 1346 H.
402 1325 431 1346 e.
455 1313 496 1345 ab
518 1313 582 1345 illis
605 1292 750 1354 scilicet,
788 1314 842 1358 qui

69 1357 189 1401 optimi
211 1358 345 1402 quidem
364 1366 458 1399 sunt,
483 1358 544 1391 sed
567 1370 634 1392 non
660 1366 722 1392 sat.
748 1359 843 1391 erud.

66 1403 299 1446 111.16,35:
325 1405 422 1438 tarda
442 1408 499 1438 illa
517 1407 643 1446 quidem
665 1405 841 1445 medicina,

65 1451 121 1481 sed
155 1453 259 1482 tamen
290 1463 419 1495 magna.
478 1452 518 1483 V.
552 1453 690 1484 Kizhner.
718 1452 774 1483 Gr.
800 1452 840 1483 L.

67 1494 185 1538 §.123-
208 1497 289 1530 Not.
305 1495 337 1529 4.
363 1509 396 1540 p.
410 1496 488 1549 268.
505 1496 565 1528 ed.
586 1497 618 1529 2.
669 1497 741 1529 Pari
764 1509 843 1530 mo-

67 1540 132 1582 do,
155 1541 216 1573 sed
234 1542 340 1575 multo
358 1542 474 1584 rarius,
486 1553 686 1612 pronomen
707 1546 734 1575 is
753 1543 843 1575 dici-

66 1593 132 1619 tur.
181 1587 274 1620 Infra
290 1589 348 1620 IV.
369 1588 402 1629 3,
422 1589 454 1621 5.
477 1588 532 1627 ⁴20,
557 1588 618 1621 60:
645 1595 695 1620 est
714 1599 752 1621 ea
773 1592 842 1630 qui·

66 1633 137 1665 dem
160 1632 293 1675 utilior,
317 1636 372 1666 sed
395 1646 470 1672 raro
493 1634 636 1677 proficit.
686 1636 736 1667 De
768 1635 842 1667 iro-

66 1677 142 1711 ni'co
162 1679 255 1711 verbi
274 1682 410 1721 optimus
430 1682 490 1712 1150
510 1692 543 1712 v.
566 1679 606 1711 ad
627 1681 685 1712 ΙΙΙ.
705 1680 761 1719 21,
786 1682 840 1714 50.

131 1729 167 1757 ut
185 1729 263 1757 recle
284 1728 354 1766 quis
371 1729 483 1758 sentiat
505 1730 533 1757 et
552 1727 587 1758 id
606 1744 652 1750 —
666 1729 760 1767 polite
780 1730 842 1759 elo-

65 1772 119 1811 qui
141 1781 204 1803 non
232 1771 346 1815 possit]
383 1772 450 1803 Ubi
475 1771 542 1803 duo
570 1772 735 1804 contraria
760 1784 841 1805 ora—

64 1815 165 1848 tionis
183 1817 331 1849 membra
346 1817 569 1850 consocianda
588 1824 675 1855 suut,
699 1817 840 1850 alterum

65 1868 122 1893 aut
145 1873 206 1905 per
233 1862 477 1895 adversativam
510 1863 710 1907 particulam
743 1864 840 1896 alteri

66 1907 266 1951 opponitur,
291 1915 367 1949 aut,
393 1908 443 1940 uti
461 1909 494 1940 h.
516 1909 560 1948 1.,
587 1920 648 1951 per
671 1910 839 1952 copulati-

64 1964 140 1985 vam
161 1953 355 1996 particulam
379 1966 453 1986 cum
485 1954 592 1986 alteio
618 1955 839 1997 coniungitur,

65 2005 102 2030 ut
122 2005 156 2031 et
176 1998 222 2040 id,
248 2000 338 2044 quod
358 2007 427 2037 est,
453 2006 487 2031 et
505 1999 551 2038 id,
579 1999 669 2042 quod
689 2011 757 2031 non
778 2006 839 2039 est,

65 2043 108 2075 de
130 2044 246 2076 eadem
268 2057 303 2077 re
322 2045 505 2088 aequalitei
523 2044 745 2087 praedicetur.
790 2045 839 2077 11-

63 2089 123 2122 lud
146 2089 278 2122 dicendi
298 2102 400 2133 genus
421 2090 537 2121 tritum
561 2096 611 2121 est
630 2102 669 2122 ac
691 2091 838 2133 vulgare,

64 2134 131 2167 hoc
153 2135 261 2167 multo
286 2135 476 2179 exquisitius
512 2142 611 2179 atque
644 2135 837 2179 elegantius.

64 2181 153 2212 Nam
186 2192 252 2224 quo
282 2180 389 2212 minus
411 2188 488 2224 post
510 2185 538 2213 et
561 2183 727 2214 contraria
757 2194 835 2215 sen-

64 2226 172 2258 tentia
196 2233 416 2270 exspectatur,
442 2239 483 2259 eo
504 2227 628 2259 maiore
645 2228 677 2259 vi
698 2229 838 2271 legentis

65 2271 210 2304 animum
235 2272 390 2305 advertit.
437 2273 528 2305 Infra
551 2275 592 2305 ΙΙ.
616 2273 674 2312 13,
700 2274 764 2307 31:
798 2286 837 2307 ea

65 2317 254 2361 patieturne
269 2325 304 2350 te
324 2318 499 2362 quicquam
520 2318 631 2351 facere
654 2319 732 2351 nihil
753 2332 836 2363 pro-

64 2363 231 2395 ficientem
255 2366 288 2396 εἴ
303 2364 522 2397 laborantem.
556 2364 597 2396 de
622 2367 676 2396 Or.
702 2367 759 2397 ΙΙΙ.
781 2366 835 2406 23,

63 2407 126 2442 86:
152 2409 309 2452 magister
328 2409 384 2442 hic
402 2409 599 2441 Samnitium
621 2422 749 2443 summa
771 2411 836 2444 iam

63 2461 235 2487 senectute
259 2462 310 2487 est
332 2459 360 2488 et
384 2455 535 2499 quotidie
559 2463 812 2490 commentatur.

131 2503 287 2533 mandare
308 2503 499 2543 quenquam]
528 2502 714 2534 Pronomen
747 2515 835 2546 quo-

64 2543 142 2578 dam
163 2546 265 2579 modo
288 2547 436 2579 abundat
463 2547 505 2578 ob
527 2559 666 2591 sequens
691 2550 835 2582 hominis.

65 2591 153 2623 Alias
172 2592 283 2625 omitti
296 2592 394 2624 solet.
428 2592 526 2624 offic.
543 2594 564 2626 Ι.
581 2593 637 2632 28,
660 2593 723 2627 99:
749 2595 836 2626 Nam

64 2637 252 2680 negligere,
289 2638 368 2682 quid
400 2638 443 2670 de
473 2650 509 2671 se
535 2638 672 2682 quisque
701 2640 834 2678 sentiat,

66 2691 134 2714 non
162 2683 267 2716 solam
291 2684 475 2726 arrogantis
509 2691 578 2723 est,
614 2684 673 2716 sed
699 2686 835 2718 omnino

65 2725 228 2763 dissoluti.
278 2729 432 2762 Ceterum
455 2729 497 2762 cf.
519 2729 768 2772 Academ.1.1‚
793 2732 833 2764 2.

64 2773 297 2814 intemperantis
318 2775 404 2807 enim
431 2787 502 2807 esse
523 2775 668 2808 arbitror
691 2776 836 2809 scribere

67 2817 157 2859 quod
180 2820 340 2853 occultari
361 2820 473 2853 velit.

133 2873 203 2896 cum
221 2867 302 2908 suis]
327 2867 372 2898 H.
384 2878 412 2899 e.
434 2865 484 2898 sui
503 2865 684 2907 similibus,
709 2867 792 2900 vel
783 2868 833 2907 115,

68 2917 126 2949 qm
144 2908 294 2942 eandem
303 2911 474 2945 licentiam
491 2912 658 2944 scribendi
676 2912 739 2946 sibi
754 2910 836 2957 per-

67 2951 156 2984 mitti
174 2953 306 2987 volunt.

134 2999 162 3029 ,εἰ
181 3000 302 3043 aliquid
319 3005 474 3035 oratoriae
493 3003 612 3046 laudis]
636 3003 681 3035 H.
697 3015 725 3035 e.
741 3004 768 3036 si
780 3004 832 3036 in-

881 993 1007 1026 dustria
1028 1005 1121 1032 mea⁷
1158 992 1192 1024 in
1219 991 1403 1024 excolenda
1429 991 1563 1023 dicendi
1585 1000 1656 1025 arte

881 1038 1069 1079 collocata,
1106 1038 1202 1070 effeci
1217 1064 1225 1078 ‚
1261 1045 1296 1069 ut
1320 1037 1445 1082 aliquid
1469 1037 1574 1069 laudis
1599 1046 1656 1071 aut

880 1085 1025 1127 gloriae,
1063 1096 1145 1128 quae
1181 1096 1221 1115 ex
1254 1083 1443 1126 eloquentia
1476 1083 1652 1125 redundat,

879 1130 1036 1162 Romanis
1059 1137 1114 1162 aut
1138 1129 1264 1161 nomini
1291 1131 1442 1162 Romano
1466 1129 1652 1163 afferretur.

946 1179 1002 1208 illa.
1026 1176 1214 1219 incombunt]
1253 1175 1328 1207 Scil.
1357 1186 1440 1219 quae
1464 1175 1497 1206 iu
1523 1175 1656 1208 dicendi

878 1228 950 1253 arte
969 1222 1150 1253 attulimus.
1199 1224 1259 1253 Illa
1279 1233 1348 1252 non
1368 1220 1581 1252 referendum
1603 1228 1655 1253 est

877 1267 921 1299 ad
937 1268 1115 1299 oratoriam
1132 1267 1274 1305 laudem,
1297 1278 1404 1310 neque
1420 1278 1500 1298 vero
1519 1266 1562 1298 ad
1577 1267 1654 1299 uni-

879 1325 1007 1345 versam
1030 1312 1252 1353 sententiam,
1290 1313 1348 1343 scd
1372 1312 1414 1343 ad
1439 1314 1580 1353 aliquid,
1619 1313 1653 1345 111
1684 1328 1686 1330 ·

878 1370 944 1402 quo
976 1359 1064 1391 inest
1096 1358 1191 1390 notio
1215 1358 1343 1390 numeri
1362 1358 1496 1401 pluralis
1518 1361 1653 1402 (aliqua,

875 1406 1054 1446 nonnullcr).

948 1451 1026 1483 cip.
1046 1452 1100 1482 tv.
1117 1450 1148 1484 Τ.
1179 1452 1354 1482 Aristoteles
1367 1469 1407 1474 —
1422 1452 1567 1482 Isocratis
1581 1452 1653 1482 rhe-

877 1499 953 1529 toris
984 1499 1087 1537 gloria
1109 1495 1190 1540 etc.]
1219 1496 1262 1527 de
1292 1497 1383 1527 Orat.
1400 1496 1457 1527 III.
1476 1496 1539 1534 35,
1569 1494 1651 1529 141:

876 1544 952 1586 Ipse
976 1543 1183 1583 Aristoteles,
1208 1553 1308 1585 quum
1328 1542 1448 1573 llorere
1470 1542 1653 1573 Isocratem

876 1588 1053 1620 nobilitate
1072 1588 1310 1630 discipulorum
1329 1587 1470 1625 videret,
1483 1606 1528 1611 —
1540 1594 1653 1619 muta-

877 1634 925 1666 vit
945 1641 1085 1677 repente
1119 1641 1227 1665 totam
1250 1634 1393 1665 formam
1419 1644 1526 1675 prope
1549 1632 1652 1664 disci-

876 1680 986 1722 plinae
1006 1693 1083 1712 suae
1102 1691 1299 1723 versumque
1321 1678 1486 1722 quendam
1507 1677 1549 1709 de
1571 1678 1652 1709 Phi-

875 1725 1004 1763 locteta,
1020 1726 1119 1769 paulo
1136 1738 1230 1757 secus
1251 1725 1344 1756 dixit.
1395 1724 1456 1756 Ille
1475 1723 1563 1755 enim
1586 1728 1652 1755 lur-

872 1782 911 1812 pe
928 1774 986 1804 sibi
1009 1772 1055 1803 ait
1078 1782 1140 1804 esse
1155 1776 1266 1809 tacere,
1289 1780 1385 1810 quum
1402 1772 1576 1809 barbaros5
1598 1769 1652 1802 hic

875 1825 1006 1855 autem,
1031 1827 1127 1858 quum
1151 1819 1316 1848 Isocratem
1336 1819 1496 1855 pateretur
1517 1816 1628 1847 dicere.

942 1866 993 1895 vir
1025 1872 1147 1894 summo
1179 1863 1323 1902 ingenio,
1355 1863 1505 1900 scientia,
1542 1862 1648 1904 copia]

874 1908 983 1950 Vulgo
1006 1909 1152 1939 scientiae
1176 1909 1289 1947 copia,
1325 1905 1412 1949 quod
1439 1913 1472 1937 et
1494 1905 1593 1937 codd.
1617 1916 1652 1941 et

875 1952 951 1984 edd.
974 1959 1057 1985 vett.
1079 1959 1351 1995 repraesentatum
1377 1951 1438 1983 sed
1456 1951 1520 1983 tria
1539 1951 1651 1984 omni—

874 2010 927 2030 no*
951 2005 1048 2036 sunt,
1085 1998 1255 2040 ingenium
1286 2009 1304 2028 a
1333 2004 1451 2029 natura
1478 1996 1651 2030 Aristoteli

875 2044 1008 2083 datum,
1034 2043 1173 2076 scientia
1193 2044 1234 2075 ab
1253 2043 1327 2086 ipso
1350 2050 1561 2086 comparata,
1589 2056 1650 2076 co-

873 2090 928 2133 pia
962 2090 1032 2122 sive
1053 2089 1265 2133 eloquentia,
1304 2096 1340 2120 ut
1372 2089 1405 2120 in
1432 2091 1522 2121 Orat.
1547 2091 1582 2130 Ι,
1608 2090 1648 2122 5:

872 2135 974 2168 Arist.
995 2135 1181 2168 admi1abili
1204 2134 1346 2179 quadam
1367 2135 1505 2167 scientia
1530 2142 1564 2167 et
1587 2147 1650 2168 co-

871 2181 936 2235 pia.
985 2183 1104 2234 Neque
1126 2188 1216 2213 cette
1240 2181 1367 2219 Cicero,
1388 2180 1414 2212 si
1433 2184 1580 2214 scientiae
1598 2192 1649 2214 co-

869 2231 927 2268 pia
961 2227 1167 2271 scripsisset,
1216 2227 1370 2270 copulam
1405 2231 1432 2259 et
1461 2226 1647 2265 omisisset3

872 2273 1061 2317 asyndeton
1078 2273 1165 2305 enim
1184 2273 1219 2304 10
1236 2273 1365 2304 duobus
1385 2272 1570 2304 coniunctis
1584 2284 1649 2304 vo-

873 2319 997 2351 cabulis
1019 2331 1086 2351 non
1110 2326 1304 2362 usuipatur‚
1331 2317 1394 2349 uisi
1415 2330 1487 2350 cum
1510 2318 1541 2349 vi
1563 2330 1648 2361 qna-

873 2365 950 2397 dam
981 2365 1146 2403 oratoria,
1182 2371 1219 2396 ut
1252 2364 1285 2395 10
1321 2363 1474 2396 oratioue
1506 2364 1647 2395 affectus

871 2411 993 2454 pleua3
1033 2411 1089 2442 ubi
1113 2417 1224 2442 autem
1249 2410 1313 2441 tria
1339 2409 1500 2442 vocabula
1524 2420 1648 2440 00050-

873 2457 1010 2496 ciantur,
1028 2456 1217 2499 asyndeton
1231 2455 1319 2499 apud
1337 2456 1532 2487 Ciceronem
1549 2454 1646 2495 louge

871 2510 922 2535 est
946 2495 1263 2546 frequentissimum.
1314 2502 1354 2534 V.
1380 2512 1441 2532 nos
1466 2500 1497 2531 in
1526 2500 1581 2530 Gr.
1604 2499 1643 2530 L.

872 2547 1019 2590 (3438Ιή
1034 2560 1068 2591 p.
1083 2549 1133 2580 315
1131 2548 1160 2580 2.
1183 2547 1234 2579 ed.
1249 2547 1281 2580 Ι2.
1331 2546 1481 2588 Denique
1500 2547 1647 2576 scientiae

869 2597 960 2635 copia
987 2596 1060 2637 (plo
1084 2593 1258 2625 doctrinae
1280 2592 1333 2625 vel
1358 2589 1552 2623 eruditionis
1584 2600 1644 2620 co—

870 2640 938 2682 pia)
965 2639 1175 2672 ciceroniano
1198 2639 1271 2670 usui
1292 2638 1423 2670 videtur
1446 2645 1643 2678 repugnare.

872 2686 1027 2718 Ceterum
1050 2692 1084 2718 et
1103 2684 1146 2716 ad
1167 2687 1307 2723 scientia,
1333 2690 1366 2713 st
1387 2681 1427 2712 aad
1448 2683 1540 2720 copia
1562 2692 1644 2722 sup-

870 2731 1029 2774 plendum
1052 2737 1104 2763 est
1125 2728 1343 2769 summa,1ui
1370 2727 1402 2758 iu
1429 2727 1566 2757 venem
1587 2727 1643 2757 IV.

873 2789 900 2809 c.
915 2778 977 2810 55:
1006 2776 1238 2809 Archimedem
1257 2774 1348 2805 illum
1370 2782 1492 2804 summo
1510 2770 1643 2814 ingenio

870 2822 1040 2855 hominem
1062 2834 1101 2854 ac
1125 2820 1310 2863 disciplina.

939 2870 1040 2900 dicere
1063 2870 1157 2900 etiam
1180 2884 1224 2890 —-
1247 2864 1388 2905 iungere]
1414 2862 1595 2906 Uterque
1585 2875 1642 2895 m—

871 2913 1036 2946 finitivus:
1062 2915 1162 2944 dicere
1188 2917 1222 2942 et
1243 2911 1369 2949 iungere
1394 2908 1519 2952 pendet
1541 2918 1560 2941 a
1585 2911 1642 2942 do-

869 2969 948 2992 cere.
993 2958 1167 2992 Prudentia
1188 2953 1398 2997 eloquentiae
1420 2954 1574 2999 opposita
1592 2954 1640 2987 si«

871 3003 1007 3045 gnificat
1028 3002 1268 3042 philosophiam.
