1811 3053
152 45 205 89 12
766 56 1114 92 PROLEGOMENA.

147 138 208 177 vis
235 151 357 190 quum
374 137 474 177 nihil
497 137 729 177 inveniatur
749 139 856 177 unde
877 139 979 178 oriri
1000 141 1137 192 possit,
1167 141 1344 181 divinam
1365 143 1556 196 originem
1575 145 1721 185 habeat

146 220 300 245 necesse
320 214 390 246 est.
421 222 453 246 c.
476 211 543 246 25.
570 205 611 259 ᾗ.
630 210 698 245 60.
721 211 790 246 61.
815 228 866 236 -
922 206 964 261 β)
988 210 1118 248 Porro
1144 210 1318 262 reliquae
1349 213 1471 250 animi
1498 214 1718 272 facultates,

146 289 246 327 quae
271 283 333 314 tot
356 290 419 314 res
439 283 478 313 et
504 281 632 313 tantas
654 275 844 326 efficiunt,
873 291 956 315 non
982 291 1031 316 ex
1055 277 1130 316 hac
1154 285 1311 318 terrena
1331 281 1570 338 mortalique
1591 288 1628 321 et
1648 297 1717 322 ca-

144 344 247 382 duca
273 351 417 382 natura
443 350 650 382 concretae
671 358 750 382 esse
775 352 962 396 possunt,
992 346 1060 384 sed
1081 347 1185 385 clare
1204 349 1440 400 ostendunt,
1470 350 1649 389 divinam
1676 365 1719 390 se

143 412 290 451 habere
312 413 392 451 vim
416 413 467 450 ob
488 425 648 463 eamque
670 427 752 451 rem
775 414 941 452 interire
966 429 1049 453 non
1071 429 1199 467 posse.
1230 430 1263 454 c.
1280 421 1348 456 25.
1370 416 1412 470 ὃ
1423 422 1491 457 62.
1515 433 1548 457 c.
1563 423 1631 459 26.

255 480 293 532 c)
315 481 493 519 Tertium
513 488 799 532 argumentum,
819 498 846 520 a
860 485 1046 534 simplici
1065 487 1199 522 animi
1219 493 1375 523 natura
1394 485 1573 526 ductum.
1610 487 1714 526 Ani-

141 564 228 588 mus
250 549 418 600 simplex
442 555 514 588 est:
553 551 609 588 ita
633 564 705 589 nec
729 551 856 589 dividi
880 558 1030 603 potest,
1061 567 1133 591 nec
1154 553 1339 604 interire3
1378 561 1437 593 est
1458 555 1562 593 enim
1583 556 1714 595 inter-

139 618 219 656 itus
246 616 359 668 quasi
383 618 576 656 discessus
599 625 638 657 et
668 620 834 658 secretio
859 634 994 658 earum
1021 622 1216 672 partium,
1256 636 1355 673 quae
1383 630 1475 662 ante
1504 623 1714 663 interitum

136 686 345 725 iunctione
364 687 497 738 aliqua
518 688 772 727 tenebantur.
801 703 834 727 c.
849 692 917 728 27.
939 688 980 741 §-
995 693 1063 729 66.
1120 690 1225 740 (Hoc
1253 698 1546 743 argumentum,
1574 693 1714 748 paucis

136 754 222 792 aliis
251 755 487 804 interiectis,
518 770 551 794 c.
568 759 635 794 29.
657 755 698 808 ᾗ.
721 762 788 797 71.
819 758 966 796 iterum
997 757 1356 812 commemoratur.)

248 822 308 875 (5)
338 824 542 862 Sententia
569 826 800 876 proposita,
830 826 1071 865 immortales
1100 841 1180 866 esse
1202 828 1375 879 animos,
1406 828 1641 869 defenditur
1662 830 1711 870 ab

133 891 204 943 iis,
235 906 336 944 quae
365 899 507 931 contra
537 907 619 931 eam
648 894 783 932 afferri
813 895 981 946 possint.

245 959 284 1013 a)
317 962 436 1009 Quod
458 962 629 1013 primum
650 963 767 1001 obiici
788 964 926 1015 possit,
959 964 1133 1003 animum
1156 979 1237 1004 non
1256 966 1394 1005 videre
1412 967 1578 1005 formam
1601 980 1711 1005 suam

132 1043 205 1068 nec
227 1030 353 1080 scire,
384 1031 455 1068 ubi
476 1030 649 1081 habitet,
680 1031 721 1069 id
742 1032 826 1069 leve
854 1038 924 1069 est.
982 1034 1100 1082 Nam,
1129 1040 1177 1072 ut
1200 1034 1361 1085 oculus,
1391 1035 1445 1073 sic
1465 1035 1640 1085 animus,
1670 1049 1711 1074 se

130 1112 215 1136 non
237 1098 398 1147 videns,
428 1099 504 1136 alia
533 1099 677 1137 cernit:
708 1100 914 1138 facultates
935 1108 1041 1140 certe
1067 1116 1157 1140 suas
1180 1102 1303 1142 videt.
1334 1118 1367 1142 c.
1389 1108 1458 1144 27.
1486 1102 1528 1156 §.
1551 1107 1618 1143 66.
1639 1107 1709 1144 67.

129 1167 192 1216 Et,
212 1173 259 1204 ut
282 1166 390 1216 deus,
413 1168 485 1205 etsi
505 1169 630 1206 oculis
652 1168 782 1206 videri
802 1183 882 1206 non
907 1176 1051 1221 potest,
1076 1172 1306 1222 agnoscitur
1324 1185 1373 1210 ex
1394 1173 1584 1224 operibus
1605 1171 1707 1222 suis3

128 1235 187 1273 ita
205 1248 255 1273 ex
281 1235 430 1274 divinis
464 1236 582 1273 animi
604 1236 858 1275 facultatibus
883 1237 966 1274 eius
989 1238 1050 1276 vis
1072 1238 1208 1277 divina
1230 1240 1473 1291 agnoscitur.
1503 1255 1537 1279 c.
1558 1243 1628 1280 28.
1649 1262 1708 1274 -.

129 1303 224 1355 (Hic
249 1306 396 1341 1terum
418 1303 587 1342 affertur
612 1311 885 1356 argumentum
908 1305 1228 1357 innnortalitatis,
1260 1323 1282 1346 a
1302 1308 1471 1361 simplici
1493 1309 1613 1347 animi
1630 1323 1705 1347 na-

128 1378 223 1410 tura
252 1372 430 1410 ductum.
452 1395 508 1402 —
564 1374 665 1411 Tum
690 1380 914 1424 sequuntur
937 1376 1113 1414 Socratis
1138 1382 1175 1414 et
1195 1377 1353 1415 Catonis
1378 1377 1576 1429 exempla,
1606 1390 1708 1429 quae

127 1439 330 1478 luculente
362 1441 657 1491 demonstrant,
695 1441 792 1480 haec
822 1442 870 1481 de
900 1442 1124 1481 animorum
1162 1444 1460 1484 immortalitate
1487 1446 1706 1497 persuasio,

129 1522 230 1560 quae
260 1509 383 1547 firmis
415 1510 568 1548 nitatur
598 1511 855 1562 argumentis,
887 1518 1077 1563 quantam
1106 1513 1156 1551 ad
1187 1514 1510 1552 contemnendam
1538 1521 1705 1553 mortem

127 1577 210 1616 vim
239 1577 386 1616 habere
416 1579 542 1630 possit
571 1585 691 1630 atque
721 1580 1003 1618 efficacitatem.
1021 1603 1078 1608 —
1116 1583 1292 1621 Socratis
1322 1583 1520 1621 sententia
1543 1583 1591 1622 de
1613 1583 1703 1622 ani-

127 1660 284 1684 morum
311 1653 404 1698 post
426 1653 594 1685 mortem
615 1654 722 1686 statu
744 1649 1047 1701 exponitur.—
1077 1651 1238 1689 Catonis
1260 1651 1482 1703 exemplum
1506 1651 1704 1702 admonet,

125 1721 175 1753 ut
194 1729 321 1767 pauca
344 1715 532 1753 dicantur
556 1715 604 1754 de
625 1723 774 1766 morte,
804 1731 921 1768 quam
945 1718 1032 1768 quis
1056 1719 1131 1756 sibi
1156 1719 1240 1771 ipse
1266 1720 1558 1759 consciscit.—-
1598 1721 1700 1759 Sen-

125 1784 268 1822 tentia:
309 1792 440 1821 totam
475 1785 814 1836 philosophorum
855 1788 987 1824 vitam
1017 1791 1393 1827 commentationem
1423 1791 1569 1828 mortis
1599 1804 1698 1835 esse,

123 1852 273 1903 egregie
302 1853 545 1890 illustratur.
576 1867 608 1891 c.
633 1852 851 1906 29—51.)

237 1919 278 1972 b)
310 1921 410 1958 Tum
432 1921 673 1959 refelluntur
700 1924 853 1968 Stoici,
886 1924 956 1974 qui
977 1924 1127 1962 animos
1153 1938 1310 1963 manere
1333 1925 1495 1976 dicunt,
1525 1939 1649 1976 quum
1677 1939 1700 1964 e

125 2002 297 2040 corpore
317 1989 574 2038 excesserint,
604 1990 671 2027 sed
697 2005 779 2028 non
801 2005 971 2043 semper:
1004 1994 1113 2044 quod
1145 1994 1323 2045 ineptum
1353 2001 1428 2044 est3
1467 1994 1565 2032 dant
1594 1994 1699 2033 enim

123 2057 184 2107 id,
215 2057 323 2108 quod
351 2057 625 2095 difficillimum
649 2058 692 2095 in
717 2072 853 2097 caussa
885 2066 960 2109 est,
998 2075 1112 2112 posse
1136 2062 1310 2100 animum
1339 2076 1498 2101 manere
1526 2076 1701 2115 corpore

123 2133 350 2176 vacantem3
392 2126 544 2163 tollunt
577 2132 707 2164 autem
741 2127 802 2176 id,
842 2130 950 2178 quod
983 2130 1096 2167 facile
1135 2137 1211 2179 est,
1255 2145 1320 2169 eos
1349 2145 1502 2183 semper
1529 2145 1700 2171 manere.

123 2199 238 2234 c.51.
263 2199 330 2234 52.
351 2192 393 2246 §-
419 2198 486 2233 78.
544 2195 716 2244 Itemque
739 2196 949 2234 Panaetius
977 2198 1225 2246 confutatur,
1256 2199 1337 2250 qui,
1368 2200 1476 2251 quod
1498 2206 1538 2238 et
1556 2213 1696 2239 nasce-

122 2270 266 2302 rentur
289 2263 427 2312 animi,
457 2269 495 2301 et
514 2263 555 2300 in
576 2264 759 2302 morbum
782 2265 979 2315 caderent,
1010 2279 1074 2303 eos
1096 2266 1211 2304 etiam
1233 2266 1400 2305 interire
1421 2268 1698 2308 concludebat.

123 2336 238 2372 c.52.
258 2330 299 2384 ς.
320 2335 387 2372 79.
410 2346 443 2369 c.
460 2336 528 2371 55.

236 2405 276 2440 5.
335 2401 472 2439 Cicero
492 2400 541 2438 ad
564 2401 838 2453 propositum:
870 2404 915 2439 in
941 2409 1066 2440 morte
1083 2403 1195 2440 nillil
1218 2418 1301 2441 esse
1321 2404 1452 2448 mali,
1483 2418 1694 2456 regressus,

123 2469 404 2521 quaestionem,
434 2483 550 2520 quam
570 2469 646 2506 iam
668 2484 789 2522 supra
811 2470 1009 2522 attigerat,
1039 2486 1153 2516 num,
1184 2486 1232 2508 ne
1253 2473 1291 2509 εἰ
1309 2473 1509 2510 intereant
1530 2473 1695 2525 quidem

124 2540 280 2583 αηίηιί,
312 2540 357 2576 in
382 2539 509 2575 malis
533 2538 720 2577 ducenda
745 2542 802 2577 sit
830 2554 955 2584 mors,
986 2545 1194 2578 retractat.
1250 2540 1308 2578 Ne
1341 2540 1398 2578 sic
1418 2540 1577 2592 quidem
1606 2556 1692 2581 ma-

124 2605 204 2642 lum
233 2613 290 2645 est
319 2621 438 2645 mors.
495 2607 604 2656 Nam,

236 2674 273 2725 a)
304 2676 366 2713 uti
384 2689 506 2728 supra
528 2675 842 2714 demonstratum
865 2682 942 2725 est,
972 2677 1005 2715 si
1027 2676 1180 2714 animus
1202 2675 1258 2714 sic
1276 2676 1430 2727 interit,
1461 2684 1515 2717 ut·
1532 2692 1692 2731 corpus,

125 2746 217 2790 post
240 2750 405 2781 mortem
426 2744 580 2782 nullum
602 2758 758 2783 sensum
782 2744 984 2784 habemus.
1015 2743 1090 2797 (Cf.
1115 2759 1237 2797 supra
1260 2759 1294 2784 c.
1313 2743 1394 2798 11.)
1426 2760 1459 2784 c.
1483 2750 1551 2787 54.
1569 2745 1611 2799 ᾗ
1623 2750 1692 2786 82.

238 2807 279 2858 b)
310 2811 393 2861 lpse
415 2819 546 2851 autem
570 2813 691 2851 animi
713 2828 735 2851 a
755 2827 925 2866 corpore
942 2813 1133 2853 discessus
1153 2813 1187 2852 si
1199 2813 1246 2852 fit
1265 2827 1355 2853 cum
1373 2813 1522 2864 dolore,
1543 2814 1577 2853 is
1593 2828 1690 2867 per-

127 2888 245 2924 quam
269 2882 326 2914 est
355 2879 539 2933 exiguus3
569 2888 611 2920 at
638 2882 874 2934 plerumque
902 2883 949 2922 fit
976 2881 1061 2922 sine
1090 2896 1226 2930 sensu,
1255 2896 1545 2935 nonnunquam
1573 2883 1690 2923 etiam

127 2956 214 2980 cum
245 2943 465 2996 voluptate.
493 2964 527 2986 c.
548 2955 616 2991 54.
642 2949 684 3004 §2
706 2954 773 2990 82.
