1843 3101
189 40 274 84 188

190 137 309 172 exest
336 131 531 183 animum,
583 133 773 188 planeque
811 137 981 178 conficit.

764 55 933 90 LIBER
956 57 1105 100 111.13‚
1128 58 1191 94 28.-

1053 138 1168 181 Hanc
1208 142 1284 183 nisi
1318 143 1500 186 exuimus
1528 144 1586 188 sic
1624 153 1668 188 ut
1692 147 1760 188 ab-

188 203 392 256 iiciamus,
443 205 602 246 miseria
642 221 780 248 carere
830 224 909 251 non
951 226 1173 267 possumus.
1257 223 1327 258 28.
1382 217 1515 274 Atque
1562 220 1635 261 hoc
1677 221 1762 277 qui-

189 278 276 319 dem
309 280 554 335 perspicuum
598 288 681 333 est,
731 289 809 323 tum
844 285 1125 339 aegritudinem
1163 290 1384 344 exsistere,
1427 308 1543 348 quum
1581 295 1673 349 quid
1706 296 1761 336 ita

186 352 313 394 visum
344 354 418 405 sit,
461 360 503 393 ut
531 368 713 409 magnum
746 357 937 411 quoddam
973 361 1115 402 malum
1149 364 1289 406 adesse
1322 373 1362 406 et
1390 381 1530 422 urgere
1559 368 1756 410 videatur.

185 424 360 481 Epicuro
395 434 525 467 autem
560 428 710 483 placet,
765 431 988 486 opinionem
1032 436 1124 476 mali
1156 438 1441 493 aegritudinem
1477 456 1566 484 esse
1603 450 1758 495 natura,

187 506 231 540 ut
267 501 486 555 quicunque
525 501 725 544 intueatur
760 505 800 545 in
840 507 994 561 aliquod
1016 510 1155 551 ⁴maius
1197 512 1364 565 malum⁷
1412 515 1447 555 si
1477 516 1515 556 id
1544 516 1618 558 sibi
1658 517 1761 558 acci-

186 573 290 614 disse
322 574 529 630 opinetur,
574 577 625 618 sit
662 578 846 620 continuo
878 581 918 621 in
953 583 1213 637 aegritudine.
1292 585 1504 643 Cyrenaici
1537 604 1616 631 non
1655 591 1762 632 omni

182 647 286 688 malo
337 649 620 702 aegritudinem
670 652 767 693 effici
815 664 1008 708 censent,
1064 659 1132 699 sed
1181 659 1382 716 insperato
1434 669 1474 703 et
1526 664 1760 720 necopinato

180 721 299 762 malo.
344 720 420 763 Est
437 723 474 764 id
496 724 648 779 quidem
669 740 746 766 non
768 728 965 770 mediocre
982 732 1028 772 ad
1048 733 1331 787 aegritudinem
1354 737 1597 792 augendam3
1622 739 1758 781 viden-

179 800 246 836 tur
272 795 374 837 enim
403 798 532 838 omnia
557 800 760 854 repentina
787 803 988 856 graviora.
1048 804 1117 847 Ex
1141 808 1214 849 hoc
1246 816 1285 850 et
1313 809 1380 850 illa
1409 810 1496 851 iure
1525 812 1755 855 laudantur:

291 858 378 922 Ego
408 887 519 924 quum
545 877 686 924 genui,
722 878 799 914 tam
830 880 1033 917 more‘lnros
1061 883 1163 920 scivi
1189 890 1229 921 ct
1254 887 1292 922 ei
1317 887 1379 924 rei
1401 889 1555 926 sustuli.

291 947 493 985 Praeterea
523 950 573 985 acl
606 950 758 987 Troiam
789 964 899 1001 quum
931 955 1020 991 misi
1044 955 1089 992 ob
1118 957 1385 1008 defendendam
1417 962 1627 1010 Graeclam,

293 1021 465 1059 Sciebam
495 1035 551 1059 7ch
581 1024 618 1060 ιἸι
643 1024 881 1076 7)ιοι’ίι’]“ει·ιιηι
912 1026 1046 1066 bellum
1058 1058 1070 1076 ,
1105 1032 1181 1069 non
1207 1033 1245 1070 in
1276 1035 1406 1084 epulas
1434 1037 1598 1074 mittere.

177 1124 258 1157 bido
284 1126 470 1159 necessario
502 1128 677 1161 coniuncta
709 1137 759 1161 est
790 1143 863 1163 cum
893 1145 949 1165 ar-

179 1170 272 1203 dore.
319 1172 374 1204 Sic
393 1173 522 1216 saepius
543 1176 653 1207 habere
675 1178 796 1216 aliquid
818 1178 948 1211 dicitur.

179 1216 231 1248 Cf.
264 1217 307 1249 ad
337 1219 392 1249 IV.
418 1219 481 1258 36,
506 1220 568 1255 77:
602 1222 826 1256 dubitationem
857 1224 950 1257 insa-

177 1261 253 1295 niae
278 1275 345 1295 non
370 1265 470 1297 habet.

245 1311 373 1341 miseria
393 1312 512 1354 carere]
539 1312 580 1343 V.
604 1311 647 1344 ad
668 1313 694 1344 Ι.
714 1311 765 1353 16,
789 1313 851 1348 83:
878 1319 948 1348 tan-

176 1363 274 1394 quam
296 1356 329 1386 in
352 1357 440 1394 febri.

244 1399 298 1431 25.
336 1403 433 1440 Aeque
462 1403 519 1433 hoc
544 1402 683 1446 quidem]
723 1405 849 1445 Wolfius
873 1418 946 1438 cum

176 1443 328 1477 Victorio
354 1446 498 1478 correxit
520 1450 606 1488 atqui
630 1450 685 1480 hoc
706 1451 850 1491 quiderm
886 1452 945 1483 sed

174 1488 310 1532 vulgata
331 1489 513 1523 firmissime
543 1499 620 1524 stat.
667 1494 830 1527 Particula
860 1500 947 1538 alqui

175 1533 211 1566 iu
245 1536 510 1569 conclusionibus
545 1537 682 1570 inservit
709 1542 944 1584 assumptioni:

175 1591 260 1623 quae
283 1581 349 1613 hoc
370 1581 445 1615 loco
467 1582 556 1615 nulla
579 1591 639 1615 est.
691 1585 813 1618 Contra
837 1589 946 1630 parti—

176 1625 249 1657 cula
262 1631 352 1667 alque
366 1628 534 1671 aptissima
551 1636 610 1661 est.
646 1631 842 1673 Saepissime
858 1634 945 1665 enim

174 1669 209 1702 iu
229 1672 391 1704 enuntiati
412 1673 587 1717 principio,
612 1674 767 1709 adiuncta
790 1678 860 1710 fere
883 1691 944 1711 vo-

175 1716 248 1749 cula
271 1720 415 1760 quidem,
449 1719 495 1751 ita
521 1720 674 1762 ponitur,
711 1729 746 1753 ut
769 1725 945 1757 transitum

173 1761 217 1794 ad
239 1775 311 1795 rem
331 1775 450 1796 novam
472 1772 575 1797 notet.
615 1766 687 1798 Pari
713 1768 814 1800 modo
840 1780 877 1802 ac
902 1791 944 1795 —

172 1809 318 1850 quidem,
342 1809 395 1842 vel
419 1810 516 1842 etiam
537 1811 731 1854 simpliciter
752 1824 789 1846 ac
814 1814 946 1848 dicitur.

174 1853 227 1885 Cf.
252 1855 292 1887 V.
309 1856 341 1894 2,
366 1855 407 1889 6:
434 1858 477 1888 Ac
499 1856 710 1900 philosophia
733 1861 868 1900 quidem.
902 1861 944 1893 de

173 1899 265 1931 Orat.
288 1901 313 1931 Ι.
338 1901 374 1940 1,
403 1901 413 1933 1
432 1913 439 1933 t
478 1905 520 1935 Ac
541 1904 599 1943 fuit
622 1905 758 1943 quidem.
805 1906 889 1938 Ibid.
910 1908 942 1945 2,

112 1977 119 1981 ‚
171 1939 212 1976 4:
237 1946 281 1977 Ac
298 1945 378 1978 mihi
395 1947 576 1990 repetenda
597 1956 655 1979 est.
693 1949 773 1992 §.6:
799 1954 843 1984 Ac
863 1952 942 1984 mihi

172 1990 310 2028 quidem.
333 1990 365 2030 3,
387 1992 423 2024 11
439 2003 445 2023 ε
473 1996 568 2033 Alque
581 1993 613 2024 in
629 1993 692 2026 hoc
706 1994 778 2037 ipso
794 2009 942 2030 numero.

171 2032 205 2074 4,
229 2033 281 2067 13.
295 2046 345 2077 pr.
363 2034 421 2069 14:
447 2039 490 2069 Ac
506 2038 613 2080 primo
629 2042 764 2080 quidem.
814 2043 865 2074 Cf.
883 2056 940 2075 su-

171 2090 232 2123 pra
247 2079 289 2111 ad
305 2092 332 2112 c.
347 2081 379 2118 2,
393 2079 424 2114 4.
441 2089 473 2113 et
489 2083 656 2116 Adnotatu
679 2085 712 2116 in
736 2087 791 2118 IV.
814 2088 865 2125 12,
888 2089 940 2123 27.

241 2127 286 2156 ita
309 2128 412 2158 visum
434 2130 493 2167 sii,
526 2132 560 2160 ut
582 2148 626 2153 -—
649 2133 808 2174 videatur]
843 2134 941 2166 Eius-

172 2169 264 2202 modi
286 2170 432 2203 eiusdem
456 2173 549 2204 verbi
573 2174 665 2206 brevi
686 2177 863 2210 verborum
885 2180 938 2211 in-

171 2215 314 2248 tervallo
329 2216 461 2249 iteratio
477 2218 565 2249 haud
579 2219 771 2264 infrequens
789 2231 839 2256 est
852 2226 940 2268 apud

173 2260 319 2304 optimos
333 2273 480 2306 quosque
491 2263 682 2306 scriptores.
709 2267 838 2301 Cornel.
854 2272 939 2314 Nep.

172 2306 279 2339 Alcib.
292 2307 338 2347 X,
361 2307 398 2340 1:
425 2315 461 2339 ut
480 2308 523 2340 ad
539 2309 662 2353 Regem
682 2315 861 2356 mitteretur,
884 2328 940 2348 eo-

173 2350 251 2383 dem
266 2358 420 2396 tempore
437 2353 554 2385 Critias
571 2356 735 2400 ceterique
750 2361 884 2401 tyranni
896 2381 941 2386 —

172 2402 270 2430 certos
285 2398 434 2431 homines
448 2418 494 2423 —
512 2402 660 2433 miserunt
672 2426 680 2441 ‚
705 2403 759 2445 qui
782 2416 856 2437 eum
877 2417 941 2439 cer-

171 2445 281 2475 tiorem
302 2444 460 2477 facerent.
499 2444 614 2477 Cicero
637 2446 679 2478 de
701 2450 790 2480 Orat.
804 2452 861 2488 ΠΙ,
878 2453 938 2484 10:

173 2487 241 2520 Sed
262 2492 385 2522 usitatis
401 2489 448 2522 ita
467 2491 592 2533 poteris
611 2494 672 2532 uti,
697 2492 882 2527 lectissimis
905 2503 941 2528 ut

172 2537 283 2566 utaris.
330 2536 371 2567 V.
393 2535 562 2568 Adnotatu
582 2544 695 2569 nostra
716 2537 750 2569 in
773 2541 797 2571 Ι.
812 2541 865 2577 22,
884 2544 937 2574 5⁴2.

240 2581 377 2620 Epicuro
391 2582 507 2625 placet]
529 2582 620 2614 Infra
638 2594 665 2614 c.
682 2583 732 2622 15,
754 2584 815 2617 32:
844 2587 940 2629 (Epi-

176 2625 283 2666 curus)
306 2630 424 2667 censet,
447 2637 566 2660 necesse
584 2638 647 2660 esse
666 2638 770 2661 omnes
786 2633 819 2662 in
838 2634 940 2671 ae9ri-

173 2671 280 2702 tudine
304 2681 386 2711 esse,
409 2675 463 2712 qui
487 2683 518 2705 se
541 2675 574 2706 in
591 2676 686 2706 malis
705 2684 768 2707 esse
789 2679 941 2709 arbitren-

172 2718 234 2747 tur.
280 2716 380 2756 Quod
399 2716 499 2760 igitur
517 2719 572 2751 hic
590 2729 707 2752 necesse
727 2730 801 2761 esse,
824 2721 859 2752 id
875 2733 939 2753 no-

174 2765 243 2792 stro
259 2760 335 2794 loco
352 2767 468 2795 natura
484 2774 546 2797 esse
562 2764 691 2797 dicitur.
730 2767 852 2799 Natura
864 2767 897 2799 h.
912 2779 940 2800 e.

177 2805 226 2836 uti
241 2813 358 2839 natura
373 2807 450 2849 fert,
470 2809 518 2841 uti
532 2810 750 2842 necessarium
763 2818 821 2851 est,
847 2824 941 2856 grae-

177 2861 214 2881 ce
236 2851 414 2894 φυσικῶς.“
448 2854 553 2888 Stoici
572 2863 689 2889 contra
707 2868 773 2888 non
793 2864 941 2899 naturae,

177 2894 238 2926 sed
259 2897 423 2930 voluntati
445 2900 596 2934 tribuunt
614 2902 865 2945 aegritudinem.

983 1139 1173 1177 necopinans
1185 1163 1195 1179 ,
1228 1142 1396 1181 necopinus
1416 1141 1579 1184 particula
1600 1143 1755 1187 negativa

983 1193 1037 1215 nec
1058 1183 1147 1215 valet
1173 1194 1231 1225 ne,
1267 1186 1357 1229 quod
1392 1186 1425 1218 iu
1450 1189 1640 1232 compositis
1662 1189 1753 1222 idem

984 1234 1044 1266 est,
1069 1229 1159 1271 quod
1178 1240 1248 1263 non.
1297 1231 1389 1263 Infra
1410 1233 1466 1264 ΙΙΙ.
1484 1234 1534 1273 19,
1554 1233 1616 1267 45:
1641 1236 1750 1268 omnia

982 1273 1156 1315 repentina
1199 1282 1232 1307 et
1264 1279 1450 1317 necopinata
1484 1291 1553 1311 esse
1587 1280 1750 1323 graviora.

982 1318 1127 1351 Verbum
1143 1322 1325 1361 inopinatus
1336 1323 1425 1365 apud
1444 1323 1635 1358 Ciceronem
1648 1326 1752 1359 rarius

981 1364 1166 1407 reperitur,
1194 1374 1229 1398 ut
1255 1367 1351 1407 023,
1368 1369 1421 1401 55.

1049 1412 1097 1442 Ex
1128 1413 1184 1443 hoc
1217 1416 1244 1444 et
1271 1414 1329 1444 illa
1360 1415 1426 1446 iure
1447 1417 1634 1459 laudantur]
1661 1417 1752 1449 Fue-

980 1461 1075 1495 runt,
1102 1456 1157 1499 qui
1182 1465 1361 1500 negarent,
1388 1460 1583 1494 Ciceronem
1608 1463 1752 1505 particu-

980 1500 1045 1532 lam
1065 1505 1091 1533 et
1112 1513 1173 1544 pro
1196 1506 1289 1535 etiam
1308 1505 1468 1546 posuisse.
1508 1508 1631 1540 Verum
1651 1520 1752 1552 quum

981 1557 1047 1577 non
1073 1547 1169 1590 pauci
1189 1548 1223 1579 in
1249 1549 1318 1580 eius
1341 1551 1473 1595 scriptis
1499 1552 1652 1595 legantur
1673 1554 1749 1593 loci,

989 1591 1043 1622 ubi
1069 1597 1096 1624 et
1129 1594 1276 1626 omnium
1313 1596 1410 1628 codd.
1446 1599 1644 1631 auctoritate
1667 1599 1752 1631 niti-

980 1643 1053 1676 tur,
1095 1650 1201 1682 neque
1234 1641 1346 1683 negari
1378 1642 1505 1685 possit,
1546 1644 1628 1676 alios
1660 1645 1751 1677 eius-

982 1682 1057 1714 dem
1089 1684 1206 1716 aetatis
1238 1686 1368 1728 saepius
1397 1689 1593 1731 particulam
1626 1694 1654 1723 et
1685 1690 1749 1723 hac

980 1728 1013 1759 vi
1037 1740 1232 1772 usurpasse,
1268 1742 1376 1775 neque
1409 1733 1443 1764 in
1476 1733 1549 1777 ipso
1583 1736 1747 1768 vocabulo

980 1773 1153 1817 quicquam
1173 1774 1272 1818 insit,
1306 1777 1396 1820 quod
1415 1778 1492 1811 huic
1515 1779 1750 1823 significationi

977 1827 1160 1862 repugnet,
1198 1832 1296 1864 quum
1319 1823 1417 1855 etiam
1446 1836 1601 1867 graecum
1622 1826 1680 1860 καὶ
1713 1833 1747 1859 et

980 1865 1220 1897 coniunctionis
1235 1891 1243 1905 ‚
1281 1875 1314 1899 et
1339 1868 1487 1902 adverbii
1514 1871 1581 1903 vim
1602 1871 1744 1904 habeat:

977 1910 1067 1942 nulla
1087 1912 1237 1955 exputari
1258 1920 1369 1956 potest
1391 1926 1502 1947 caussa
1520 1916 1662 1956 idonea,
1689 1929 1746 1950 cur

976 1955 1063 1987 hunc
1080 1957 1260 1999 particulae
1281 1963 1308 1992 et
1324 1971 1415 1992 usum
1436 1973 1456 1993 a
1473 1962 1632 1994 Cicerone
1649 1963 1746 1995 abiu-

978 2000 1144 2041 dicemus,
1170 2003 1271 2035 modo
1292 2011 1482 2047 teneamus,
1517 2019 1591 2040 eum
1610 2008 1741 2040 rarissi—

977 2058 1065 2078 mum
1090 2059 1182 2087 esse,
1218 2061 1280 2082 nec
1306 2051 1377 2083 fere
1399 2051 1553 2096 reperiri,
1580 2053 1643 2086 nisi
1666 2061 1744 2087 ante

977 2093 1175 2135 pronomina
1195 2095 1247 2126 vel
1266 2095 1394 2139 singula
1411 2098 1556 2138 nomina,
1582 2105 1617 2131 et
1638 2099 1745 2132 ubivis

976 2138 1171 2180 particulam
1188 2144 1215 2172 et
1231 2141 1392 2174 minorem
1409 2144 1474 2175 vim
1490 2144 1623 2185 habere,
1645 2156 1744 2188 quam

975 2186 1081 2223 etiam,
1106 2191 1142 2216 ut
1162 2185 1250 2218 infra
1271 2188 1326 2219 lV.
1341 2186 1396 2227 34,
1417 2189 1480 2223 73:
1505 2190 1613 2222 Probe
1630 2195 1659 2223 et
1672 2190 1741 2223 ille.

975 2230 1034 2260 ΙΙΙ.
1059 2229 1117 2267 19,
1151 2227 1212 2263 46:
1250 2232 1375 2275 aliquid
1404 2234 1572 2267 videamus
1605 2240 1633 2268 et
1666 2235 1741 2269 cibi.

975 2274 1018 2306 ad
1040 2275 1079 2314 Q.
1096 2275 1150 2307 Fr.
1172 2277 1197 2307 Ι.
1219 2278 1256 2316 l,
1284 2278 1343 2310 10:
1379 2279 1475 2311 simul
1504 2284 1533 2312 et
1557 2280 1640 2313 illud
1665 2281 1743 2314 Asia

975 2319 1113 2362 cogitet.
1157 2319 1202 2353 ib.
1229 2321 1288 2355 12:
1323 2323 1419 2356 simul
1450 2328 1478 2357 et
1506 2325 1589 2358 illud
1623 2326 1746 2370 cogita.

975 2365 1073 2397 Multi
1107 2372 1223 2399 contra
1254 2367 1289 2399 in
1323 2379 1362 2400 eo
1396 2378 1605 2412 erraverunt,
1641 2371 1742 2415 quod,

975 2409 1160 2454 ubicunque
1182 2416 1210 2444 et
1234 2424 1300 2445 non
1325 2423 1486 2458 sequente
1508 2417 1615 2449 altero
1639 2422 1667 2450 et
1687 2416 1741 2448 le-

975 2455 1072 2498 gitur,
1100 2458 1258 2490 continuo
1275 2458 1311 2490 id
1331 2471 1393 2504 pro
1411 2464 1506 2494 etiam
1525 2461 1651 2501 dictum
1671 2473 1742 2493 esse

974 2502 1284 2543 pronuntiaverunt.
1337 2506 1426 2537 Nam
1448 2506 1543 2538 multi
1565 2513 1641 2538 sunt
1662 2506 1740 2546 loci,

975 2545 1008 2576 in
1034 2546 1149 2588 quibus
1174 2555 1312 2592 apparet
1329 2551 1513 2582 orationem
1528 2563 1599 2583 esse
1613 2549 1741 2586 ἀνακό-

975 2591 1101 2625 λουῖον.
1140 2593 1191 2624 Cf.
1207 2594 1566 2635 Adnotatain111.26‚
1590 2595 1644 2630 63.
1671 2597 1744 2630 Ori-

974 2635 1084 2677 ginem
1108 2637 1204 2670 huius
1237 2650 1311 2671 usus
1334 2642 1472 2673 Krilzius
1502 2640 1544 2672 ad
1566 2641 1645 2674 Sall.
1669 2643 1741 2675 Cat.

975 2681 1029 2719 ὃὸ,
1053 2680 1085 2713 3.
1109 2693 1140 2724 p.
1157 2683 1232 2716 163.
1249 2692 1338 2716 recte
1350 2685 1507 2728 repetivit
1520 2698 1559 2718 ex
1573 2698 1625 2729 e0‚
1651 2688 1742 2731 quod

975 2724 1114 2757 alterum
1144 2729 1328 2762 membrum
1364 2731 1542 2771 orationis,
1585 2732 1613 2764 si
1645 2734 1744 2766 facile

974 2778 1086 2802 mente
1109 2773 1255 2816 suppleri
1286 2782 1419 2818 posset,
1456 2777 1611 2810 omissum
1642 2786 1741 2820 esset,

976 2822 1012 2847 ut
1035 2816 1069 2848 h.
1084 2817 1127 2849 Li
1164 2830 1203 2850 ex
1230 2819 1294 2852 hoc
1318 2825 1347 2854 et
1367 2824 1434 2854 alia
1455 2825 1583 2857 laudari
1602 2830 1744 2867 possunt,

975 2865 1004 2894 et
1026 2864 1083 2894 illa
1105 2862 1176 2896 iure
1199 2864 1384 2899 laudantur.

1046 2910 1112 2949 Ε9ο
1133 2912 1243 2953 quum]
1270 2913 1353 2944 Sunt
1374 2914 1561 2947 tetrametri
1581 2915 1743 2949 trochaici

217 2956 219 2959 -
248 2945 275 2973 et
296 2947 492 2990 necopinato]
530 2948 568 2979 In
600 2947 710 2981 verbis
733 2952 945 2992 necopinatus,
980 2951 1166 2988 catalectici
1185 2968 1226 2988 ex
1247 2957 1356 2991 Ennio
1378 2958 1486 3002 petiti.
1535 2960 1588 2993 cf.
1603 2958 1743 3006 cap-24,
