<?xml version="1.0" encoding="UTF-8"?>
<!DOCTYPE html PUBLIC "-//W3C//DTD XHTML 1.0 Transitional//EN"
    "http://www.w3.org/TR/xhtml1/DTD/xhtml1-transitional.dtd">
<html xmlns="http://www.w3.org/1999/xhtml" xml:lang="en" lang="en">
 <head>
  <title>
</title>
<meta http-equiv="Content-Type" content="text/html;charset=utf-8" />
  <meta name='ocr-system' content='tesseract 3.04.00' />
  <meta name='ocr-capabilities' content='ocr_page ocr_carea ocr_par ocr_line ocrx_word'/>
</head>
<body>
  <div class='ocr_page' id='page_1' title='image "./tusculanarumdi00ciceuoft_0220.png"; bbox 0 0 1843 3101; ppageno 0'>
   <div class='ocr_carea' id='block_1_1' title="bbox 139 37 1179 87">
    <p class='ocr_par' dir='ltr' id='par_1_1' title="bbox 139 37 1179 87">
     <span class='ocr_line' id='line_1_1' title="bbox 139 37 1179 87; baseline -0.014 0"><span class='ocrx_word' id='word_1_1' title='bbox 139 44 225 87; x_wconf 75' lang='lat'>210</span> <span class='ocrx_word' id='word_1_2' title='bbox 681 37 1179 83; x_wconf 70' lang='lat' dir='ltr'>1.1een111,2e‚67.68.</span> 
     </span>
    </p>
   </div>
   <div class='ocr_carea' id='block_1_2' title="bbox 144 116 1751 1815">
    <p class='ocr_par' dir='ltr' id='par_1_2' title="bbox 144 116 1732 630">
     <span class='ocr_line' id='line_1_2' title="bbox 144 116 1725 179; baseline -0.01 -3"><span class='ocrx_word' id='word_1_3' title='bbox 144 133 254 176; x_wconf 81' lang='lat' dir='ltr'>nius?</span> <span class='ocrx_word' id='word_1_4' title='bbox 315 128 532 173; x_wconf 80' lang='lat' dir='ltr'>Constabat</span> <span class='ocrx_word' id='word_1_5' title='bbox 564 139 658 176; x_wconf 91' lang='lat' dir='ltr'>eos,</span> <span class='ocrx_word' id='word_1_6' title='bbox 705 124 769 179; x_wconf 91' lang='lat' dir='ltr'>qui</span> <span class='ocrx_word' id='word_1_7' title='bbox 805 122 1077 164; x_wconf 76' lang='lat' dir='ltr'>concidentem</span> <span class='ocrx_word' id='word_1_8' title='bbox 1113 119 1342 161; x_wconf 91' lang='lat' dir='ltr'>vulneribus</span> <span class='ocrx_word' id='word_1_9' title='bbox 1378 116 1458 162; x_wconf 92' lang='lat' dir='ltr'>Cn.</span> <span class='ocrx_word' id='word_1_10' title='bbox 1493 117 1725 176; x_wconf 86' lang='lat' dir='ltr'>Pompeium</span> 
     </span>
     <span class='ocr_line' id='line_1_3' title="bbox 146 194 1729 258; baseline -0.01 -8"><span class='ocrx_word' id='word_1_11' title='bbox 146 207 358 257; x_wconf 77' lang='lat' dir='ltr'>vidissent,</span> <span class='ocrx_word' id='word_1_12' title='bbox 413 217 530 258; x_wconf 87' lang='lat' dir='ltr'>quum</span> <span class='ocrx_word' id='word_1_13' title='bbox 570 200 610 241; x_wconf 91' lang='lat' dir='ltr'>in</span> <span class='ocrx_word' id='word_1_14' title='bbox 650 198 716 240; x_wconf 92' lang='lat' dir='ltr'>illo</span> <span class='ocrx_word' id='word_1_15' title='bbox 747 198 832 254; x_wconf 92' lang='lat' dir='ltr'>ipso</span> <span class='ocrx_word' id='word_1_16' title='bbox 870 195 1126 238; x_wconf 87' lang='lat' dir='ltr'>acerbissimo</span> <span class='ocrx_word' id='word_1_17' title='bbox 1158 194 1458 249; x_wconf 87' lang='lat' dir='ltr'>miserrimoque</span> <span class='ocrx_word' id='word_1_18' title='bbox 1498 194 1729 250; x_wconf 78' lang='lat' dir='ltr'>spectaculo</span> 
     </span>
     <span class='ocr_line' id='line_1_4' title="bbox 147 268 1730 330; baseline -0.009 -6"><span class='ocrx_word' id='word_1_19' title='bbox 147 283 220 324; x_wconf 90' lang='lat' dir='ltr'>sibi</span> <span class='ocrx_word' id='word_1_20' title='bbox 255 281 461 329; x_wconf 75' lang='lat' dir='ltr'><strong>timerent,</strong></span> <span class='ocrx_word' id='word_1_21' title='bbox 509 275 611 330; x_wconf 90' lang='lat' dir='ltr'>quod</span> <span class='ocrx_word' id='word_1_22' title='bbox 647 287 691 315; x_wconf 92' lang='lat' dir='ltr'>se</span> <span class='ocrx_word' id='word_1_23' title='bbox 725 272 852 313; x_wconf 84' lang='lat' dir='ltr'>classe</span> <span class='ocrx_word' id='word_1_24' title='bbox 885 270 1055 312; x_wconf 83' lang='lat' dir='ltr'>hostium</span> <span class='ocrx_word' id='word_1_25' title='bbox 1086 269 1345 311; x_wconf 84' lang='lat' dir='ltr'>circumfusos</span> <span class='ocrx_word' id='word_1_26' title='bbox 1379 268 1584 320; x_wconf 83' lang='lat' dir='ltr'>viderent,</span> <span class='ocrx_word' id='word_1_27' title='bbox 1632 268 1730 310; x_wconf 86' lang='lat' dir='ltr'>nihil</span> 
     </span>
     <span class='ocr_line' id='line_1_5' title="bbox 148 342 1730 407; baseline -0.01 -9"><span class='ocrx_word' id='word_1_28' title='bbox 148 356 249 398; x_wconf 88' lang='lat' dir='ltr'>aliud</span> <span class='ocrx_word' id='word_1_29' title='bbox 279 362 358 395; x_wconf 79' lang='lat' dir='ltr'>tum</span> <span class='ocrx_word' id='word_1_30' title='bbox 387 351 541 407; x_wconf 81' lang='lat' dir='ltr'>egisse,</span> <span class='ocrx_word' id='word_1_31' title='bbox 586 348 662 390; x_wconf 91' lang='lat' dir='ltr'>nisi</span> <span class='ocrx_word' id='word_1_32' title='bbox 689 354 732 388; x_wconf 87' lang='lat' dir='ltr'>ut</span> <span class='ocrx_word' id='word_1_33' title='bbox 750 346 920 401; x_wconf 77' lang='lat' dir='ltr'>remiges</span> <span class='ocrx_word' id='word_1_34' title='bbox 942 345 1198 385; x_wconf 78' lang='lat' dir='ltr'><strong>hortarentur</strong></span> <span class='ocrx_word' id='word_1_35' title='bbox 1229 350 1269 384; x_wconf 84' lang='lat' dir='ltr'>et</span> <span class='ocrx_word' id='word_1_36' title='bbox 1293 343 1515 384; x_wconf 85' lang='lat' dir='ltr'>utsalutem</span> <span class='ocrx_word' id='word_1_37' title='bbox 1536 342 1730 398; x_wconf 84' lang='lat' dir='ltr'>adipisce-</span> 
     </span>
     <span class='ocr_line' id='line_1_6' title="bbox 148 417 1732 481; baseline -0.009 -11"><span class='ocrx_word' id='word_1_38' title='bbox 148 437 284 471; x_wconf 88' lang='lat' dir='ltr'>rentur</span> <span class='ocrx_word' id='word_1_39' title='bbox 308 428 421 481; x_wconf 83' lang='lat' dir='ltr'>fuga3</span> <span class='ocrx_word' id='word_1_40' title='bbox 468 431 722 481; x_wconf 78' lang='lat' dir='ltr'>posteaquam</span> <span class='ocrx_word' id='word_1_41' title='bbox 747 421 901 477; x_wconf 83' lang='lat' dir='ltr'><strong>Tyrum</strong></span> <span class='ocrx_word' id='word_1_42' title='bbox 928 420 1156 470; x_wconf 84' lang='lat' dir='ltr'>venissent,</span> <span class='ocrx_word' id='word_1_43' title='bbox 1203 425 1283 459; x_wconf 82' lang='lat' dir='ltr'>tum</span> <span class='ocrx_word' id='word_1_44' title='bbox 1308 417 1483 458; x_wconf 87' lang='lat' dir='ltr'>afflictari</span> <span class='ocrx_word' id='word_1_45' title='bbox 1506 417 1732 458; x_wconf 88' lang='lat' dir='ltr'>lamentari—</span> 
     </span>
     <span class='ocr_line' id='line_1_7' title="bbox 147 491 1731 559; baseline -0.008 -16"><span class='ocrx_word' id='word_1_46' title='bbox 147 517 220 559; x_wconf 88' lang='lat' dir='ltr'>que</span> <span class='ocrx_word' id='word_1_47' title='bbox 241 501 435 556; x_wconf 86' lang='lat' dir='ltr'>coepisse.</span> <span class='ocrx_word' id='word_1_48' title='bbox 498 498 640 540; x_wconf 88' lang='lat' dir='ltr'>Timor</span> <span class='ocrx_word' id='word_1_49' title='bbox 659 497 777 552; x_wconf 83' lang='lat' dir='ltr'>igitur</span> <span class='ocrx_word' id='word_1_50' title='bbox 796 496 843 537; x_wconf 87' lang='lat' dir='ltr'>ab</span> <span class='ocrx_word' id='word_1_51' title='bbox 865 495 914 536; x_wconf 89' lang='lat' dir='ltr'>iis</span> <span class='ocrx_word' id='word_1_52' title='bbox 935 493 1220 550; x_wconf 79' lang='lat' dir='ltr'>aegritudinem</span> <span class='ocrx_word' id='word_1_53' title='bbox 1240 491 1364 547; x_wconf 84' lang='lat' dir='ltr'>potuit</span> <span class='ocrx_word' id='word_1_54' title='bbox 1379 491 1571 546; x_wconf 82' lang='lat' dir='ltr'>repellere</span> <span class='ocrx_word' id='word_1_55' title='bbox 1585 522 1596 542; x_wconf 90' lang='lat'><strong>‚</strong></span> <span class='ocrx_word' id='word_1_56' title='bbox 1630 491 1731 532; x_wconf 82' lang='lat' dir='ltr'>ratio</span> 
     </span>
     <span class='ocr_line' id='line_1_8' title="bbox 150 570 857 630; baseline -0.013 -12"><span class='ocrx_word' id='word_1_57' title='bbox 150 593 195 618; x_wconf 87' lang='lat' dir='ltr'>ac</span> <span class='ocrx_word' id='word_1_58' title='bbox 228 575 419 630; x_wconf 77' lang='lat' dir='ltr'>sapientia</span> <span class='ocrx_word' id='word_1_59' title='bbox 449 586 546 614; x_wconf 77' lang='lat' dir='ltr'>vera</span> <span class='ocrx_word' id='word_1_60' title='bbox 577 586 656 613; x_wconf 93' lang='lat' dir='ltr'>non</span> <span class='ocrx_word' id='word_1_61' title='bbox 688 570 857 627; x_wconf 82' lang='lat' dir='ltr'>poterit?</span> 
     </span>
    </p>

    <p class='ocr_par' dir='ltr' id='par_1_3' title="bbox 151 639 1739 1145">
     <span class='ocr_line' id='line_1_9' title="bbox 262 639 1733 700; baseline -0.008 -10"><span class='ocrx_word' id='word_1_62' title='bbox 262 645 467 690; x_wconf 87' lang='lat' dir='ltr'><strong>XXVIII.</strong></span> <span class='ocrx_word' id='word_1_63' title='bbox 532 644 637 700; x_wconf 80' lang='lat' dir='ltr'>Quid</span> <span class='ocrx_word' id='word_1_64' title='bbox 659 653 719 686; x_wconf 89' lang='lat' dir='ltr'>est</span> <span class='ocrx_word' id='word_1_65' title='bbox 740 652 870 686; x_wconf 87' lang='lat' dir='ltr'>autem</span> <span class='ocrx_word' id='word_1_66' title='bbox 885 675 896 695; x_wconf 89' lang='lat'>‚</span> <span class='ocrx_word' id='word_1_67' title='bbox 930 643 1032 698; x_wconf 86' lang='lat' dir='ltr'>quod</span> <span class='ocrx_word' id='word_1_68' title='bbox 1055 642 1140 697; x_wconf 91' lang='lat' dir='ltr'>plus</span> <span class='ocrx_word' id='word_1_69' title='bbox 1162 640 1293 681; x_wconf 81' lang='lat' dir='ltr'>valeat</span> <span class='ocrx_word' id='word_1_70' title='bbox 1310 639 1359 681; x_wconf 89' lang='lat' dir='ltr'>ad</span> <span class='ocrx_word' id='word_1_71' title='bbox 1383 639 1602 695; x_wconf 82' lang='lat' dir='ltr'>ponendum</span> <span class='ocrx_word' id='word_1_72' title='bbox 1623 639 1733 680; x_wconf 91' lang='lat' dir='ltr'>dolo-</span> 
     </span>
     <span class='ocr_line' id='line_1_10' title="bbox 152 714 1735 779; baseline -0.008 -13"><span class='ocrx_word' id='word_1_73' title='bbox 152 739 233 767; x_wconf 89' lang='lat' dir='ltr'>rem</span> <span class='ocrx_word' id='word_1_74' title='bbox 248 756 260 775; x_wconf 86' lang='lat'>,</span> <span class='ocrx_word' id='word_1_75' title='bbox 306 737 420 779; x_wconf 87' lang='lat' dir='ltr'>quam</span> <span class='ocrx_word' id='word_1_76' title='bbox 442 735 559 776; x_wconf 87' lang='lat' dir='ltr'>quum</span> <span class='ocrx_word' id='word_1_77' title='bbox 584 727 645 761; x_wconf 83' lang='lat' dir='ltr'>est</span> <span class='ocrx_word' id='word_1_78' title='bbox 663 719 903 760; x_wconf 79' lang='lat' dir='ltr'>intellectum</span> <span class='ocrx_word' id='word_1_79' title='bbox 918 751 928 769; x_wconf 89' lang='lat'>‚</span> <span class='ocrx_word' id='word_1_80' title='bbox 977 716 1070 758; x_wconf 88' lang='lat' dir='ltr'>nihil</span> <span class='ocrx_word' id='word_1_81' title='bbox 1092 714 1225 771; x_wconf 80' lang='lat' dir='ltr'>profici</span> <span class='ocrx_word' id='word_1_82' title='bbox 1255 721 1295 755; x_wconf 89' lang='lat' dir='ltr'>et</span> <span class='ocrx_word' id='word_1_83' title='bbox 1317 714 1463 755; x_wconf 86' lang='lat' dir='ltr'>frustra</span> <span class='ocrx_word' id='word_1_84' title='bbox 1485 728 1576 755; x_wconf 90' lang='lat' dir='ltr'>esse</span> <span class='ocrx_word' id='word_1_85' title='bbox 1599 727 1735 755; x_wconf 86' lang='lat' dir='ltr'>susee-</span> 
     </span>
     <span class='ocr_line' id='line_1_11' title="bbox 153 787 1736 857; baseline -0.009 -16"><span class='ocrx_word' id='word_1_86' title='bbox 153 800 286 857; x_wconf 85' lang='lat' dir='ltr'>ptum?</span> <span class='ocrx_word' id='word_1_87' title='bbox 346 796 391 840; x_wconf 92' lang='lat' dir='ltr'>Si</span> <span class='ocrx_word' id='word_1_88' title='bbox 415 796 534 851; x_wconf 81' lang='lat' dir='ltr'>igitur</span> <span class='ocrx_word' id='word_1_89' title='bbox 554 793 694 850; x_wconf 88' lang='lat' dir='ltr'>deponi</span> <span class='ocrx_word' id='word_1_90' title='bbox 721 799 871 848; x_wconf 86' lang='lat' dir='ltr'>potest,</span> <span class='ocrx_word' id='word_1_91' title='bbox 907 792 1022 832; x_wconf 86' lang='lat' dir='ltr'>etiam</span> <span class='ocrx_word' id='word_1_92' title='bbox 1046 804 1123 830; x_wconf 92' lang='lat' dir='ltr'>non</span> <span class='ocrx_word' id='word_1_93' title='bbox 1147 788 1290 843; x_wconf 83' lang='lat' dir='ltr'>suscipi</span> <span class='ocrx_word' id='word_1_94' title='bbox 1314 795 1457 843; x_wconf 87' lang='lat' dir='ltr'>potest.</span> <span class='ocrx_word' id='word_1_95' title='bbox 1519 787 1736 829; x_wconf 74' lang='lat' dir='ltr'>Voluntate</span> 
     </span>
     <span class='ocr_line' id='line_1_12' title="bbox 153 860 1738 930; baseline -0.008 -15"><span class='ocrx_word' id='word_1_96' title='bbox 153 875 272 930; x_wconf 86' lang='lat' dir='ltr'>igitur</span> <span class='ocrx_word' id='word_1_97' title='bbox 305 879 344 914; x_wconf 88' lang='lat' dir='ltr'>et</span> <span class='ocrx_word' id='word_1_98' title='bbox 373 870 515 911; x_wconf 82' lang='lat' dir='ltr'>iudicio</span> <span class='ocrx_word' id='word_1_99' title='bbox 549 868 694 923; x_wconf 77' lang='lat' dir='ltr'>suscipi</span> <span class='ocrx_word' id='word_1_100' title='bbox 727 866 1036 922; x_wconf 80' lang='lat' dir='ltr'>aegritudinem,</span> <span class='ocrx_word' id='word_1_101' title='bbox 1083 863 1343 904; x_wconf 74' lang='lat' dir='ltr'>consuendum</span> <span class='ocrx_word' id='word_1_102' title='bbox 1373 870 1449 904; x_wconf 87' lang='lat' dir='ltr'>est.</span> <span class='ocrx_word' id='word_1_103' title='bbox 1510 868 1581 904; x_wconf 83' lang='lat'>67.</span> <span class='ocrx_word' id='word_1_104' title='bbox 1614 860 1738 916; x_wconf 87' lang='lat' dir='ltr'>quue</span> 
     </span>
     <span class='ocr_line' id='line_1_13' title="bbox 155 936 1738 998; baseline -0.009 -8"><span class='ocrx_word' id='word_1_105' title='bbox 155 949 351 990; x_wconf 82' lang='lat' dir='ltr'>indicatur</span> <span class='ocrx_word' id='word_1_106' title='bbox 371 958 505 985; x_wconf 77' lang='lat' dir='ltr'>eorum</span> <span class='ocrx_word' id='word_1_107' title='bbox 528 942 729 998; x_wconf 82' lang='lat' dir='ltr'>patientia,</span> <span class='ocrx_word' id='word_1_108' title='bbox 759 941 822 995; x_wconf 90' lang='lat' dir='ltr'>qui</span> <span class='ocrx_word' id='word_1_109' title='bbox 846 954 962 994; x_wconf 90' lang='lat' dir='ltr'>quum</span> <span class='ocrx_word' id='word_1_110' title='bbox 985 938 1105 979; x_wconf 86' lang='lat' dir='ltr'>multa</span> <span class='ocrx_word' id='word_1_111' title='bbox 1127 938 1207 978; x_wconf 89' lang='lat' dir='ltr'>sint</span> <span class='ocrx_word' id='word_1_112' title='bbox 1226 950 1345 992; x_wconf 90' lang='lat' dir='ltr'>saepe</span> <span class='ocrx_word' id='word_1_113' title='bbox 1363 936 1558 992; x_wconf 83' lang='lat' dir='ltr'>perpessi,</span> <span class='ocrx_word' id='word_1_114' title='bbox 1586 936 1738 977; x_wconf 82' lang='lat' dir='ltr'>facilius</span> 
     </span>
     <span class='ocr_line' id='line_1_14' title="bbox 156 1011 1739 1075; baseline -0.009 -11"><span class='ocrx_word' id='word_1_115' title='bbox 156 1024 309 1071; x_wconf 82' lang='lat' dir='ltr'>ferunt,</span> <span class='ocrx_word' id='word_1_116' title='bbox 353 1018 532 1075; x_wconf 89' lang='lat' dir='ltr'>quiequid</span> <span class='ocrx_word' id='word_1_117' title='bbox 562 1015 724 1066; x_wconf 80' lang='lat' dir='ltr'>accidit,</span> <span class='ocrx_word' id='word_1_118' title='bbox 769 1013 1078 1067; x_wconf 88' lang='lat' dir='ltr'>obduruisseque</span> <span class='ocrx_word' id='word_1_119' title='bbox 1118 1011 1194 1052; x_wconf 81' lang='lat' dir='ltr'>iani</span> <span class='ocrx_word' id='word_1_120' title='bbox 1234 1024 1325 1052; x_wconf 88' lang='lat' dir='ltr'>sese</span> <span class='ocrx_word' id='word_1_121' title='bbox 1367 1017 1506 1052; x_wconf 84' lang='lat' dir='ltr'>contra</span> <span class='ocrx_word' id='word_1_122' title='bbox 1543 1011 1739 1051; x_wconf 80' lang='lat' dir='ltr'>fortunam</span> 
     </span>
     <span class='ocr_line' id='line_1_15' title="bbox 151 1087 1002 1145; baseline -0.009 -10"><span class='ocrx_word' id='word_1_123' title='bbox 151 1097 424 1144; x_wconf 67' lang='lat' dir='ltr'>arbitrantur,</span> <span class='ocrx_word' id='word_1_124' title='bbox 459 1099 500 1134; x_wconf 84' lang='lat' dir='ltr'>ut</span> <span class='ocrx_word' id='word_1_125' title='bbox 530 1091 595 1132; x_wconf 89' lang='lat' dir='ltr'>ille</span> <span class='ocrx_word' id='word_1_126' title='bbox 626 1090 727 1145; x_wconf 89' lang='lat' dir='ltr'>apud</span> <span class='ocrx_word' id='word_1_127' title='bbox 758 1087 1002 1144; x_wconf 87' lang='lat' dir='ltr'>Euripidem,</span> 
     </span>
    </p>

    <p class='ocr_par' dir='ltr' id='par_1_4' title="bbox 365 1163 1348 1215">
     <span class='ocr_line' id='line_1_16' title="bbox 365 1163 1348 1215; baseline -0.009 -8"><span class='ocrx_word' id='word_1_128' title='bbox 365 1171 413 1208; x_wconf 80' lang='lat' dir='ltr'>Si</span> <span class='ocrx_word' id='word_1_129' title='bbox 440 1167 533 1206; x_wconf 76' lang='lat' dir='ltr'>mz&#39;lu&#39;</span> <span class='ocrx_word' id='word_1_130' title='bbox 559 1180 659 1204; x_wconf 76' lang='lat' dir='ltr'>nunc</span> <span class='ocrx_word' id='word_1_131' title='bbox 691 1167 812 1203; x_wconf 52' lang='lat' dir='ltr'>triti-{is</span> <span class='ocrx_word' id='word_1_132' title='bbox 839 1164 1002 1215; x_wconf 76' lang='lat' dir='ltr'>primum</span> <span class='ocrx_word' id='word_1_133' title='bbox 1033 1163 1228 1200; x_wconf 58' lang='lat' dir='ltr'>illuxisset</span> <span class='ocrx_word' id='word_1_134' title='bbox 1255 1163 1348 1207; x_wconf 79' lang='lat' dir='ltr'>dies,</span> 
     </span>
    </p>

    <p class='ocr_par' dir='ltr' id='par_1_5' title="bbox 366 1237 1251 1289">
     <span class='ocr_line' id='line_1_17' title="bbox 366 1237 1251 1289; baseline -0.009 -8"><span class='ocrx_word' id='word_1_135' title='bbox 366 1245 447 1282; x_wconf 61' lang='lat' dir='ltr'>Nee</span> <span class='ocrx_word' id='word_1_136' title='bbox 479 1249 552 1280; x_wconf 85' lang='lat' dir='ltr'>tam</span> <span class='ocrx_word' id='word_1_137' title='bbox 582 1241 805 1278; x_wconf 70' lang='lat' dir='ltr'>aerumnoso</span> <span class='ocrx_word' id='word_1_138' title='bbox 835 1237 1113 1289; x_wconf 41' lang='lat' dir='ltr'>lzd&#39;vzgavzlssem</span> <span class='ocrx_word' id='word_1_139' title='bbox 1143 1237 1251 1283; x_wconf 82' lang='lat' dir='ltr'>salo,-</span> 
     </span>
    </p>

    <p class='ocr_par' dir='ltr' id='par_1_6' title="bbox 368 1311 1270 1362">
     <span class='ocr_line' id='line_1_18' title="bbox 368 1311 1270 1362; baseline -0.008 -7"><span class='ocrx_word' id='word_1_140' title='bbox 368 1317 483 1356; x_wconf 58' lang='lat' dir='ltr'>Esset</span> <span class='ocrx_word' id='word_1_141' title='bbox 509 1315 663 1353; x_wconf 68' lang='lat' dir='ltr'>dolendi·</span> <span class='ocrx_word' id='word_1_142' title='bbox 689 1311 846 1359; x_wconf 63' lang='lat' dir='ltr'>cadssa,</span> <span class='ocrx_word' id='word_1_143' title='bbox 882 1320 926 1350; x_wconf 79' lang='lat' dir='ltr'>ut</span> <span class='ocrx_word' id='word_1_144' title='bbox 952 1313 1088 1350; x_wconf 72' lang='lat' dir='ltr'>inlecto</span> <span class='ocrx_word' id='word_1_145' title='bbox 1117 1312 1270 1362; x_wconf 60' lang='lat' dir='ltr'>equulei</span> 
     </span>
    </p>

    <p class='ocr_par' dir='ltr' id='par_1_7' title="bbox 370 1383 1241 1440">
     <span class='ocr_line' id='line_1_19' title="bbox 370 1383 1241 1440; baseline -0.008 -11"><span class='ocrx_word' id='word_1_146' title='bbox 370 1393 494 1430; x_wconf 62' lang='lat' dir='ltr'>Frena</span> <span class='ocrx_word' id='word_1_147' title='bbox 525 1394 676 1440; x_wconf 68' lang='lat' dir='ltr'>repente</span> <span class='ocrx_word' id='word_1_148' title='bbox 707 1390 814 1425; x_wconf 72' lang='lat' dir='ltr'>lc&#39;cctn</span> <span class='ocrx_word' id='word_1_149' title='bbox 844 1383 1094 1436; x_wconf 56' lang='lat' dir='ltr'>exagitantur</span> <span class='ocrx_word' id='word_1_150' title='bbox 1123 1399 1241 1433; x_wconf 76' lang='lat' dir='ltr'>novo,-</span> 
     </span>
    </p>

    <p class='ocr_par' dir='ltr' id='par_1_8' title="bbox 168 1459 1751 1815">
     <span class='ocr_line' id='line_1_20' title="bbox 371 1459 1167 1511; baseline -0.006 -8"><span class='ocrx_word' id='word_1_151' title='bbox 371 1467 448 1504; x_wconf 78' lang='lat' dir='ltr'>Sed</span> <span class='ocrx_word' id='word_1_152' title='bbox 475 1466 554 1502; x_wconf 61' lang='lat' dir='ltr'>idm</span> <span class='ocrx_word' id='word_1_153' title='bbox 583 1463 761 1500; x_wconf 76' lang='lat' dir='ltr'>subactus</span> <span class='ocrx_word' id='word_1_154' title='bbox 791 1459 952 1499; x_wconf 72' lang='lat' dir='ltr'>miseriis</span> <span class='ocrx_word' id='word_1_155' title='bbox 981 1461 1167 1511; x_wconf 71' lang='lat' dir='ltr'>obtorpm&#39;.</span> 
     </span>
     <span class='ocr_line' id='line_1_21' title="bbox 168 1531 1749 1593; baseline -0.005 -13"><span class='ocrx_word' id='word_1_156' title='bbox 168 1537 412 1593; x_wconf 80' lang='lat' dir='ltr'>Defetigatio</span> <span class='ocrx_word' id='word_1_157' title='bbox 437 1538 557 1593; x_wconf 85' lang='lat' dir='ltr'>igitur</span> <span class='ocrx_word' id='word_1_158' title='bbox 575 1535 820 1577; x_wconf 89' lang='lat' dir='ltr'>miseriarum</span> <span class='ocrx_word' id='word_1_159' title='bbox 841 1533 1106 1588; x_wconf 81' lang='lat' dir='ltr'>aegritudines</span> <span class='ocrx_word' id='word_1_160' title='bbox 1128 1547 1244 1587; x_wconf 89' lang='lat' dir='ltr'>quum</span> <span class='ocrx_word' id='word_1_161' title='bbox 1262 1532 1379 1574; x_wconf 85' lang='lat' dir='ltr'>faciat</span> <span class='ocrx_word' id='word_1_162' title='bbox 1398 1532 1595 1582; x_wconf 81' lang='lat' dir='ltr'>leniores,</span> <span class='ocrx_word' id='word_1_163' title='bbox 1633 1531 1749 1572; x_wconf 85' lang='lat' dir='ltr'>intel-</span> 
     </span>
     <span class='ocr_line' id='line_1_22' title="bbox 169 1608 1750 1669; baseline -0.006 -14"><span class='ocrx_word' id='word_1_164' title='bbox 169 1613 234 1669; x_wconf 87' lang='lat' dir='ltr'>ligi</span> <span class='ocrx_word' id='word_1_165' title='bbox 259 1626 424 1654; x_wconf 90' lang='lat' dir='ltr'>necesse</span> <span class='ocrx_word' id='word_1_166' title='bbox 455 1619 539 1662; x_wconf 90' lang='lat' dir='ltr'>est,</span> <span class='ocrx_word' id='word_1_167' title='bbox 585 1625 664 1652; x_wconf 91' lang='lat' dir='ltr'>non</span> <span class='ocrx_word' id='word_1_168' title='bbox 695 1624 778 1651; x_wconf 89' lang='lat' dir='ltr'>rem</span> <span class='ocrx_word' id='word_1_169' title='bbox 805 1609 952 1664; x_wconf 82' lang='lat' dir='ltr'>ipsam,</span> <span class='ocrx_word' id='word_1_170' title='bbox 997 1621 1175 1648; x_wconf 82' lang='lat' dir='ltr'>caussam</span> <span class='ocrx_word' id='word_1_171' title='bbox 1201 1614 1319 1662; x_wconf 87' lang='lat' dir='ltr'>atque</span> <span class='ocrx_word' id='word_1_172' title='bbox 1345 1608 1490 1647; x_wconf 84' lang='lat' dir='ltr'>sontem</span> <span class='ocrx_word' id='word_1_173' title='bbox 1528 1619 1618 1647; x_wconf 90' lang='lat' dir='ltr'>esse</span> <span class='ocrx_word' id='word_1_174' title='bbox 1643 1619 1750 1647; x_wconf 87' lang='lat' dir='ltr'>mae-</span> 
     </span>
     <span class='ocr_line' id='line_1_23' title="bbox 169 1680 1751 1740; baseline -0.006 -10"><span class='ocrx_word' id='word_1_175' title='bbox 169 1688 286 1730; x_wconf 88' lang='lat' dir='ltr'>roris.</span> <span class='ocrx_word' id='word_1_176' title='bbox 357 1692 428 1728; x_wconf 81' lang='lat'>68.</span> <span class='ocrx_word' id='word_1_177' title='bbox 469 1684 698 1740; x_wconf 88' lang='lat' dir='ltr'>Philosophi</span> <span class='ocrx_word' id='word_1_178' title='bbox 727 1683 868 1724; x_wconf 89' lang='lat' dir='ltr'>summi</span> <span class='ocrx_word' id='word_1_179' title='bbox 901 1696 1027 1737; x_wconf 88' lang='lat' dir='ltr'>neque</span> <span class='ocrx_word' id='word_1_180' title='bbox 1066 1682 1154 1722; x_wconf 91' lang='lat' dir='ltr'>dum</span> <span class='ocrx_word' id='word_1_181' title='bbox 1185 1688 1316 1722; x_wconf 84' lang='lat' dir='ltr'>tamen</span> <span class='ocrx_word' id='word_1_182' title='bbox 1345 1680 1576 1736; x_wconf 88' lang='lat' dir='ltr'>sapientiam</span> <span class='ocrx_word' id='word_1_183' title='bbox 1608 1693 1751 1721; x_wconf 89' lang='lat' dir='ltr'>conse-</span> 
     </span>
     <span class='ocr_line' id='line_1_24' title="bbox 171 1752 1749 1815; baseline -0.006 -11"><span class='ocrx_word' id='word_1_184' title='bbox 171 1762 250 1804; x_wconf 84' lang='lat' dir='ltr'>cuti</span> <span class='ocrx_word' id='word_1_185' title='bbox 270 1775 400 1803; x_wconf 92' lang='lat' dir='ltr'>nonne</span> <span class='ocrx_word' id='word_1_186' title='bbox 422 1761 668 1815; x_wconf 83' lang='lat' dir='ltr'>intelligunt,</span> <span class='ocrx_word' id='word_1_187' title='bbox 702 1759 741 1799; x_wconf 92' lang='lat' dir='ltr'>in</span> <span class='ocrx_word' id='word_1_188' title='bbox 767 1773 917 1799; x_wconf 86' lang='lat' dir='ltr'>sunnno</span> <span class='ocrx_word' id='word_1_189' title='bbox 941 1771 983 1797; x_wconf 91' lang='lat' dir='ltr'>se</span> <span class='ocrx_word' id='word_1_190' title='bbox 1009 1756 1109 1796; x_wconf 89' lang='lat' dir='ltr'>malo</span> <span class='ocrx_word' id='word_1_191' title='bbox 1131 1756 1247 1796; x_wconf 87' lang='lat' dir='ltr'>esse?</span> <span class='ocrx_word' id='word_1_192' title='bbox 1308 1752 1412 1796; x_wconf 81' lang='lat' dir='ltr'>Sunt</span> <span class='ocrx_word' id='word_1_193' title='bbox 1434 1755 1537 1795; x_wconf 89' lang='lat' dir='ltr'>enim</span> <span class='ocrx_word' id='word_1_194' title='bbox 1560 1754 1749 1810; x_wconf 88' lang='lat' dir='ltr'>insipien-</span> 
     </span>
    </p>
   </div>
   <div class='ocr_carea' id='block_1_3' title="bbox 172 1843 1749 1988">
    <p class='ocr_par' dir='ltr' id='par_1_9' title="bbox 172 1843 1749 1988">
     <span class='ocr_line' id='line_1_25' title="bbox 172 1843 1744 1897; baseline -0.006 -10"><span class='ocrx_word' id='word_1_195' title='bbox 172 1852 378 1897; x_wconf 88' lang='lat' dir='ltr'>respondent</span> <span class='ocrx_word' id='word_1_196' title='bbox 396 1864 514 1895; x_wconf 85' lang='lat' dir='ltr'>graeco</span> <span class='ocrx_word' id='word_1_197' title='bbox 536 1848 737 1893; x_wconf 70' lang='grc' dir='ltr'>ἐπειδήπερ,</span> <span class='ocrx_word' id='word_1_198' title='bbox 763 1851 806 1882; x_wconf 84' lang='lat' dir='ltr'>da</span> <span class='ocrx_word' id='word_1_199' title='bbox 822 1852 857 1891; x_wconf 82' lang='lat' dir='ltr'>ja</span> <span class='ocrx_word' id='word_1_200' title='bbox 876 1860 942 1882; x_wconf 87' lang='lat' dir='ltr'>nun</span> <span class='ocrx_word' id='word_1_201' title='bbox 977 1854 1010 1879; x_wconf 84' lang='lat' dir='ltr'>et</span> <span class='ocrx_word' id='word_1_202' title='bbox 1034 1847 1115 1879; x_wconf 85' lang='lat' dir='ltr'>Plat.</span> <span class='ocrx_word' id='word_1_203' title='bbox 1137 1847 1193 1893; x_wconf 81' lang='lat' dir='ltr'>IV.</span> <span class='ocrx_word' id='word_1_204' title='bbox 1221 1857 1249 1878; x_wconf 88' lang='lat' dir='ltr'>c.</span> <span class='ocrx_word' id='word_1_205' title='bbox 1268 1843 1301 1878; x_wconf 88' lang='lat'>7.</span> <span class='ocrx_word' id='word_1_206' title='bbox 1333 1845 1435 1890; x_wconf 88' lang='lat' dir='ltr'>(apud</span> <span class='ocrx_word' id='word_1_207' title='bbox 1458 1845 1555 1878; x_wconf 86' lang='lat' dir='ltr'>Beck.</span> <span class='ocrx_word' id='word_1_208' title='bbox 1578 1845 1744 1888; x_wconf 82' lang='lat' dir='ltr'>Fragmm.</span> 
     </span>
     <span class='ocr_line' id='line_1_26' title="bbox 175 1889 1222 1942; baseline -0.009 -10"><span class='ocrx_word' id='word_1_209' title='bbox 175 1901 290 1933; x_wconf 83' lang='lat' dir='ltr'>einmal</span> <span class='ocrx_word' id='word_1_210' title='bbox 317 1901 473 1942; x_wconf 74' lang='lat' dir='ltr'>(sintemal</span> <span class='ocrx_word' id='word_1_211' title='bbox 496 1899 562 1929; x_wconf 82' lang='lat' dir='ltr'>und</span> <span class='ocrx_word' id='word_1_212' title='bbox 585 1896 778 1929; x_wconf 54' lang='lat' dir='ltr'>alldieneili.</span> <span class='ocrx_word' id='word_1_213' title='bbox 980 1892 1052 1927; x_wconf 72' lang='lat'>167.</span> <span class='ocrx_word' id='word_1_214' title='bbox 1072 1905 1104 1935; x_wconf 88' lang='lat' dir='ltr'>p.</span> <span class='ocrx_word' id='word_1_215' title='bbox 1118 1889 1222 1931; x_wconf 47' lang='lat'>492).</span> 
     </span>
     <span class='ocr_line' id='line_1_27' title="bbox 242 1936 1749 1988; baseline -0.005 -11"><span class='ocrx_word' id='word_1_216' title='bbox 242 1944 423 1988; x_wconf 72' lang='lat' dir='ltr'>Constabat]</span> <span class='ocrx_word' id='word_1_217' title='bbox 450 1942 685 1986; x_wconf 81' lang='lat' dir='ltr'>Imperfectum</span> <span class='ocrx_word' id='word_1_218' title='bbox 699 1941 787 1974; x_wconf 80' lang='lat' dir='ltr'>adid</span> <span class='ocrx_word' id='word_1_219' title='bbox 799 1948 941 1984; x_wconf 78' lang='lat' dir='ltr'>tempus,</span> <span class='ocrx_word' id='word_1_220' title='bbox 1043 1937 1099 1972; x_wconf 67' lang='lat'>623.</span> <span class='ocrx_word' id='word_1_221' title='bbox 1132 1941 1204 1970; x_wconf 86' lang='lat' dir='ltr'>sunt</span> <span class='ocrx_word' id='word_1_222' title='bbox 1233 1940 1315 1970; x_wconf 85' lang='lat' dir='ltr'>enim</span> <span class='ocrx_word' id='word_1_223' title='bbox 1345 1936 1538 1981; x_wconf 78' lang='lat' dir='ltr'>insipientes]</span> <span class='ocrx_word' id='word_1_224' title='bbox 1581 1937 1608 1968; x_wconf 90' lang='lat' dir='ltr'><strong>E</strong></span> <span class='ocrx_word' id='word_1_225' title='bbox 1634 1936 1749 1969; x_wconf 86' lang='lat' dir='ltr'>Stoica</span> 
     </span>
    </p>
   </div>
   <div class='ocr_carea' id='block_1_4' title="bbox 173 1986 946 2943">
    <p class='ocr_par' dir='ltr' id='par_1_10' title="bbox 173 1986 943 2067">
     <span class='ocr_line' id='line_1_28' title="bbox 173 1986 943 2033; baseline -0.005 -11"><span class='ocrx_word' id='word_1_226' title='bbox 173 2001 239 2033; x_wconf 87' lang='lat' dir='ltr'>quo</span> <span class='ocrx_word' id='word_1_227' title='bbox 272 1990 446 2033; x_wconf 85' lang='lat' dir='ltr'>Pompeius</span> <span class='ocrx_word' id='word_1_228' title='bbox 480 1989 700 2032; x_wconf 85' lang='lat' dir='ltr'>interemptus</span> <span class='ocrx_word' id='word_1_229' title='bbox 735 1994 806 2029; x_wconf 87' lang='lat' dir='ltr'>est,</span> <span class='ocrx_word' id='word_1_230' title='bbox 853 1986 943 2019; x_wconf 89' lang='lat' dir='ltr'>rela—</span> 
     </span>
     <span class='ocr_line' id='line_1_29' title="bbox 174 2042 326 2067; baseline -0.007 0"><span class='ocrx_word' id='word_1_231' title='bbox 174 2042 244 2067; x_wconf 88' lang='lat' dir='ltr'>tum</span> <span class='ocrx_word' id='word_1_232' title='bbox 265 2042 326 2067; x_wconf 86' lang='lat' dir='ltr'>est.</span> 
     </span>
    </p>

    <p class='ocr_par' dir='ltr' id='par_1_11' title="bbox 175 2077 946 2626">
     <span class='ocr_line' id='line_1_30' title="bbox 243 2077 945 2121; baseline -0.004 -8"><span class='ocrx_word' id='word_1_233' title='bbox 243 2083 324 2113; x_wconf 83' lang='lat' dir='ltr'>ratio</span> <span class='ocrx_word' id='word_1_234' title='bbox 346 2091 384 2113; x_wconf 82' lang='lat' dir='ltr'>ac</span> <span class='ocrx_word' id='word_1_235' title='bbox 404 2083 560 2121; x_wconf 78' lang='lat' dir='ltr'>sapientia</span> <span class='ocrx_word' id='word_1_236' title='bbox 583 2080 674 2121; x_wconf 78' lang='lat' dir='ltr'>vera]</span> <span class='ocrx_word' id='word_1_237' title='bbox 713 2081 768 2111; x_wconf 88' lang='lat' dir='ltr'>Or.</span> <span class='ocrx_word' id='word_1_238' title='bbox 796 2090 813 2111; x_wconf 87' lang='lat' dir='ltr'>e</span> <span class='ocrx_word' id='word_1_239' title='bbox 837 2077 945 2110; x_wconf 73' lang='lat' dir='ltr'>Bentl.</span> 
     </span>
     <span class='ocr_line' id='line_1_31' title="bbox 177 2125 944 2165; baseline -0.004 -7"><span class='ocrx_word' id='word_1_240' title='bbox 177 2125 263 2159; x_wconf 86' lang='lat' dir='ltr'>coni.</span> <span class='ocrx_word' id='word_1_241' title='bbox 291 2125 395 2157; x_wconf 84' lang='lat' dir='ltr'>edidit</span> <span class='ocrx_word' id='word_1_242' title='bbox 415 2129 496 2158; x_wconf 85' lang='lat' dir='ltr'>ratio</span> <span class='ocrx_word' id='word_1_243' title='bbox 521 2128 570 2158; x_wconf 84' lang='lat' dir='ltr'>ab</span> <span class='ocrx_word' id='word_1_244' title='bbox 601 2127 803 2165; x_wconf 81' lang='lat' dir='ltr'>sapienti</span> <span class='ocrx_word' id='word_1_245' title='bbox 837 2126 944 2156; x_wconf 85' lang='lat' dir='ltr'>viro.</span> 
     </span>
     <span class='ocr_line' id='line_1_32' title="bbox 177 2169 945 2213; baseline -0.003 -10"><span class='ocrx_word' id='word_1_246' title='bbox 177 2171 333 2212; x_wconf 87' lang='lat' dir='ltr'>Quamvis</span> <span class='ocrx_word' id='word_1_247' title='bbox 365 2171 536 2213; x_wconf 83' lang='lat' dir='ltr'>ingeniosa</span> <span class='ocrx_word' id='word_1_248' title='bbox 567 2171 610 2202; x_wconf 86' lang='lat' dir='ltr'>sit</span> <span class='ocrx_word' id='word_1_249' title='bbox 639 2171 722 2202; x_wconf 77' lang='lat' dir='ltr'>haec</span> <span class='ocrx_word' id='word_1_250' title='bbox 746 2169 945 2209; x_wconf 81' lang='lat' dir='ltr'>coniectura,</span> 
     </span>
     <span class='ocr_line' id='line_1_33' title="bbox 175 2215 946 2259; baseline -0.003 -10"><span class='ocrx_word' id='word_1_251' title='bbox 175 2225 288 2250; x_wconf 80' lang='lat' dir='ltr'>tamen</span> <span class='ocrx_word' id='word_1_252' title='bbox 313 2216 440 2259; x_wconf 91' lang='lat' dir='ltr'>optimo</span> <span class='ocrx_word' id='word_1_253' title='bbox 464 2216 534 2248; x_wconf 88' lang='lat' dir='ltr'>iure</span> <span class='ocrx_word' id='word_1_254' title='bbox 556 2229 575 2248; x_wconf 89' lang='lat' dir='ltr'>a</span> <span class='ocrx_word' id='word_1_255' title='bbox 596 2219 718 2248; x_wconf 80' lang='lat' dir='ltr'>Klotzio</span> <span class='ocrx_word' id='word_1_256' title='bbox 740 2222 790 2247; x_wconf 85' lang='lat' dir='ltr'>est</span> <span class='ocrx_word' id='word_1_257' title='bbox 811 2215 946 2247; x_wconf 88' lang='lat' dir='ltr'>reiecta.</span> 
     </span>
     <span class='ocr_line' id='line_1_34' title="bbox 177 2261 946 2305; baseline -0.005 -9"><span class='ocrx_word' id='word_1_258' title='bbox 177 2262 321 2296; x_wconf 90' lang='lat' dir='ltr'>Primum</span> <span class='ocrx_word' id='word_1_259' title='bbox 341 2261 428 2294; x_wconf 89' lang='lat' dir='ltr'>enim</span> <span class='ocrx_word' id='word_1_260' title='bbox 450 2273 517 2293; x_wconf 89' lang='lat' dir='ltr'>non</span> <span class='ocrx_word' id='word_1_261' title='bbox 537 2269 615 2305; x_wconf 83' lang='lat' dir='ltr'>apte</span> <span class='ocrx_word' id='word_1_262' title='bbox 630 2262 745 2294; x_wconf 88' lang='lat' dir='ltr'>Cicero</span> <span class='ocrx_word' id='word_1_263' title='bbox 767 2261 946 2305; x_wconf 57' lang='lat' dir='ltr'>Pompeia-</span> 
     </span>
     <span class='ocr_line' id='line_1_35' title="bbox 178 2306 946 2351; baseline -0.003 -11"><span class='ocrx_word' id='word_1_264' title='bbox 178 2308 229 2340; x_wconf 90' lang='lat' dir='ltr'>nis</span> <span class='ocrx_word' id='word_1_265' title='bbox 244 2307 428 2351; x_wconf 81' lang='lat' dir='ltr'>sapientem</span> <span class='ocrx_word' id='word_1_266' title='bbox 448 2306 553 2338; x_wconf 85' lang='lat' dir='ltr'>virum</span> <span class='ocrx_word' id='word_1_267' title='bbox 570 2307 799 2350; x_wconf 50' lang='lat' dir='ltr'>opposuissem</span> <span class='ocrx_word' id='word_1_268' title='bbox 825 2307 946 2338; x_wconf 87' lang='lat' dir='ltr'>deinde</span> 
     </span>
     <span class='ocr_line' id='line_1_36' title="bbox 179 2352 945 2390; baseline -0.003 -4"><span class='ocrx_word' id='word_1_269' title='bbox 179 2354 207 2387; x_wconf 86' lang='lat' dir='ltr'>si</span> <span class='ocrx_word' id='word_1_270' title='bbox 232 2353 268 2386; x_wconf 88' lang='lat' dir='ltr'>id</span> <span class='ocrx_word' id='word_1_271' title='bbox 289 2353 401 2385; x_wconf 82' lang='lat' dir='ltr'>facere</span> <span class='ocrx_word' id='word_1_272' title='bbox 433 2352 611 2390; x_wconf 88' lang='lat' dir='ltr'>voluisset,</span> <span class='ocrx_word' id='word_1_273' title='bbox 647 2352 717 2383; x_wconf 84' lang='lat' dir='ltr'>sine</span> <span class='ocrx_word' id='word_1_274' title='bbox 751 2352 852 2384; x_wconf 90' lang='lat' dir='ltr'>dubio</span> <span class='ocrx_word' id='word_1_275' title='bbox 877 2364 945 2385; x_wconf 88' lang='lat' dir='ltr'>non</span> 
     </span>
     <span class='ocr_line' id='line_1_37' title="bbox 180 2397 946 2441; baseline -0.004 -9"><span class='ocrx_word' id='word_1_276' title='bbox 180 2402 220 2432; x_wconf 83' lang='lat' dir='ltr'>ab</span> <span class='ocrx_word' id='word_1_277' title='bbox 244 2401 304 2439; x_wconf 85' lang='lat' dir='ltr'>iis,</span> <span class='ocrx_word' id='word_1_278' title='bbox 336 2398 396 2430; x_wconf 89' lang='lat' dir='ltr'>sed</span> <span class='ocrx_word' id='word_1_279' title='bbox 419 2400 459 2430; x_wconf 89' lang='lat' dir='ltr'>ab</span> <span class='ocrx_word' id='word_1_280' title='bbox 481 2400 544 2429; x_wconf 83' lang='lat' dir='ltr'>illis</span> <span class='ocrx_word' id='word_1_281' title='bbox 566 2397 769 2439; x_wconf 55' lang='lat' dir='ltr'>scripsisset,</span> <span class='ocrx_word' id='word_1_282' title='bbox 803 2398 946 2441; x_wconf 85' lang='lat' dir='ltr'>denique</span> 
     </span>
     <span class='ocr_line' id='line_1_38' title="bbox 181 2442 945 2485; baseline -0.003 -8"><span class='ocrx_word' id='word_1_283' title='bbox 181 2445 318 2478; x_wconf 87' lang='lat' dir='ltr'>omnino</span> <span class='ocrx_word' id='word_1_284' title='bbox 339 2444 372 2476; x_wconf 91' lang='lat' dir='ltr'>h.</span> <span class='ocrx_word' id='word_1_285' title='bbox 388 2443 411 2476; x_wconf 91' lang='lat' dir='ltr'>l.</span> <span class='ocrx_word' id='word_1_286' title='bbox 441 2454 508 2474; x_wconf 92' lang='lat' dir='ltr'>non</span> <span class='ocrx_word' id='word_1_287' title='bbox 537 2442 573 2474; x_wconf 92' lang='lat' dir='ltr'>id</span> <span class='ocrx_word' id='word_1_288' title='bbox 595 2443 722 2485; x_wconf 86' lang='lat' dir='ltr'>agitur,</span> <span class='ocrx_word' id='word_1_289' title='bbox 760 2450 795 2475; x_wconf 88' lang='lat' dir='ltr'>ut</span> <span class='ocrx_word' id='word_1_290' title='bbox 815 2443 865 2475; x_wconf 86' lang='lat' dir='ltr'>vir</span> <span class='ocrx_word' id='word_1_291' title='bbox 888 2455 945 2475; x_wconf 84' lang='lat' dir='ltr'>sa-</span> 
     </span>
     <span class='ocr_line' id='line_1_39' title="bbox 180 2488 945 2534; baseline -0.005 -11"><span class='ocrx_word' id='word_1_292' title='bbox 180 2491 275 2534; x_wconf 88' lang='lat' dir='ltr'>piens</span> <span class='ocrx_word' id='word_1_293' title='bbox 294 2489 412 2522; x_wconf 85' lang='lat' dir='ltr'>ceteris</span> <span class='ocrx_word' id='word_1_294' title='bbox 424 2488 610 2521; x_wconf 87' lang='lat' dir='ltr'>hominibus</span> <span class='ocrx_word' id='word_1_295' title='bbox 627 2495 825 2530; x_wconf 86' lang='lat' dir='ltr'>opponatur,</span> <span class='ocrx_word' id='word_1_296' title='bbox 846 2500 945 2531; x_wconf 88' lang='lat' dir='ltr'>quum</span> 
     </span>
     <span class='ocr_line' id='line_1_40' title="bbox 181 2533 944 2578; baseline -0.005 -9"><span class='ocrx_word' id='word_1_297' title='bbox 181 2543 215 2569; x_wconf 88' lang='lat' dir='ltr'>et</span> <span class='ocrx_word' id='word_1_298' title='bbox 238 2543 355 2573; x_wconf 85' lang='lat' dir='ltr'>antea,</span> <span class='ocrx_word' id='word_1_299' title='bbox 381 2541 414 2567; x_wconf 89' lang='lat' dir='ltr'>et</span> <span class='ocrx_word' id='word_1_300' title='bbox 436 2540 553 2578; x_wconf 83' lang='lat' dir='ltr'>postea</span> <span class='ocrx_word' id='word_1_301' title='bbox 578 2533 692 2565; x_wconf 85' lang='lat' dir='ltr'>Cicero</span> <span class='ocrx_word' id='word_1_302' title='bbox 715 2533 866 2566; x_wconf 83' lang='lat' dir='ltr'>universe</span> <span class='ocrx_word' id='word_1_303' title='bbox 889 2534 944 2565; x_wconf 92' lang='lat' dir='ltr'>lo—</span> 
     </span>
     <span class='ocr_line' id='line_1_41' title="bbox 181 2588 310 2626; baseline 0 -13"><span class='ocrx_word' id='word_1_304' title='bbox 181 2588 310 2626; x_wconf 86' lang='lat' dir='ltr'>quatur.</span> 
     </span>
    </p>

    <p class='ocr_par' dir='ltr' id='par_1_12' title="bbox 179 2626 946 2853">
     <span class='ocr_line' id='line_1_42' title="bbox 250 2626 943 2666; baseline -0.006 -7"><span class='ocrx_word' id='word_1_305' title='bbox 250 2627 328 2659; x_wconf 75' lang='lat' dir='ltr'>CAP.</span> <span class='ocrx_word' id='word_1_306' title='bbox 338 2627 500 2659; x_wconf 79' lang='lat' dir='ltr'>XXVIII.</span> <span class='ocrx_word' id='word_1_307' title='bbox 522 2628 616 2658; x_wconf 86' lang='lat' dir='ltr'>etiam</span> <span class='ocrx_word' id='word_1_308' title='bbox 630 2635 692 2657; x_wconf 87' lang='lat' dir='ltr'>non</span> <span class='ocrx_word' id='word_1_309' title='bbox 705 2626 822 2664; x_wconf 85' lang='lat' dir='ltr'>suscipi</span> <span class='ocrx_word' id='word_1_310' title='bbox 832 2626 943 2666; x_wconf 80' lang='lat' dir='ltr'>potest]</span> 
     </span>
     <span class='ocr_line' id='line_1_43' title="bbox 180 2670 946 2716; baseline -0.007 -11"><span class='ocrx_word' id='word_1_311' title='bbox 180 2673 323 2716; x_wconf 84' lang='lat' dir='ltr'>Negatio</span> <span class='ocrx_word' id='word_1_312' title='bbox 340 2683 402 2705; x_wconf 86' lang='lat' dir='ltr'>non</span> <span class='ocrx_word' id='word_1_313' title='bbox 415 2670 645 2714; x_wconf 88' lang='lat' dir='ltr'>coniungenda</span> <span class='ocrx_word' id='word_1_314' title='bbox 661 2677 711 2702; x_wconf 86' lang='lat' dir='ltr'>est</span> <span class='ocrx_word' id='word_1_315' title='bbox 730 2681 802 2702; x_wconf 90' lang='lat' dir='ltr'>cum</span> <span class='ocrx_word' id='word_1_316' title='bbox 818 2672 946 2710; x_wconf 80' lang='lat' dir='ltr'>suscipi,</span> 
     </span>
     <span class='ocr_line' id='line_1_44' title="bbox 181 2715 942 2760; baseline -0.007 -9"><span class='ocrx_word' id='word_1_317' title='bbox 181 2725 218 2751; x_wconf 91' lang='lat' dir='ltr'>ut</span> <span class='ocrx_word' id='word_1_318' title='bbox 239 2718 340 2750; x_wconf 86' lang='lat' dir='ltr'>verba</span> <span class='ocrx_word' id='word_1_319' title='bbox 365 2729 426 2750; x_wconf 85' lang='lat' dir='ltr'>non</span> <span class='ocrx_word' id='word_1_320' title='bbox 446 2720 564 2758; x_wconf 84' lang='lat' dir='ltr'>suscipi</span> <span class='ocrx_word' id='word_1_321' title='bbox 586 2716 677 2760; x_wconf 86' lang='lat' dir='ltr'>quasi</span> <span class='ocrx_word' id='word_1_322' title='bbox 704 2727 802 2747; x_wconf 86' lang='lat' dir='ltr'>unam</span> <span class='ocrx_word' id='word_1_323' title='bbox 828 2715 942 2747; x_wconf 91' lang='lat' dir='ltr'>notio-</span> 
     </span>
     <span class='ocr_line' id='line_1_45' title="bbox 179 2759 946 2807; baseline -0.005 -11"><span class='ocrx_word' id='word_1_324' title='bbox 179 2775 256 2796; x_wconf 88' lang='lat' dir='ltr'>nem</span> <span class='ocrx_word' id='word_1_325' title='bbox 277 2763 475 2807; x_wconf 81' lang='lat' dir='ltr'>significent.</span> <span class='ocrx_word' id='word_1_326' title='bbox 525 2762 623 2795; x_wconf 88' lang='lat' dir='ltr'>Unde</span> <span class='ocrx_word' id='word_1_327' title='bbox 645 2768 759 2806; x_wconf 86' lang='lat' dir='ltr'>patet,</span> <span class='ocrx_word' id='word_1_328' title='bbox 785 2761 817 2793; x_wconf 96' lang='lat' dir='ltr'>h.</span> <span class='ocrx_word' id='word_1_329' title='bbox 834 2760 856 2793; x_wconf 90' lang='lat' dir='ltr'>l.</span> <span class='ocrx_word' id='word_1_330' title='bbox 881 2759 946 2793; x_wconf 83' lang='lat' dir='ltr'>dici</span> 
     </span>
     <span class='ocr_line' id='line_1_46' title="bbox 180 2809 772 2853; baseline -0.002 -12"><span class='ocrx_word' id='word_1_331' title='bbox 180 2821 248 2842; x_wconf 90' lang='lat' dir='ltr'>non</span> <span class='ocrx_word' id='word_1_332' title='bbox 270 2809 418 2853; x_wconf 84' lang='lat' dir='ltr'>potuisse</span> <span class='ocrx_word' id='word_1_333' title='bbox 439 2819 477 2842; x_wconf 89' lang='lat' dir='ltr'>ne</span> <span class='ocrx_word' id='word_1_334' title='bbox 499 2811 616 2849; x_wconf 81' lang='lat' dir='ltr'>suscipi</span> <span class='ocrx_word' id='word_1_335' title='bbox 637 2810 772 2849; x_wconf 79' lang='lat' dir='ltr'>quidem.</span> 
     </span>
    </p>

    <p class='ocr_par' dir='ltr' id='par_1_13' title="bbox 181 2852 945 2943">
     <span class='ocr_line' id='line_1_47' title="bbox 246 2852 945 2897; baseline -0.006 -9"><span class='ocrx_word' id='word_1_336' title='bbox 246 2854 301 2889; x_wconf 82' lang='lat'>67.</span> <span class='ocrx_word' id='word_1_337' title='bbox 326 2856 414 2896; x_wconf 79' lang='lat' dir='ltr'>apud</span> <span class='ocrx_word' id='word_1_338' title='bbox 428 2856 627 2897; x_wconf 75' lang='lat' dir='ltr'>Euripidem]</span> <span class='ocrx_word' id='word_1_339' title='bbox 652 2852 816 2897; x_wconf 85' lang='lat' dir='ltr'>Euripidis</span> <span class='ocrx_word' id='word_1_340' title='bbox 832 2863 945 2884; x_wconf 87' lang='lat' dir='ltr'>versus</span> 
     </span>
     <span class='ocr_line' id='line_1_48' title="bbox 181 2898 945 2943; baseline 0 -13"><span class='ocrx_word' id='word_1_341' title='bbox 181 2907 353 2933; x_wconf 79' lang='lat' dir='ltr'>servantur</span> <span class='ocrx_word' id='word_1_342' title='bbox 367 2900 456 2943; x_wconf 86' lang='lat' dir='ltr'>apud</span> <span class='ocrx_word' id='word_1_343' title='bbox 470 2900 589 2934; x_wconf 84' lang='lat' dir='ltr'>Galen.</span> <span class='ocrx_word' id='word_1_344' title='bbox 607 2899 650 2933; x_wconf 87' lang='lat' dir='ltr'>de</span> <span class='ocrx_word' id='word_1_345' title='bbox 662 2899 775 2943; x_wconf 86' lang='lat' dir='ltr'>dogm.</span> <span class='ocrx_word' id='word_1_346' title='bbox 785 2898 945 2943; x_wconf 88' lang='lat' dir='ltr'>Hippocr.</span> 
     </span>
    </p>
   </div>
   <div class='ocr_carea' id='block_1_5' title="bbox 976 1982 1751 2755">
    <p class='ocr_par' dir='ltr' id='par_1_14' title="bbox 976 1982 1751 2429">
     <span class='ocr_line' id='line_1_49' title="bbox 977 1982 1747 2027; baseline -0.001 -12"><span class='ocrx_word' id='word_1_347' title='bbox 977 1983 1170 2027; x_wconf 89' lang='lat' dir='ltr'>disciplina,</span> <span class='ocrx_word' id='word_1_348' title='bbox 1207 1983 1263 2026; x_wconf 87' lang='lat' dir='ltr'>qui</span> <span class='ocrx_word' id='word_1_349' title='bbox 1296 1994 1365 2015; x_wconf 92' lang='lat' dir='ltr'>non</span> <span class='ocrx_word' id='word_1_350' title='bbox 1397 1983 1586 2026; x_wconf 85' lang='lat' dir='ltr'>perfectam</span> <span class='ocrx_word' id='word_1_351' title='bbox 1610 1982 1747 2025; x_wconf 87' lang='lat' dir='ltr'>sapien-</span> 
     </span>
     <span class='ocr_line' id='line_1_50' title="bbox 976 2027 1749 2072; baseline -0.003 -10"><span class='ocrx_word' id='word_1_352' title='bbox 976 2030 1058 2062; x_wconf 76' lang='lat' dir='ltr'>tiam</span> <span class='ocrx_word' id='word_1_353' title='bbox 1080 2028 1250 2062; x_wconf 85' lang='lat' dir='ltr'>consecuti</span> <span class='ocrx_word' id='word_1_354' title='bbox 1268 2035 1357 2068; x_wconf 88' lang='lat' dir='ltr'>sunt,</span> <span class='ocrx_word' id='word_1_355' title='bbox 1381 2028 1576 2072; x_wconf 83' lang='lat' dir='ltr'>insipientes</span> <span class='ocrx_word' id='word_1_356' title='bbox 1595 2027 1749 2060; x_wconf 86' lang='lat' dir='ltr'>iudican-</span> 
     </span>
     <span class='ocr_line' id='line_1_51' title="bbox 978 2073 1750 2119; baseline -0.003 -11"><span class='ocrx_word' id='word_1_357' title='bbox 978 2083 1054 2115; x_wconf 80' lang='lat' dir='ltr'>tur3</span> <span class='ocrx_word' id='word_1_358' title='bbox 1088 2074 1280 2119; x_wconf 88' lang='lat' dir='ltr'>insipientia</span> <span class='ocrx_word' id='word_1_359' title='bbox 1301 2080 1412 2106; x_wconf 88' lang='lat' dir='ltr'>autem</span> <span class='ocrx_word' id='word_1_360' title='bbox 1438 2085 1602 2106; x_wconf 90' lang='lat' dir='ltr'>summum</span> <span class='ocrx_word' id='word_1_361' title='bbox 1625 2073 1750 2106; x_wconf 86' lang='lat' dir='ltr'>malum</span> 
     </span>
     <span class='ocr_line' id='line_1_52' title="bbox 981 2118 1749 2164; baseline -0.003 -10"><span class='ocrx_word' id='word_1_362' title='bbox 981 2129 1050 2154; x_wconf 84' lang='lat' dir='ltr'>est:</span> <span class='ocrx_word' id='word_1_363' title='bbox 1078 2132 1156 2163; x_wconf 74' lang='lat' dir='ltr'>ergo</span> <span class='ocrx_word' id='word_1_364' title='bbox 1173 2120 1273 2153; x_wconf 85' lang='lat' dir='ltr'>etiam</span> <span class='ocrx_word' id='word_1_365' title='bbox 1291 2119 1408 2152; x_wconf 88' lang='lat' dir='ltr'>summi</span> <span class='ocrx_word' id='word_1_366' title='bbox 1427 2118 1632 2164; x_wconf 87' lang='lat' dir='ltr'>philosophi,</span> <span class='ocrx_word' id='word_1_367' title='bbox 1658 2131 1749 2152; x_wconf 87' lang='lat' dir='ltr'>non—</span> 
     </span>
     <span class='ocr_line' id='line_1_53' title="bbox 981 2165 1750 2210; baseline -0.003 -10"><span class='ocrx_word' id='word_1_368' title='bbox 981 2168 1058 2200; x_wconf 90' lang='lat' dir='ltr'>dum</span> <span class='ocrx_word' id='word_1_369' title='bbox 1082 2174 1194 2199; x_wconf 83' lang='lat' dir='ltr'>tamen</span> <span class='ocrx_word' id='word_1_370' title='bbox 1218 2166 1403 2209; x_wconf 85' lang='lat' dir='ltr'>perfectam</span> <span class='ocrx_word' id='word_1_371' title='bbox 1434 2165 1634 2210; x_wconf 79' lang='lat' dir='ltr'>sapientiam</span> <span class='ocrx_word' id='word_1_372' title='bbox 1664 2177 1750 2198; x_wconf 89' lang='lat' dir='ltr'>con-</span> 
     </span>
     <span class='ocr_line' id='line_1_54' title="bbox 980 2211 1751 2251; baseline -0.001 -7"><span class='ocrx_word' id='word_1_373' title='bbox 980 2213 1103 2251; x_wconf 83' lang='lat' dir='ltr'>secuti,</span> <span class='ocrx_word' id='word_1_374' title='bbox 1139 2213 1172 2244; x_wconf 92' lang='lat' dir='ltr'>in</span> <span class='ocrx_word' id='word_1_375' title='bbox 1194 2223 1323 2244; x_wconf 87' lang='lat' dir='ltr'>summo</span> <span class='ocrx_word' id='word_1_376' title='bbox 1346 2211 1434 2244; x_wconf 85' lang='lat' dir='ltr'>malo</span> <span class='ocrx_word' id='word_1_377' title='bbox 1455 2218 1651 2250; x_wconf 78' lang='lat' dir='ltr'>versantur3</span> <span class='ocrx_word' id='word_1_378' title='bbox 1688 2223 1751 2243; x_wconf 89' lang='lat' dir='ltr'>ne-</span> 
     </span>
     <span class='ocr_line' id='line_1_55' title="bbox 980 2256 1750 2303; baseline -0.003 -13"><span class='ocrx_word' id='word_1_379' title='bbox 980 2271 1043 2303; x_wconf 89' lang='lat' dir='ltr'>que</span> <span class='ocrx_word' id='word_1_380' title='bbox 1077 2265 1190 2290; x_wconf 85' lang='lat' dir='ltr'>tamen</span> <span class='ocrx_word' id='word_1_381' title='bbox 1224 2258 1340 2301; x_wconf 85' lang='lat' dir='ltr'>lugent</span> <span class='ocrx_word' id='word_1_382' title='bbox 1368 2264 1403 2290; x_wconf 83' lang='lat' dir='ltr'>et</span> <span class='ocrx_word' id='word_1_383' title='bbox 1436 2256 1643 2302; x_wconf 84' lang='lat' dir='ltr'>aegritudine</span> <span class='ocrx_word' id='word_1_384' title='bbox 1668 2268 1750 2301; x_wconf 89' lang='lat' dir='ltr'>pre-</span> 
     </span>
     <span class='ocr_line' id='line_1_56' title="bbox 980 2303 1750 2347; baseline 0.001 -11"><span class='ocrx_word' id='word_1_385' title='bbox 980 2312 1133 2343; x_wconf 86' lang='lat' dir='ltr'>muntur,</span> <span class='ocrx_word' id='word_1_386' title='bbox 1170 2303 1245 2347; x_wconf 87' lang='lat' dir='ltr'>quia</span> <span class='ocrx_word' id='word_1_387' title='bbox 1272 2303 1347 2336; x_wconf 84' lang='lat' dir='ltr'>huic</span> <span class='ocrx_word' id='word_1_388' title='bbox 1370 2304 1482 2346; x_wconf 85' lang='lat' dir='ltr'>generi</span> <span class='ocrx_word' id='word_1_389' title='bbox 1507 2303 1667 2336; x_wconf 87' lang='lat' dir='ltr'>malorum</span> <span class='ocrx_word' id='word_1_390' title='bbox 1690 2303 1750 2346; x_wconf 82' lang='lat' dir='ltr'>(so.</span> 
     </span>
     <span class='ocr_line' id='line_1_57' title="bbox 979 2348 1750 2394; baseline -0.003 -12"><span class='ocrx_word' id='word_1_391' title='bbox 979 2350 1202 2394; x_wconf 53' lang='lat' dir='ltr'>insipientiam</span> <span class='ocrx_word' id='word_1_392' title='bbox 1226 2349 1314 2382; x_wconf 87' lang='lat' dir='ltr'>nulla</span> <span class='ocrx_word' id='word_1_393' title='bbox 1334 2349 1535 2382; x_wconf 85' lang='lat' dir='ltr'>admiscetur</span> <span class='ocrx_word' id='word_1_394' title='bbox 1552 2348 1667 2393; x_wconf 84' lang='lat' dir='ltr'>opinio</span> <span class='ocrx_word' id='word_1_395' title='bbox 1691 2348 1750 2380; x_wconf 78' lang='lat' dir='ltr'>of—</span> 
     </span>
     <span class='ocr_line' id='line_1_58' title="bbox 980 2395 1246 2429; baseline -0.011 0"><span class='ocrx_word' id='word_1_396' title='bbox 980 2396 1083 2429; x_wconf 88' lang='lat' dir='ltr'>ficiosi</span> <span class='ocrx_word' id='word_1_397' title='bbox 1109 2395 1246 2427; x_wconf 87' lang='lat' dir='ltr'>doloris.</span> 
     </span>
    </p>

    <p class='ocr_par' dir='ltr' id='par_1_15' title="bbox 979 2440 1750 2620">
     <span class='ocr_line' id='line_1_59' title="bbox 1047 2440 1750 2485; baseline -0.004 -12"><span class='ocrx_word' id='word_1_398' title='bbox 1047 2443 1130 2483; x_wconf 82' lang='lat' dir='ltr'>quod</span> <span class='ocrx_word' id='word_1_399' title='bbox 1149 2442 1248 2483; x_wconf 78' lang='lat' dir='ltr'>idem]</span> <span class='ocrx_word' id='word_1_400' title='bbox 1282 2440 1359 2473; x_wconf 85' lang='lat' dir='ltr'>scil.</span> <span class='ocrx_word' id='word_1_401' title='bbox 1383 2440 1596 2485; x_wconf 86' lang='lat' dir='ltr'>opinionem,</span> <span class='ocrx_word' id='word_1_402' title='bbox 1621 2445 1750 2475; x_wconf 85' lang='lat' dir='ltr'>rectum</span> 
     </span>
     <span class='ocr_line' id='line_1_60' title="bbox 981 2484 1748 2530; baseline -0.004 -11"><span class='ocrx_word' id='word_1_403' title='bbox 981 2499 1051 2519; x_wconf 87' lang='lat' dir='ltr'>esse</span> <span class='ocrx_word' id='word_1_404' title='bbox 1075 2494 1108 2519; x_wconf 90' lang='lat' dir='ltr'>et</span> <span class='ocrx_word' id='word_1_405' title='bbox 1129 2498 1290 2530; x_wconf 78' lang='lat' dir='ltr'>aequum,</span> <span class='ocrx_word' id='word_1_406' title='bbox 1314 2498 1413 2530; x_wconf 85' lang='lat' dir='ltr'>aegre</span> <span class='ocrx_word' id='word_1_407' title='bbox 1435 2486 1534 2525; x_wconf 83' lang='lat' dir='ltr'>ferre,</span> <span class='ocrx_word' id='word_1_408' title='bbox 1559 2484 1748 2527; x_wconf 83' lang='lat' dir='ltr'>affingimus</span> 
     </span>
     <span class='ocr_line' id='line_1_61' title="bbox 979 2529 1750 2575; baseline -0.001 -12"><span class='ocrx_word' id='word_1_409' title='bbox 979 2533 1056 2564; x_wconf 90' lang='lat' dir='ltr'>huic</span> <span class='ocrx_word' id='word_1_410' title='bbox 1078 2531 1290 2575; x_wconf 77' lang='lat' dir='ltr'>aegritudini,</span> <span class='ocrx_word' id='word_1_411' title='bbox 1313 2538 1454 2575; x_wconf 87' lang='lat' dir='ltr'>propter</span> <span class='ocrx_word' id='word_1_412' title='bbox 1476 2542 1574 2574; x_wconf 90' lang='lat' dir='ltr'>quam</span> <span class='ocrx_word' id='word_1_413' title='bbox 1598 2529 1750 2562; x_wconf 84' lang='lat' dir='ltr'>homines</span> 
     </span>
     <span class='ocr_line' id='line_1_62' title="bbox 981 2577 1239 2620; baseline 0 -11"><span class='ocrx_word' id='word_1_414' title='bbox 981 2577 1095 2620; x_wconf 86' lang='lat' dir='ltr'>lugere</span> <span class='ocrx_word' id='word_1_415' title='bbox 1118 2577 1239 2609; x_wconf 88' lang='lat' dir='ltr'>solent.</span> 
     </span>
    </p>

    <p class='ocr_par' dir='ltr' id='par_1_16' title="bbox 979 2620 1751 2755">
     <span class='ocr_line' id='line_1_63' title="bbox 1046 2620 1751 2664; baseline -0.001 -9"><span class='ocrx_word' id='word_1_416' title='bbox 1046 2633 1127 2663; x_wconf 84' lang='lat' dir='ltr'>quae</span> <span class='ocrx_word' id='word_1_417' title='bbox 1143 2625 1281 2655; x_wconf 84' lang='lat' dir='ltr'>omnium</span> <span class='ocrx_word' id='word_1_418' title='bbox 1293 2624 1439 2654; x_wconf 80' lang='lat' dir='ltr'>maxima</span> <span class='ocrx_word' id='word_1_419' title='bbox 1454 2620 1512 2664; x_wconf 81' lang='lat' dir='ltr'>est]</span> <span class='ocrx_word' id='word_1_420' title='bbox 1537 2621 1631 2653; x_wconf 83' lang='lat' dir='ltr'>Haec</span> <span class='ocrx_word' id='word_1_421' title='bbox 1649 2621 1751 2654; x_wconf 82' lang='lat' dir='ltr'>verba</span> 
     </span>
     <span class='ocr_line' id='line_1_64' title="bbox 979 2666 1750 2711; baseline 0.001 -13"><span class='ocrx_word' id='word_1_422' title='bbox 979 2668 1157 2700; x_wconf 83' lang='lat' dir='ltr'>referenda</span> <span class='ocrx_word' id='word_1_423' title='bbox 1193 2673 1269 2699; x_wconf 89' lang='lat' dir='ltr'>sunt</span> <span class='ocrx_word' id='word_1_424' title='bbox 1302 2678 1369 2699; x_wconf 90' lang='lat' dir='ltr'>non</span> <span class='ocrx_word' id='word_1_425' title='bbox 1403 2666 1447 2698; x_wconf 86' lang='lat' dir='ltr'>ad</span> <span class='ocrx_word' id='word_1_426' title='bbox 1469 2666 1618 2711; x_wconf 80' lang='lat' dir='ltr'>proxime</span> <span class='ocrx_word' id='word_1_427' title='bbox 1646 2678 1750 2710; x_wconf 85' lang='lat' dir='ltr'>prae—</span> 
     </span>
     <span class='ocr_line' id='line_1_65' title="bbox 979 2711 1749 2755; baseline 0.001 -11"><span class='ocrx_word' id='word_1_428' title='bbox 979 2724 1102 2755; x_wconf 83' lang='lat' dir='ltr'>gressa,</span> <span class='ocrx_word' id='word_1_429' title='bbox 1127 2712 1186 2744; x_wconf 92' lang='lat' dir='ltr'>sed</span> <span class='ocrx_word' id='word_1_430' title='bbox 1202 2712 1246 2745; x_wconf 90' lang='lat' dir='ltr'>ad</span> <span class='ocrx_word' id='word_1_431' title='bbox 1261 2711 1338 2744; x_wconf 88' lang='lat' dir='ltr'>illa:</span> <span class='ocrx_word' id='word_1_432' title='bbox 1362 2713 1446 2753; x_wconf 79' lang='lat' dir='ltr'>quod</span> <span class='ocrx_word' id='word_1_433' title='bbox 1459 2711 1586 2753; x_wconf 82' lang='lat' dir='ltr'>sapiens</span> <span class='ocrx_word' id='word_1_434' title='bbox 1601 2723 1664 2745; x_wconf 83' lang='lat' dir='ltr'>non</span> <span class='ocrx_word' id='word_1_435' title='bbox 1684 2715 1749 2745; x_wconf 80' lang='lat' dir='ltr'>sis:</span> 
     </span>
    </p>
   </div>
   <div class='ocr_carea' id='block_1_6' title="bbox 979 2757 1810 2801">
    <p class='ocr_par' dir='ltr' id='par_1_17' title="bbox 979 2757 1810 2801">
     <span class='ocr_line' id='line_1_66' title="bbox 979 2757 1810 2801; baseline 0 -11"><span class='ocrx_word' id='word_1_436' title='bbox 979 2769 1058 2799; x_wconf 79' lang='lat' dir='ltr'>quae</span> <span class='ocrx_word' id='word_1_437' title='bbox 1090 2758 1218 2791; x_wconf 87' lang='lat' dir='ltr'>scilieet</span> <span class='ocrx_word' id='word_1_438' title='bbox 1250 2757 1425 2801; x_wconf 84' lang='lat' dir='ltr'>aegritudo</span> <span class='ocrx_word' id='word_1_439' title='bbox 1459 2758 1606 2791; x_wconf 83' lang='lat' dir='ltr'>omnium</span> <span class='ocrx_word' id='word_1_440' title='bbox 1638 2757 1750 2790; x_wconf 84' lang='lat' dir='ltr'>maxi-</span> <span class='ocrx_word' id='word_1_441' title='bbox 1802 2760 1810 2764; x_wconf 81' lang='grc'><strong><em>’</em></strong></span> 
     </span>
    </p>
   </div>
   <div class='ocr_carea' id='block_1_7' title="bbox 979 2811 1749 2932">
    <p class='ocr_par' dir='ltr' id='par_1_18' title="bbox 979 2811 1749 2932">
     <span class='ocr_line' id='line_1_67' title="bbox 979 2811 1749 2932; baseline -0.003 -48"><span class='ocrx_word' id='word_1_442' title='bbox 979 2811 1209 2932; x_wconf 43' lang='grc' dir='ltr'>ῖῑΙὸῗὲὲεέ-υἱε</span> <span class='ocrx_word' id='word_1_443' title='bbox 1218 2853 1246 2883; x_wconf 82' lang='lat' dir='ltr'>et</span> <span class='ocrx_word' id='word_1_444' title='bbox 1258 2851 1446 2893; x_wconf 79' lang='lat' dir='ltr'>cornicibus]</span> <span class='ocrx_word' id='word_1_445' title='bbox 1464 2849 1598 2884; x_wconf 79' lang='lat' dir='ltr'>Ovidius</span> <span class='ocrx_word' id='word_1_446' title='bbox 1610 2850 1749 2883; x_wconf 82' lang='lat' dir='ltr'>Metam.</span> 
     </span>
    </p>
   </div>
  </div>
 </body>
</html>
