1827 3101
149 66 203 109 70

153 156 325 207 feratur,
357 161 401 196 ut
419 159 599 211 penetret
625 158 665 193 et
683 151 829 193 dividat
851 163 966 192 omne
991 149 1141 191 caelum
1164 149 1262 203 hoc,
1295 149 1336 190 in
1368 163 1444 205 quo
1471 148 1622 203 nubes,
1654 150 1726 191 im-

739 67 1127 111 LIBER1.19‚44.

154 228 246 270 bres
267 229 451 283 ventique
477 232 692 282 coguntur,
726 225 828 280 quod
852 232 891 266 et
912 224 1107 265 humidum
1134 231 1172 265 et
1195 223 1448 279 caliginosum
1480 230 1542 265 est
1567 231 1728 280 propter

157 302 427 344 exhalationes
451 310 596 343 terrae.
659 298 789 354 Quam
817 299 1019 354 regionem
1051 313 1166 353 quum
1195 298 1397 353 superavit
1428 297 1581 338 animus
1614 305 1728 339 natu-

154 390 315 431 ramque
338 377 398 417 sui
422 375 586 417 similem
616 374 778 429 contigit
800 381 839 415 et
864 372 1048 429 agnovit3
1082 372 1222 413 iunctis
1247 385 1298 412 ex
1324 373 1454 413 anima
1479 371 1587 412 tenui
1612 379 1652 413 et
1676 386 1730 413 ex

156 450 296 490 ardore
328 450 421 490 solis
455 455 673 504 temperato
705 448 858 503 ignibus
889 448 1037 489 insistit
1073 455 1113 488 et
1144 447 1260 487 finem
1298 446 1413 487 altius
1450 460 1493 487 se
1529 445 1730 487 ecferendi

156 524 263 565 facit.
326 523 456 578 Quum
485 523 589 565 enim
622 524 682 564 sui
704 523 869 564 similem
897 529 937 563 et
956 522 1155 563 levitatem
1188 528 1227 561 et
1247 521 1418 561 calorem
1449 519 1612 575 adeptus
1650 525 1727 571 est,

156 605 336 653 tanquam
365 598 522 654 paribus
549 598 794 649 examinatus
825 597 1083 651 ponderibus,
1118 596 1261 636 nullam
1291 594 1331 634 in
1354 600 1504 649 partem
1533 600 1729 645 movetur,

157 685 280 726 eaque
317 672 351 712 ei
386 673 539 713 demum
572 671 759 712 naturalis
795 678 856 711 est
888 671 1027 722 sedes⁷
1071 684 1187 725 quum
1219 669 1266 709 ad
1304 668 1363 709 sui
1392 667 1519 708 simile
1548 674 1731 723 penetra-

155 745 235 797 vit,
269 746 309 786 in
334 761 408 801 quo
440 746 544 787 nulla
571 760 614 786 re
637 759 757 800 egens
783 745 909 785 aletur
934 752 974 785 et,
994 743 1277 785 sustentabitur
1299 742 1435 783 iisdem
1468 741 1614 793 rebus,
1648 741 1732 796 qui-

155 820 227 860 bus
254 827 357 860 astra
381 827 651 861 sustentantur
674 826 712 860 et
733 820 904 860 aluntur.
967 823 1033 859 44.
1067 816 1275 872 Quumque
1299 816 1475 872 corporis
1500 807 1650 857 facibus
1673 815 1733 856 in-

154 893 341 934 flammari
374 895 570 935 soleamus
599 894 645 934 ad
679 907 815 934 omnes
842 894 924 933 fere
953 892 1208 946 cupiditates7
1254 904 1379 945 eoque
1410 889 1533 944 magis
1558 889 1730 941 incendi,

157 968 256 1022 quod
287 968 334 1008 iis
363 969 625 1018 aemulemur,
671 967 733 1022 qui
765 981 813 1007 ea
846 966 1039 1017 babeant,
1084 979 1184 1020 quae
1219 978 1290 1005 nos
1327 964 1471 1005 habere
1504 962 1730 1018 cupiamus:

156 1042 332 1095 profecto
356 1041 458 1082 beati
489 1041 660 1091 erimus,
703 1055 817 1095 quum
834 1071 845 1091 ‚
889 1039 1117 1095 corporibus
1143 1039 1315 1090 relictis,
1359 1045 1398 1079 et
1421 1037 1671 1093 cupiditatum
1696 1044 1736 1078 et

158 1115 459 1155 aemulationum
489 1116 634 1155 crimus
658 1122 869 1170 expertes3
903 1113 1081 1168 quodque
1114 1128 1217 1153 nunc
1243 1113 1430 1163 facimus,
1465 1126 1581 1166 quum
1611 1110 1735 1152 laxati

158 1189 262 1229 curis
285 1204 443 1239 sumus,
477 1197 518 1230 ut
543 1196 723 1244 spectare
755 1188 898 1242 aliquid
924 1188 1090 1228 velimus
1116 1193 1156 1227 et
1175 1187 1306 1227 visere
1322 1218 1332 1238 ‚
1366 1186 1403 1226 id
1427 1186 1548 1227 multo
1573 1192 1652 1225 tum
1676 1175 1733 1225 13-

158 1262 307 1304 ciemus
334 1263 493 1304 liberius
524 1270 705 1317 totosque
738 1277 810 1302 nos
834 1262 874 1302 in
900 1260 1205 1316 contemplandis
1234 1260 1350 1301 rebus
1375 1259 1734 1316 perspiciendisque

228 1385 316 1407 cume
330 1378 448 1407 caelum
470 1375 539 1419 hoc]
562 1378 689 1407 Caelum
704 1374 758 1406 hic
779 1381 829 1406 est
844 1386 926 1418 qnae

159 1430 247 1452 nunc
265 1428 404 1453 vocatur
420 1421 583 1465 atmospli
577 1433 640 1452 101
635 1434 653 1452 ι
670 1420 847 1459 nost1a‚in
864 1432 927 1471 qua

160 1472 237 1497 suut
258 1466 370 1497 nubes.
419 1467 506 1498 Hinc
526 1467 624 1498 etiam
647 1477 708 1509 pro
729 1470 804 1498 aete
826 1466 927 1509 poui—

160 1517 225 1543 tur.
273 1512 313 1542 V
340 1514 462 1544 50111110.
485 1513 565 1544 Lex.
583 1512 649 1543 Cic.
667 1512 744 1543 h.v.

225 1559 338 1588 iunctis
349 1577 392 1581 —
405 1559 666 1599 igmibusinsislit]
690 1557 782 1588 Haec
797 1562 831 1587 et
844 1567 927 1599 quae

161 1608 342 1644 sequuntur
383 1604 484 1634 verba
518 1603 723 1634 illustrantur
759 1601 927 1637 Ciceronis

160 1646 238 1679 loco
262 1648 303 1679 N.
322 1649 360 1679 l).
380 1649 419 1687 H,
444 1648 505 1681 4⁴6:
545 1650 653 1689 „Sunt
678 1655 788 1679 autem
810 1647 928 1679 stellae

161 1699 278 1724 natura
294 1693 483 1726 flammeae:
507 1694 661 1737 quocirca
678 1700 796 1732 terrae,
817 1693 927 1731 maris,

160 1749 317 1781 aquarum
337 1739 512 1782 vaporibus
532 1739 663 1771 aluntur
684 1739 735 1779 iis,
757 1738 810 1782 qui
825 1750 844 1770 a
858 1738 928 1769 sole

160 1794 200 1815 ex
223 1784 308 1826 agris
330 1784 507 1827 tepefactis
540 1791 574 1816 et
602 1795 641 1816 ex
664 1785 754 1828 aquis
778 1784 928 1816 excitan-

159 1835 230 1860 tur:
273 1830 389 1872 quibus
418 1830 506 1862 altae
539 1837 782 1873 renovataeque
811 1829 928 1861 stellae

159 1881 260 1916 atque
285 1875 390 1907 omnis
413 1875 529 1907 aether
550 1876 733 1907 refundunt
755 1874 871 1906 eadem
895 1880 930 1905 et

160 1930 269 1951 ruxsus
292 1927 329 1952 tr·
325 1921 427 1952 ibunt
447 1919 604 1961 indicum,
626 1921 706 1953 nihil
733 1927 769 1951 ut
788 1920 931 1952 intereat

160 1970 217 1995 aut
240 1965 418 1997 adinsdnm
441 1947 628 2008 paululum,
654 1966 744 2010 quod
766 1973 931 1997 astrorum

157 2008 241 2052 ignis
267 2017 299 2041 et
324 2011 466 2042 aetheris
490 2011 620 2044 flamma
645 2012 854 2043 consumatf

227 2059 377 2096 tanquan
409 2058 540 2096 paribus
562 2060 763 2088 ezamincztus
786 2058 933 2096 ponderi-

161 2100 231 2143 bus]
280 2102 347 2139 ‚,H.
375 2113 404 2132 e.
437 2108 595 2144 tanquam
631 2102 673 2133 ad
704 2101 934 2144 aequilibrium

159 2145 324 2183 redactus,
346 2146 494 2184 materiai,
512 2157 595 2189 quae
617 2146 761 2177 eiusdem
783 2153 834 2178 est
851 2158 928 2188 gra-

159 2190 271 2222 vitatis
297 2192 485 2233 specificae,
513 2191 765 2223 circnmfusus.‘⁴

224 2233 279 2268 44.
304 2238 440 2278 facibus]
458 2238 500 2268 V.
513 2236 683 2268 Adnotatu
698 2236 740 2268 ad
754 2237 795 2268 11.
807 2236 863 2273 25,
876 2235 931 2268 61.

224 2284 263 2313 iis
285 2284 492 2323 aemulemur]
531 2285 692 2314 Aemulari
713 2282 745 2313 h.
767 2281 789 2312 1.
815 2280 930 2312 Cicero

159 2338 233 2359 cum
251 2326 365 2359 dativo
383 2327 562 2366 coniunxit,
582 2339 622 2359 eo
643 2333 679 2358 ut
698 2326 832 2359 videtur
847 2337 931 2358 con-

159 2372 246 2410 silio⁷
271 2379 308 2404 ut
330 2373 417 2404 hanc
439 2372 692 2405 aemulationem
714 2383 781 2403 non
804 2383 843 2403 ex
864 2371 930 2403 ho-

159 2424 257 2450 nesto
276 2418 398 2455 studio,
421 2418 479 2450 sed
501 2430 540 2449 ex
564 2418 813 2461 perturbatione
834 2429 931 2448 men—-

159 2462 202 2494 tis
244 2463 411 2506 proticisci
449 2463 659 2506 significaret.
716 2463 777 2494 Est
812 2463 929 2505 igitur:

159 2510 553 2550 leidenschaftlich
573 2510 763 2548 naclteifern.
809 2509 848 2539 V.
870 2519 931 2540 nos

161 2552 193 2584 in
217 2554 274 2586 Gr.
293 2555 331 2586 L.
355 2557 384 2599 ᾗ.
401 2555 475 2587 11¹2.
496 2566 530 2598 p.
548 2553 623 2587 199.
648 2553 701 2585 ed.
717 2555 748 2586 2.
808 2553 858 2584 Cf.
877 2553 931 2584 in-

161 2598 213 2631 fra
237 2600 293 2631 IV.
311 2602 353 2638 8,
383 2599 434 2634 17.

226 2645 339 2689 visere]
378 2645 453 2678 Hoc
486 2644 623 2677 verbum
646 2655 812 2687 nunquam
844 2643 933 2674 idem

161 2688 344 2732 significat,
370 2691 460 2733 quod
482 2692 607 2730 videre,
632 2689 692 2721 sed
715 2700 846 2731 semper
867 2688 932 2720 ad-

160 2733 307 2767 iunctam
326 2736 428 2768 habet
448 2736 623 2768 notionem
643 2734 764 2778 aliquid
786 2734 932 2776 diligen-

161 2784 214 2810 ter
238 2787 272 2811 et
296 2789 448 2814 accuiate
470 2780 687 2825 inspiciendi,
724 2778 931 2822 explorandi,

165 2825 382 2858 examinandi.
441 2829 502 2859 Est
522 2827 610 2860 euim
630 2825 768 2858 verbum
789 2824 932 2856 intensi-

161 2878 259 2905 vum
286 2871 420 2904 ductum
443 2885 461 2905 a
483 2873 587 2905 verbo
610 2873 749 2905 videndi.
797 2870 851 2902 Sic
870 2881 932 2913 pro

163 2911 229 2955 leg.
247 2894 337 2947 iVIan.
352 2918 416 2957 21,
439 2918 499 2952 61:
527 2929 599 2950 eam
619 2928 751 2962 quoque
773 2927 843 2948 rem
865 2926 932 2959 po—

960 1375 1056 1418 pulus
1076 1375 1114 1406 R.
1136 1385 1201 1405 non
1222 1373 1323 1406 modo
1343 1375 1434 1414 vidit,
1458 1372 1518 1404 sed
1539 1371 1639 1404 etiam
1652 1374 1737 1404 omni

960 1422 1062 1452 studio
1075 1421 1240 1452 visendam
1251 1439 1293 1443 —-
1307 1419 1446 1462 putavit.
1484 1417 1624 1461 Egregie
1638 1417 1735 1450 huius

961 1466 1052 1497 vocis
1085 1465 1152 1497 vim
1172 1464 1340 1508 propriam
1360 1465 1504 1496 illustrat
1525 1463 1618 1495 locus
1632 1488 1640 1504 ,
1678 1462 1735 1506 qui

960 1511 1048 1543 infra
1065 1511 1104 1542 V.
1125 1513 1157 1551 25,
1177 1512 1209 1543 9.
1230 1510 1361 1553 legitur.
1401 1509 1489 1541 Uti'
1480 1521 1514 1540 in
1534 1509 1623 1540 hunc
1638 1519 1736 1552 quem

961 1563 1140 1588 tractamus
1173 1556 1282 1588 locum
1303 1555 1440 1588 verbum
1462 1556 1584 1587 visendi
1609 1553 1735 1597 optime

962 1602 1093 1634 videtur
1110 1601 1271 1645 quadrare
1286 1615 1293 1640 3
1316 1601 1363 1633 ita
1378 1601 1591 1633 vehementer
1606 1599 1736 1636 dubito,

962 1659 1040 1679 unm
1070 1647 1181 1690 paullo
1208 1655 1287 1690 post
1313 1648 1473 1687 „cupidus
1501 1648 1567 1678 veri
1589 1646 1735 1677 visendi“

963 1700 1041 1736 apte
1065 1701 1098 1724 et
1119 1704 1137 1724 e
1161 1693 1291 1733 linouae
1314 1692 1436 1724 latinae
1456 1691 1571 1723 indole
1588 1702 1607 1722 a
1625 1692 1734 1731 Wolfio

962 1750 1024 1782 pio
1051 1738 1141 1781 vulg.
1165 1740 1293 1771 videndi
1316 1738 1497 1780 repositum
1520 1737 1574 1768 sit.
1632 1736 1736 1768 Recte

962 1783 1096 1828 quidem
1120 1783 1240 1816 dicitur
1271 1786 1388 1823 visere,
1424 1784 1500 1823 quid
1533 1791 1643 1815 verum
1675 1783 1736 1821 sit,-

963 1829 1022 1861 sed
1055 1829 1110 1861 vix
1142 1829 1292 1867 credam,
1330 1841 1348 1860 a
1377 1827 1491 1871 probis
1518 1825 1737 1879 scriptoribus

962 1875 1088 1907 dictum
1120 1886 1190 1906 esse
1218 1878 1316 1907 visere
1349 1883 1470 1906 verum.
1518 1872 1626 1905 Etiam
1658 1870 1737 1904 alibi

963 1930 1072 1953 verum
1099 1922 1204 1952 videre
1236 1920 1319 1951 dixit
1353 1919 1489 1958 Cicer03
1538 1918 1583 1950 cf.
1618 1917 1684 1949 Ost.
1709 1918 1736 1949 1.

966 1964 1088 2009 4,15.
1115 1965 1247 1997 Fin.11.
1271 1963 1329 2003 14
1352 1962 1407 1997 46.

1034 2014 1113 2044 inest
1143 2013 1174 2043 in
1206 1990 1373 2053 mentibus]
1409 2009 1464 2041 Sic
1496 2007 1614 2053 optimi
1641 2006 1738 2039 codd.

966 2068 1028 2100 pro
1062 2056 1149 2099 vulg.
1182 2058 1260 2089 inest
1292 2058 1454 2088 mentibus.
1525 2053 1737 2086 Constiuctio

967 2101 1059 2133 verbi
1080 2105 1177 2134 inesse
1202 2113 1275 2134 cum
1299 2101 1412 2132 dativo
1434 2099 1523 2144 apud
1548 2099 1740 2134 Ciceronem

967 2147 1133 2178 unissima
1163 2154 1211 2178 est
1241 2147 1294 2178 vel
1319 2146 1404 2178 adeo
1428 2145 1538 2178 dubia.
1586 2145 1631 2184 N.
1651 2145 1691 2177 D.
1714 2145 1740 2176 1.

966 2190 1021 2229 455,
1048 2193 1128 2224 120:
1157 2199 1270 2223 censet
1283 2203 1443 2234 imagines
1457 2190 1633 2224 divinitate
1645 2201 1741 2233 prae-

967 2236 1052 2268 ditas
1073 2240 1169 2268 inesse
1193 2240 1224 2268 in
1248 2239 1446 2269 universitate
1466 2248 1582 2268 rerum.

1034 2280 1089 2313 45.
1114 2284 1198 2314 Haec
1222 2285 1302 2313 enlm
1323 2281 1536 2324 pulchritudo]
1563 2282 1606 2312 H.
1624 2292 1652 2313 e.
1675 2280 1740 2313 ha—

966 2338 1039 2359 rum
1058 2338 1166 2358 rerum
1189 2327 1380 2359 caelestium
1400 2325 1626 2369 pulchritudo,
1658 2327 1740 2358 Pro-

966 2371 1101 2404 nomina
1126 2372 1213 2404 enim
1252 2379 1286 2403 et
1307 2371 1567 2404 demonstrativa
1591 2378 1625 2402 et
1649 2371 1739 2403 rela-
1790 2395 1798 2398 -

965 2417 1033 2449 tiva
1058 2429 1158 2461 saepe
1180 2418 1226 2449 ita
1257 2429 1293 2449 sc
1323 2417 1366 2449 ad
1387 2416 1559 2460 sequentia
1582 2417 1740 2448 substan-

965 2463 1035 2495 tiva
1054 2463 1246 2507 applicant,
1282 2474 1321 2495 ac
1341 2462 1366 2494 si
1388 2463 1421 2494 in
1445 2463 1617 2495 enuntiato
1639 2468 1740 2494 ante-

968 2508 1098 2541 cedenti
1132 2509 1185 2540 vel
1208 2520 1274 2540 uno
1298 2508 1433 2540 nornine
1458 2508 1510 2540 vel
1535 2515 1609 2540 toto
1631 2519 1737 2539 enun—

967 2554 1052 2585 tiato
1084 2554 1178 2586 notio
1213 2554 1280 2586 eius
1304 2565 1458 2597 expressa
1489 2561 1594 2592 esset,
1631 2564 1740 2596 quan-

967 2611 1065 2642 quam
1085 2610 1153 2631 non
1176 2606 1227 2631 est
1246 2611 1411 2642 expressa.
1460 2600 1648 2631 pronomen
1672 2597 1739 2641 igi-

967 2651 1022 2675 tur
1045 2645 1196 2687 sequenti
1219 2645 1428 2676 substantivo
1454 2644 1656 2687 applicatum
1686 2643 1738 2676 vel

969 2700 1007 2720 eo
1031 2689 1122 2731 quusi
1145 2696 1322 2721 attractum
1346 2689 1492 2731 positum
1521 2696 1571 2721 est
1594 2700 1655 2732 pro
1677 2700 1739 2731 ge·-

967 2733 1082 2765 nitivo.
1132 2736 1218 2766 Haec
1238 2736 1438 2774 pulchritudo
1457 2734 1505 2766 ita
1528 2734 1654 2766 dictum
1677 2741 1739 2773 est,

967 2789 1008 2811 ac
1043 2778 1071 2810 si
1103 2778 1168 2810 iam
1201 2779 1234 2810 in
1265 2777 1476 2811 antecedenti
1509 2779 1738 2812 enuntiatione

966 2823 1180 2867 pulchritudo
1194 2831 1452 2856 commemorata
1469 2832 1576 2865 esset3
1601 2836 1662 2857 nec
1681 2832 1739 2857 ta-
1768 2842 1770 2844 v

967 2881 1044 2901 men
1075 2869 1248 2913 quiequam
1281 2869 1371 2902 aliud
1401 2869 1527 2902 dictum
1560 2877 1629 2912 est,
1674 2870 1738 2902 nisi

969 2926 1081 2947 caussa
1102 2914 1365 2959 pulchritudinis.
1402 2914 1456 2947 Sic
1475 2918 1612 2950 Terent.
1634 2915 1736 2948 Andr.
