1811 3053
138 22 195 65 26
756 32 1105 66 PiioLeeoMENA.

137 116 483 167 perturbationes,
521 121 567 153 ut
596 121 814 153 crescentes
847 115 930 153 sint
956 115 1219 166 perniciosae,
1260 115 1410 154 easdem
1440 116 1606 156 vitiosas
1635 132 1717 156 esse

136 192 354 223 nascentes.
382 183 424 236 β’.
440 189 508 224 59.
526 187 593 224 40.
619 198 650 221 c.
671 187 735 222 18.
797 183 944 222 Deinde
966 184 1134 235 exponit
1155 198 1232 234 qua
1255 185 1603 235 perturbationum
1622 187 1712 224 uti-

135 253 286 291 litatem
319 254 538 291 defendunt
569 252 776 290 rationem.
834 253 982 291 Dicunt
1007 252 1197 290 nimirum
1224 266 1286 290 eas
1313 266 1394 291 esse
1426 253 1592 292 ardores
1622 252 1712 292 ani-

134 335 291 359 morum
315 329 498 372 cotesque
517 321 729 369 virtutum,
752 327 799 359 ut
818 320 995 359 homines
1017 321 1064 359 iis
1088 320 1383 359 vehementiore
1406 321 1570 373 impetu,
1597 336 1715 373 quam

133 390 217 428 sola
240 391 338 428 duce
360 391 525 438 virtute,
558 390 607 427 ad
629 391 854 441 praeclaras
875 390 1049 427 actiones
1073 389 1293 427 incitentur
1318 387 1368 441 (c.
1386 393 1451 428 19.
1473 387 1510 442 §.
1525 394 1592 430 45.
1608 389 1714 444 44.);

134 459 354 496 defendunt
376 465 503 496 tamen
529 471 592 496 eas
616 458 691 507 ita,
722 465 769 496 ut
792 458 1022 496 resecandas
1051 471 1131 496 esse
1157 459 1385 507 fateantur,
1415 458 1529 497 evelli
1551 459 1712 510 penitus

132 527 268 565 dicant
290 541 360 565 nec
385 541 519 579 posse,
550 541 622 565 nec
647 541 745 579 opus
770 541 871 575 esse,
902 533 941 564 et
962 527 1004 564 in
1025 527 1208 565 omnibus
1238 526 1319 565 sere
1343 527 1464 565 rebus
1493 526 1712 565 mediocri-

130 602 250 634 tatem
281 609 362 633 esse
393 596 580 648 optimam
607 596 842 633 existiment.
879 593 919 647 ᾗ.
941 598 1009 634 46.

244 666 392 703 Contra
416 665 512 703 haec
535 679 556 702 a
577 665 709 702 Tullio
735 665 790 702 ita
813 664 1043 712 disseritur,
1074 670 1121 701 ut
1151 663 1196 713 α)
1221 663 1397 715 primum
1417 663 1710 715 Peripatetico-

129 746 220 771 rum
242 734 393 771 rationi
415 740 596 785 opponat
618 733 844 771 Stoicorum
876 733 923 770 de
953 732 1260 784 perturbatione
1286 732 1576 770 definitionem:
1609 744 1711 782 quae

130 801 185 840 ita
217 809 322 840 certa
354 803 434 850 vel,
471 809 518 840 ut
547 801 767 840 Academici
800 801 964 849 dicunt,
1001 801 1087 838 veri
1114 800 1250 838 similis
1277 800 1346 850 sit,
1383 807 1432 838 ut
1458 801 1570 838 nulla
1600 806 1710 852 egeat

128 859 467 909 demonstratione
501 865 695 921 (ἀξίωμα,
726 870 1013 921 postulatum):
1055 883 1075 906 e
1106 869 1219 906 cuius
1249 869 1416 920 singulis
1448 869 1554 907 notis
1584 868 1709 920 sequi,

127 940 222 978 salsa
255 954 333 978 esse
363 954 430 988 ea,
469 953 567 990 quae
602 939 854 989 Peripatetici
886 939 933 975 de
971 937 1322 988 perturbationum
1354 937 1529 975 utilitate
1559 936 1708 975 dicant.

128 1023 162 1046 e.
187 1013 255 1047 21.
284 1008 325 1060 §-
347 1012 414 1047 47.
474 1007 516 1058 β)
547 1009 647 1045 'sum
680 1007 853 1057 singulas
878 1005 1202 1057 perturbationes
1228 1012 1408 1043 recenset
1438 1005 1707 1055 ostenditque,

127 1090 244 1127 quam
269 1078 404 1114 inanes
432 1077 511 1114 sint
538 1077 684 1126 quibus
707 1089 768 1112 eas
790 1090 810 1112 a
834 1082 978 1112 natura
1002 1074 1158 1112 utiliter
1189 1074 1300 1111 datas
1330 1087 1410 1112 esse
1433 1073 1608 1126 probent
1636 1087 1706 1111 ra-

127 1146 270 1183 tiones.
330 1149 372 1193 a)
408 1146 489 1183 lm.
519 1143 559 1196 §-
582 1148 649 1183 48.
693 1143 878 1194 Exempla
905 1143 1163 1191 bellatorum,
1194 1143 1483 1193 imperatorum
1507 1142 1705 1180 aliorum-

127 1228 202 1265 que
224 1214 442 1262 hominum,
473 1214 541 1264 qui
562 1214 645 1251 sine
666 1213 727 1250 ira
750 1210 1059 1249 luculentissima
1084 1210 1338 1248 fortitudinis
1357 1211 1594 1249 documenta
1615 1211 1703 1249 edi-

126 1284 231 1321 dere.
290 1283 426 1331 Ratio,
458 1295 559 1333 quae
583 1282 716 1329 docet,
748 1279 1052 1317 contemnendas
1076 1292 1155 1317 esse
1181 1292 1243 1316 res
1266 1278 1470 1328 humanas,
1500 1279 1703 1331 negligen-

125 1352 214 1390 dam
245 1358 431 1399 mortem,
463 1350 645 1401 patibiles
671 1356 707 1386 et
731 1349 906 1397 dolores,
938 1354 977 1385 et
998 1348 1153 1385 labores
1174 1347 1395 1399 putandos,
1425 1348 1703 1385 fortitudinem

123 1420 257 1470 affert,
288 1434 371 1457 non
396 1420 475 1466 ira,
507 1432 606 1469 quae
630 1417 785 1455 rabiosa
808 1423 884 1454 est:
915 1416 993 1454 nisi
1016 1417 1141 1465 forte,
1173 1429 1273 1467 quae
1302 1416 1561 1465 vehementer,
1592 1416 1700 1454 acri-

123 1496 196 1539 ter,
228 1489 400 1527 animose
421 1487 535 1535 fiunt,
566 1486 756 1524 iracunde
777 1485 863 1522 fieri
886 1485 1148 1537 suspicamur·
1179 1498 1212 1522 c.
1232 1488 1300 1522 22.
1321 1488 1389 1523 25.
1446 1486 1697 1523 Enumeran-

122 1565 191 1597 tur
214 1557 351 1596 variae
372 1556 597 1594 Stoicorum
623 1555 670 1591 de
691 1554 929 1591 fortitudine
952 1553 1212 1601 definitiones,
1245 1567 1264 1590 e
1286 1553 1430 1603 quibus
1448 1553 1699 1605 intelligitur,

123 1641 206 1665 eam
238 1626 299 1663 ira
324 1638 406 1663 non
433 1637 554 1675 egere.
595 1638 628 1660 c.
650 1626 718 1662 24.
747 1621 787 1674 §-
813 1626 880 1661 55.
939 1622 1068 1659 Porro
1103 1621 1325 1659 advocatur
1349 1621 1577 1659 Stoicorum
1605 1636 1697 1660 sen-

122 1696 266 1743 tentia,
297 1707 427 1731 onmes
450 1692 678 1743 insipientes
701 1705 780 1728 esse
804 1691 978 1728 insanos.
1040 1690 1234 1739 Denique,
1267 1689 1417 1727 etiamsi
1439 1690 1696 1740 concedatur,

122 1764 230 1816 quod
253 1762 414 1801 concedi
444 1775 525 1798 non
552 1767 701 1812 potest,
732 1759 941 1797 iracundia
964 1772 1065 1809 opus
1087 1772 1166 1796 esse
1186 1758 1236 1795 ad
1260 1758 1559 1807 fortitudinem,
1591 1765 1698 1797 certe

120 1834 162 1870 in
183 1833 266 1870 vita
291 1832 450 1883 privata
474 1829 590 1881 plane
614 1828 770 1866 inutilis
795 1834 864 1866 est.
899 1825 939 1880 ᾗ.
962 1831 1030 1867 54.
1087 1828 1222 1877 Neque
1244 1833 1446 1865 oratorem
1473 1827 1592 1866 irasci
1622 1828 1694 1865 de-

120 1908 199 1940 cet:
231 1913 456 1951 quanquam
480 1898 664 1935 simulare
687 1897 786 1934 iram
809 1910 891 1934 non
916 1896 1088 1934 dedecet.
1118 1910 1150 1935 c.
1171 1900 1239 1935 25.
1262 1893 1304 1947 §.
1323 1900 1390 1934 55.
1416 1917 1476 1934 .-
1530 1895 1579 1948 b)
1611 1898 1694 1934 La·-

121 1969 229 2008 bido.
287 1969 392 2005 Haec
421 1982 443 2004 a
467 1965 738 2016 Peripateticis
764 1971 1019 2016 permutatur
1050 1978 1139 2003 cum
1160 1963 1305 2002 studiis
1334 1964 1527 2002 honestis.
1584 1965 1693 2016 (Alia

118 2052 182 2077 res
203 2042 279 2084 est,
312 2049 434 2086 quum
456 2034 664 2085 quaeritur
689 2034 736 2070 de
757 2034 950 2084 sapiente3
983 2033 1077 2082 alia,
1109 2047 1232 2084 quum
1256 2033 1464 2084 quaeritur
1484 2032 1532 2070 de
1551 2033 1692 2084 vulgo:

120 2106 205 2155 cui,
246 2104 432 2156 quoniam
460 2103 521 2140 uti
557 2102 714 2139 ratione
744 2115 826 2138 non
857 2109 1008 2152 potest,
1047 2102 1146 2140 utile
1177 2108 1256 2150 est,
1296 2102 1358 2139 uti
1392 2108 1505 2140 motu
1537 2102 1692 2152 animi.)

117 2174 158 2228 §.
180 2178 248 2212 55.
279 2195 331 2201 --
378 2173 417 2220 c)
443 2171 701 2214 Aemulatio,
734 2170 988 2214 obtrectatio,
1020 2170 1322 2208 misericordia.
1354 2174 1472 2210 e.26.
1491 2168 1614 2222 §.56.
1634 2192 1692 2198 ·-—

117 2243 161 2296 y)
195 2242 371 2292 Denique
392 2239 748 2290 Peripateticorum
770 2238 976 2286 sententia,
1007 2238 1310 2275 mediocritates
1330 2240 1690 2289 perturbationum

119 2311 312 2350 tenendas
336 2324 440 2352 esse,
472 2307 674 2355 reiicitur3
706 2320 812 2354 nain,
843 2306 885 2343 in
907 2319 985 2356 quo
1007 2319 1099 2356 pars
1122 2312 1181 2343 est
1211 2305 1378 2343 alicuius
1408 2307 1688 2358 perturbatio-

116 2381 197 2429 nis,
226 2380 259 2417 is
284 2376 589 2431 perturbatione
620 2389 702 2412 non
734 2381 864 2413 vacat.
923 2374 1086 2425 Sapiens
1119 2380 1249 2411 autem
1279 2374 1313 2412 is
1343 2380 1419 2422 est,
1451 2374 1520 2425 qui
1551 2375 1689 2413 divina

116 2449 310 2496 imitatur,
341 2445 513 2484 humana
537 2443 666 2481 omnia
691 2443 883 2480 inferiora
905 2442 1060 2480 virtute
1081 2442 1205 2480 ducit.
1262 2443 1588 2481 Perturbationes
1607 2443 1686 2495 igi-

115 2523 185 2556 tur
206 2521 432 2568 repugnant
451 2512 678 2564 sapientiae.
736 2512 840 2562 Ergo
862 2524 994 2549 omnes
1014 2511 1350 2562 perturbationes,
1381 2525 1430 2550 ex
1453 2525 1591 2550 errore
1613 2526 1685 2550 or-

115 2593 198 2634 tae,
228 2599 311 2623 non
336 2581 676 2623 circumcidendae
696 2586 736 2618 et
755 2579 1039 2632 amputandae,
1068 2579 1136 2618 sed
1165 2580 1391 2619 evellendae
1419 2586 1516 2619 sunt
1543 2587 1585 2619 et
1611 2594 1685 2618 ex-

116 2654 334 2693 trahendae
362 2651 532 2705 penitus.
568 2648 610 2702 ς.
631 2653 697 2689 57.
