1859 3149
607 68 781 103 Limia
805 70 865 103 111.
888 68 953 112 22,
978 69 1033 105 53.
1058 70 1113 105 54.
1577 67 1664 112 203

62 157 348 209 exspectatus,
396 158 436 193 et
459 149 583 192 maris
609 150 740 191 subita
764 157 979 206 tempestas
1003 166 1119 207 quam
1140 158 1233 194 aute
1257 153 1418 208 provisa
1442 160 1566 197 terret
1590 172 1662 200 na-

63 227 246 283 vigantes
276 225 577 277 vehementius,
622 233 662 266 et
683 225 878 266 eiusmodi
912 233 1006 267 sunt
1041 227 1244 283 pleraque.
1308 225 1389 270 Sed
1426 244 1544 284 quum
1575 232 1662 274 dili-

63 309 208 358 genter
226 301 550 357 necopinatorum
575 307 758 342 naturam
780 301 1035 353 consideres,
1077 302 1174 343 nihil
1206 302 1310 344 aliud
1340 304 1544 360 reperias,
1587 307 1664 349 nisi

65 377 196 419 omnia
213 376 346 427 videri
360 375 490 418 subita
508 375 675 426 maiora,
709 381 750 416 et
768 375 925 430 quidem
946 376 994 416 ob
1017 377 1113 418 duas
1133 392 1322 420 caussas:
1356 379 1523 435 primum
1542 382 1662 437 quod,

66 458 212 507 quanta
235 450 315 492 sint
346 465 445 506 quae
467 450 673 502 accidunt,
720 450 999 492 considerandi
1027 452 1197 507 spatium
1235 467 1314 494 non
1341 454 1477 508 datur3
1523 456 1664 499 deinde

65 540 184 581 quum
212 525 371 567 videtur
406 526 639 582 praecaveri
674 525 876 582 potuisse,
922 525 955 566 si
990 526 1190 581 provisum
1224 535 1356 580 esset,
1402 530 1515 584 quasi
1551 532 1666 588 culpa

64 607 310 642 contractum
341 601 485 642 malum
510 600 798 656 aegritudinem
825 600 1019 642 acriorem
1056 601 1165 643 facit.
1229 608 1299 644 55.
1332 601 1449 657 Quod
1487 605 1542 647 ita
1573 620 1666 649 esse

65 675 150 718 dies
171 675 370 727 declarat,
404 688 504 730 quae
525 675 745 731 procedens
765 675 818 717 ita
841 675 1019 731 mitigat,
1052 684 1095 717 ut
1116 677 1254 719 iisdem
1279 678 1392 719 malis
1413 681 1665 724 manentibus

64 764 145 792 non
176 751 291 792 modo
316 750 490 791 leniatur
514 750 744 806 aegritudo,
792 751 861 792 sed
895 751 934 792 in
971 751 1170 807 plerisque
1210 752 1386 794 tollatur.
1450 752 1665 813 Karthagi-

63 825 226 867 nienses
243 824 356 866 multi
373 823 529 866 Romae
550 827 804 877 servierunt,
836 824 1099 878 Macedones,
1133 841 1227 883 rege
1246 826 1373 870 Perse
1393 837 1523 885 capto.
1571 830 1665 874 Vidi

65 900 182 942 etiam
204 900 245 941 in
267 898 572 957 Peloponneso,
606 915 724 955 quum
748 914 878 942 essem
905 901 1161 954 adolescens,
1197 904 1386 958 quosdam
1414 902 1662 948 Corinthios.

64 973 119 1016 Hi
139 981 322 1031 poterant.
342 988 481 1016 omnes
501 975 636 1016 eadem
658 975 722 1016 illa
742 976 789 1017 de
806 976 1087 1017 Andromacha
1107 977 1313 1033 deplorare
1330 996 1338 1020 :
1374 979 1501 1022 Haec
1519 984 1666 1025 omnia

65 1050 158 1093 vidi
190 1082 202 1092 .
236 1082 246 1092 .
278 1066 322 1100 ‚;
363 1049 433 1091 sed
465 1049 542 1090 iam
570 1049 880 1091 decantaverant
907 1052 1094 1093 fortasse.
1156 1050 1220 1093 Eo
1248 1054 1351 1094 enim
1386 1062 1500 1096 erant
1534 1057 1661 1110 vultu,

67 1125 274 1178 oratione,
324 1125 431 1166 omni
456 1124 610 1180 reliquo
635 1133 742 1166 motu
769 1133 808 1166 et
835 1132 960 1177 statu,
995 1133 1037 1167 ut
1061 1140 1130 1168 eos
1154 1127 1330 1183 Argivos
1358 1137 1424 1170 aut
1450 1128 1665 1187 Sicyonios

67 1199 247 1254 diceres3
281 1199 483 1256 magisque
508 1214 572 1240 me
595 1207 804 1241 moverant
827 1198 1010 1242 Corinthi
1035 1202 1165 1243 subito
1193 1203 1401 1258 adspectae
1428 1206 1663 1261 parietinae,

67 1289 183 1330 quam
209 1275 316 1332 ipsos
345 1272 576 1317 Corinthios
593 1306 603 1326 ‚
650 1289 815 1330 quorum
844 1275 986 1316 animis
1011 1277 1194 1317 diuturna
1216 1278 1405 1333 cogitatio
1431 1280 1571 1322 callum
1594 1296 1666 1324 ve-

68 1349 225 1391 tustatis
244 1349 482 1391 obduxerat.
545 1356 615 1391 54.
649 1348 842 1405 Legimus
860 1350 1002 1391 librum
1021 1348 1274 1404 Clitomachi,
1305 1367 1419 1408 quem
1438 1354 1504 1396 ille
1522 1369 1667 1398 eversa

64 1421 311 1480 Karthagine
330 1424 438 1466 misit
461 1424 694 1466 consolandi
717 1415 860 1466 caussa
885 1425 933 1466 ad
957 1426 1135 1482 captivos
1155 1427 1264 1468 cives
1295 1442 1416 1480 suos;
1468 1429 1506 1470 in
1530 1444 1577 1472 eo
1605 1439 1667 1473 est

69 1499 281 1555 disputatio
303 1499 452 1555 Scripta
475 1496 723 1552 Carneadis,
768 1514 882 1555 quam
903 1514 947 1548 se
969 1501 1023 1542 ait
1042 1501 1082 1542 in
1106 1503 1433 1545 commentarium
1459 1506 1663 1548 retulisse.

67 1571 201 1628 Quum
222 1574 280 1616 ita
301 1574 471 1630 positum
494 1583 627 1627 esset,
660 1575 788 1616 videri
813 1576 895 1617 fore
923 1576 963 1617 in
986 1577 1236 1632 aegritudine
1263 1578 1481 1634 sapientem
1497 1612 1508 1632 ,
1538 1582 1666 1636 patria

68 1689 137 1715 ctat
166 1682 343 1728 Chrysippi
367 1683 508 1721 librum,
535 1690 584 1715 est
604 1684 630 1716 is
652 1684 723 1716 sine
744 1683 846 1718 dubio

62 1728 145 1773 περὶ
167 1725 327 1773 Ἀγαξῶν
352 1729 412 1764 καὶ
435 1730 564 1764 Κακῶν
589 1729 776 1774 εἰςαγωγῆ.

136 1777 244 1818 ferire]
276 1772 529 1819 Est'praeelara
551 1777 740 1809 coniectura
762 1779 847 1810 fliz-ii

71 1821 184 1865 (quam
218 1821 418 1854 confirmant
451 1828 558 1866 quatt.
581 1825 663 1854 Oxx.
695 1823 798 1855 vind.
813 1827 846 1854 ¹1.

71 1867 222 1904 Gudxss.)
259 1879 320 1912 pro
354 1870 435 1910 fieri.
493 1869 544 1900 Cf.
569 1880 597 1900 e.
620 1869 684 1907 23,
709 1870 770 1901 55:
797 1870 847 1909 fe—

67 1915 153 1946 riunt
172 1913 260 1946 enim
282 1913 359 1958 (ista
374 1913 588 1957 necopinatal
606 1914 749 1945 fortasse
769 1926 849 1957 gra-

69 1959 151 1991 vius.
201 1961 278 1991 Sen.
302 1959 402 1992 Cons.
419 1959 463 1991 ad
485 1959 648 1992 Marciam
667 1971 695 1991 c.
718 1960 758 1992 9:
786 1971 850 1991 ne-

70 2016 161 2037 cesse
196 2011 248 2036 est
276 2005 391 2048 itaque
411 2005 516 2048 magis
543 2016 755 2045 corruamuS,
793 2004 849 2049 qui

70 2049 166 2094 quasi
191 2062 232 2082 ex
252 2049 429 2094 inopinato
452 2053 594 2091 ferimur.

136 2106 321 2137 quanquam
342 2115 386 2120 —
409 2097 478 2137 sed]
505 2097 544 2129 V.
567 2095 609 2128 ad
635 2096 726 2136 [32
751 2095 806 2130 90.

137 2143 242 2183 mayis
261 2142 438 2186 aliquanto]
466 2143 507 2172 V.
525 2141 568 2174 ad
592 2143 633 2174 II.
652 2142 716 2182 27,
743 2142 800 2175 66.

138 2197 235 2229 quum
268 2189 456 2229 consideresss
494 2189 676 2231 Exspectes
708 2190 850 2221 conside-

70 2242 146 2274 ras‚·
181 2232 261 2270 sed,
296 2244 397 2277 quum
418 2233 636 2278 subsequatur
659 2234 848 2267 coniuncti-

71 2290 131 2310 vus
151 2281 312 2320 reperias,
336 2286 429 2312 recte
449 2291 520 2312 sese
541 2280 643 2312 habet
665 2282 850 2313 consideres.

70 2325 222 2369 Utraque
245 2325 452 2365 enuntiatio,
477 2333 511 2358 et
535 2327 679 2370 protasis
705 2334 738 2358 et
762 2339 850 2370 apo-

70 2369 173 2408 dosis‚
196 2382 267 2402 rem
284 2371 459 2415 siguificat,
485 2383 569 2416 quae
589 2372 623 2405 in
645 2372 850 2415 cogitatione

69 2422 202 2449 tantum
220 2416 368 2460 ponitur.
407 2418 458 2450 Cf.
483 2418 527 2450 de
549 2420 654 2462 Legg.
675 2420 717 2450 Il.
743 2420 781 2459 l,
806 2419 848 2451 2:

70 2461 189 2495 ductus
210 2474 291 2495 vero
314 2475 493 2507 aquarum,
514 2476 598 2509 quos
620 2465 675 2496 isti
697 2464 792 2497 Nilos
818 2471 853 2497 et

70 2507 214 2552 Euripos
236 2517 381 2549 vocant,
419 2510 491 2554 quis
523 2523 615 2552 uon,
648 2521 745 2551 quum
770 2511 853 2543 haec

69 2556 188 2596 videat,
206 2557 338 2588 irriserit
349 2557 366 2588 ἱ)
392 2558 433 2589 V.
448 2568 508 2590 nos
523 2556 558 2589 in
578 2557 636 2589 Gr.
649 2557 689 2588 L.
705 2557 732 2600 §-
749 2553 852 2597 140‚b

73 2599 104 2643 c)
126 2611 161 2643 p.
175 2599 306 2644 366sq.
331 2600 385 2634 ed.
404 2602 437 2634 2.

141 2644 197 2678 53.
222 2647 304 2689 dies]
328 2648 371 2679 V.
397 2647 525 2680 Adnot.
549 2647 585 2679 in
610 2659 638 2680 c.
661 2647 724 2687 30,
751 2645 806 2682 ἰ’-’1.

142 2701 238 2732 quum
267 2702 364 2725 essem
396 2694 590 2735 adolescens}
629 2705 706 2725 nam
730 2692 854 2726 Corin-

73 2733 152 2767 thus
171 2748 201 2768 a.
217 2737 257 2769 U.
279 2737 359 2771 609.
384 2738 476 2783 (145.
495 2751 524 2772 a.
541 2738 630 2780 Chr.)
655 2751 674 2771 a
689 2740 853 2772 Mummio

77 2779 189 2814 deleta
209 2793 230 2814 a
249 2783 311 2816 Iul.
332 2783 472 2818 Caesare
489 2785 674 2817 instaurata
695 2791 756 2817 est.
795 2785 854 2818 Ci-

81 2836 158 2859 cero
178 2833 275 2860 natus
296 2841 325 2861 a.
348 2831 392 2862 U.
410 2828 489 2864 64&-
511 2832 652 2864 Neidius.
685 2832 774 2875 Ergo
797 2831 854 2863 Ci-

82 2871 195 2903 veroni
217 2872 409 2907 Corinthios
437 2876 601 2920 quosdam
634 2876 786 2920 captivos
820 2877 855 2909 in

83 2915 182 2948 senili
203 2925 314 2951 aetate
338 2921 538 2954 constitutos
562 2921 679 2954 videre
702 2922 808 2954 licuit.

151 2962 210 2994 illa
223 2964 262 2995 de
273 2967 510 3011 Andromacha]
534 2968 578 3003 H,
593 2979 622 2999 e.
646 2979 761 2999 versus
778 2967 855 3000 illos

85 3017 127 3040 ex
137 3006 238 3039 Ennii
250 3009 483 3044 Andromacha
499 3019 660 3055 sumptos.
687 3012 743 3045 Sic
756 3024 857 3055 saepe

881 1686 1088 1730 praepositio
1122 1688 1161 1718 de
1191 1695 1378 1731 usurpatur.
1430 1688 1482 1720 Cf.
1516 1688 1558 1721 de
1579 1690 1664 1734 Rep.

882 1733 908 1764 I.
934 1734 981 1770 lei,
1008 1732 1072 1765 30:
1108 1732 1164 1764 illa
1187 1733 1229 1765 de
1251 1734 1435 1777 Iphigenia.
1482 1735 1580 1768 Offic.
1604 1738 1664 1778 ΙΙΙ,

882 1779 922 1810 21
940 1791 945 1808 :
972 1790 1110 1820 graecos
1131 1790 1243 1810 versus
1265 1779 1308 1810 de
1335 1780 1533 1812 Phoenissis.
1561 1782 1603 1814 N.
1620 1783 1662 1814 D.

884 1826 908 1856 I.
923 1830 956 1861 -ἓ,
980 1824 1040 1857 les:
1068 1824 1215 1855 Platonis
1237 1824 1279 1856 de
1299 1826 1438 1858 Timaeo
1460 1827 1569 1865 deum,
1595 1827 1618 1861 i.
1635 1840 1664 1861 e.

884 1869 976 1901 illum
1012 1869 1160 1901 Platonis
1195 1870 1315 1910 deum,
1343 1872 1447 1916 qualis
1481 1874 1523 1905 ab
1556 1885 1597 1906 eo
1630 1875 1665 1906 in

884 1915 1023 1947 Timaeo
1049 1915 1257 1948 describitur.
1300 1917 1342 1949 de
1363 1920 1417 1950 Or.
1434 1919 1492 1951 ΙΙΙ.
1507 1919 1562 1960 35,
1582 1917 1663 1953 141:

883 1972 1015 1993 versum
1046 1962 1211 2004 quendam
1245 1962 1288 1995 de
1312 1964 1512 1998 Philocteta.
1563 1966 1666 1999 Cete-

884 2019 957 2039 rum
981 2007 1024 2039 cf.
1049 2019 1076 2039 c.
1096 2006 1155 2046 19,
1178 2005 1233 2040 45.

953 2054 1214 2096 decantaverantj
1242 2055 1286 2086 H.
1308 2067 1336 2087 e.
1363 2063 1498 2090 cantare
1523 2064 1580 2091 aut
1601 2058 1666 2092 de-

886 2098 1022 2143 plorare
1046 2099 1111 2131 iam
1138 2099 1315 2134 desierant.

952 2147 1066 2186 vultu,
1107 2149 1248 2180 oratione
1281 2150 1369 2191 etc.]=
1416 2149 1472 2182 Sic
1507 2150 1604 2184 Offic.
1634 2152 1663 2183 Ι.

884 2189 949 2229 29,
974 2191 1057 2224 102:
1093 2202 1225 2232 quorum
1248 2197 1390 2227 omnium
1414 2198 1540 2237 vultus,
1564 2207 1666 2239 voces,

884 2241 986 2269 motus
1008 2241 1168 2278 statusque
1189 2244 1362 2272 mutantur.

954 2285 1089 2323 Amisos
1125 2288 1182 2315 aut
1216 2287 1393 2330 Sicyonios]
1432 2287 1548 2331 quibus
1583 2288 1667 2321 nihil

891 2328 1090 2362 calamitatis
1110 2329 1296 2364 accidisset.
1344 2335 1484 2366 Neidius.

953 2376 1145 2418 parietinae]
1186 2377 1306 2416 „Diess
1342 2378 1425 2411 oder
1448 2382 1546 2412 diruti
1569 2382 1666 2420 muri,

885 2423 993 2453 diruta
1026 2424 1173 2462 moenia,
1205 2429 1410 2457 monumenta
1439 2425 1482 2457 ist
1506 2425 1566 2457 der
1588 2425 1667 2457 {ioht

886 2467 944 2499 lat.
967 2467 1141 2499 Ausdruck
1164 2468 1220 2500 fur
1244 2481 1360 2502 unser:
1397 2473 1538 2511 Ruinen,
1573 2471 1667 2503 nicht

885 2515 1020 2554 ruinae;
1053 2515 1169 2545 rudera
1201 2514 1310 2547 haben
1333 2516 1442 2548 Tacit.
1459 2521 1462 2523 ’
1477 2528 1507 2548 u.
1529 2518 1665 2548 Sueton.

889 2558 985 2590 Diess
1018 2558 1070 2590 bz.
1103 2559 1182 2591 aber
1217 2562 1312 2593 mehr
1342 2561 1396 2593 die
1430 2561 1593 2593 durchaus
1626 2573 1667 2594 zu

889 2604 1076 2637 Geschiebe
1098 2605 1304 2638 zerfallenen
1326 2608 1475 2643 Manem,
1502 2607 1595 2639 nicht
1611 2607 1667 2640 die

887 2650 978 2682 noch
1010 2651 1112 2683 nackt
1137 2651 1365 2684 dastehenden
1388 2652 1565 2685 Koriuth's
1596 2653 1668 2686 und

889 2708 1026 2728 unserer
1039 2697 1362 2740 Schweizerburgen.
1398 2697 1492 2729 Diess
1512 2698 1588 2730 sind
1603 2710 1668 2741 pa-

886 2744 1055 2774 rietinae.“
1105 2745 1248 2775 Orellius.

958 2791 1075 2821 callum
1095 2791 1258 2820 vetustatis
1271 2789 1459 2831 obduxerat}
1486 2790 1527 2822 V.
1546 2790 1664 2824 Adno-

891 2839 964 2866 tata
986 2834 1019 2865 in
1043 2835 1084 2865 Π.
1115 2834 1171 2870 15,
1196 2832 1250 2865 316.

958 2876 1013 2911 54.
1032 2880 1304 2921 commentarium]
1324 2879 1452 2913 Graece
1466 2879 1664 2928 ὑπόμνημα.

890 2925 930 2956 V.
946 2935 1007 2956 nos
1019 2923 1051 2955 in
1066 2923 1252 2966 Prolegom.
1264 2926 1307 2958 ad
1315 2926 1554 2971 Xenophontis
1566 2930 1666 2964 Com-

890 2976 1031 3002 mentar.
1054 2969 1128 3000 Vn.
1152 2980 1184 3011 p.
1199 2969 1244 3003 28
1261 2982 1311 3016 sq.

957 3017 1095 3054 positum
1117 3015 1208 3059 esset]
1233 3017 1274 3049 V.
1301 3016 1344 3050 ad
1368 3019 1393 3051 Ι.
1418 3016 1462 3060 4,
1487 3020 1519 3055 7.
