1859 3117
703 71 1056 107 PROLEGOMENA.
1624 68 1676 109 19

193 157 239 208 a)
276 157 486 195 Sententia
516 155 831 207 Epicureorum.
892 155 1094 206 Epicurus
1116 154 1232 205 dicit,
1261 169 1397 196 omnes
1422 157 1466 196 in
1490 160 1670 210 aegritu-

81 226 176 266 dine
198 239 297 275 esse,
334 225 405 277 qui
428 238 468 263 se
490 224 532 262 in
563 223 676 262 malis
702 236 783 260 esse
810 223 1084 273 arbitrentur,
1124 225 1208 264 sive
1228 225 1295 264 illa
1319 233 1411 265 ante
1433 228 1599 278 provisa
1631 236 1671 268 et

80 301 308 348 exspectata
327 294 420 343 sint,
450 293 535 333 sive
557 292 895 341 inveteraverint3
928 307 1017 330 nam
1042 308 1169 345 neque
1186 302 1385 334 vetustate
1403 296 1532 335 minui
1554 298 1668 347 mala,

78 378 152 404 nec
174 364 263 403 fieri
283 363 568 416 praemeditata
590 362 762 412 leviora,
785 362 1028 412 stultamque
1051 364 1166 401 etiam
1186 379 1265 403 esse
1286 366 1583 405 meditationem
1600 367 1667 406 su-

78 434 164 473 turi
186 432 296 482 mali,
335 439 406 471 aut
431 433 600 471 sortasse
623 445 672 469 ne
695 431 826 469 futuri
849 431 1029 482 quidem:
1072 433 1166 470 satis
1197 448 1276 473 esse
1308 435 1491 474 odiosum
1523 438 1669 475 malum

79 516 213 552 omne,
246 515 371 553 quum
390 501 588 551 evenerit3
627 500 695 551 qui
719 507 848 538 autem
875 514 1028 552 semper
1053 502 1311 553 cogitaverit,
1343 505 1523 543 accidere
1553 519 1670 557 posse

77 572 233 623 aliquid
260 571 440 621 adversi,
472 571 507 609 ei
530 570 616 608 fieri
638 570 739 607 illud
770 570 1052 621 sempiternum
1080 572 1246 623 malum,
1286 574 1319 612 si
1352 588 1451 613 vero
1480 589 1530 614 ne
1550 576 1669 614 sutu-

40 653 42 656 ’
76 655 169 680 rum
204 641 364 692 quidem
397 641 466 689 sit,
508 641 661 678 frustra
693 639 843 690 suscipi
875 640 1071 678 miseriam
1097 641 1388 681 voluntariam:
1430 644 1486 682 ita
1515 659 1669 697 semper

76 711 166 762 angi
192 716 262 748 aut
286 709 517 762 accipiendo
548 716 620 747 aut
645 708 862 760 cogitando
898 709 1015 747 malo.
1059 708 1100 762 ς.
1123 714 1192 749 52.
1252 712 1507 751 Levationem
1539 721 1670 752 autem

77 778 339 831 aegritudinis
360 778 478 830 ponit
506 778 548 816 in
576 778 812 816 avocatione
835 793 856 816 a
889 779 1100 831 cogitanda
1129 781 1307 819 molestia
1341 788 1381 820 et
1409 784 1670 821 revocatione

77 848 130 887 ad
161 848 488 899 contemplandas
519 848 762 899 voluptates.
803 845 844 899 β’.
866 852 935 887 55.

187 917 268 955 Has
288 917 455 969 Epicuri
485 917 702 955 sententias
730 917 909 955 refellere
943 925 1116 956 conatur
1140 919 1295 958 Cicero.
1355 922 1401 968 α)
1434 921 1568 959 Primo
1599 935 1668 959 re-

75 985 293 1039 prehendit
315 986 553 1038 Epicureos,
585 987 695 1037 quod
722 987 1119 1037 praemeditationem
1144 1003 1282 1029 rerum
1307 990 1538 1028 suturarum
1567 990 1669 1028 reii-

75 1055 197 1093 ciant.
227 1076 284 1082 —-
334 1053 380 1105 β)
416 1054 567 1092 Deinde
593 1055 789 1104 ostendit,
819 1056 1118 1094 revocationem
1143 1058 1247 1095 illam
1273 1073 1294 1096 a
1321 1059 1561 1098 contuendis
1582 1074 1668 1097 nia—

73 1123 123 1162 lis
147 1130 289 1161 contra
320 1130 505 1161 naturam
527 1137 620 1161 esse.
665 1138 698 1161 c.
724 1127 789 1162 16.
820 1147 878 1152 -
938 1127 980 1176 y)
1015 1126 1193 1177 Denique
1219 1128 1386 1178 probat,
1420 1142 1538 1178 quam
1569 1142 1667 1179 per—

73 1206 234 1232 versum
256 1192 326 1240 sit,
359 1192 467 1243 quod
495 1192 684 1243 Epicurei
715 1193 976 1243 cogitationes
1002 1195 1104 1243 eius,
1147 1196 1215 1248 qui
1242 1203 1452 1247 prematur
1486 1197 1666 1247 aegritu-

73 1261 186 1310 dine,
217 1275 301 1300 non
324 1261 374 1298 ad
397 1261 517 1298 animi
544 1262 669 1309 bona,
701 1261 898 1311 virtutes,
930 1263 998 1300 sed
1027 1264 1077 1300 ad
1105 1265 1290 1315 corporis
1315 1266 1547 1317 voluptates
1579 1272 1667 1304 tra-

72 1323 235 1369 ducant.
278 1344 310 1368 c.
338 1333 541 1370 17—19.
602 1331 732 1368 Porro
755 1337 898 1369 contra
924 1345 990 1369 eos
1016 1332 1217 1384 disputat,
1249 1334 1320 1384 qui
1339 1335 1562 1385 Epicurum
1592 1335 1666 1372 de-

71 1398 256 1448 fendant,
287 1398 481 1448 dICentes,
512 1399 689 1451 primum
712 1414 842 1438 mores
869 1400 954 1438 eius
977 1415 1057 1439 esse
1082 1402 1273 1453 integros,
1304 1402 1396 1440 dein
1417 1404 1670 1455 voluptatem

71 1467 240 1520 Epicuri
268 1481 348 1505 esse
370 1483 450 1506 non
470 1469 626 1513 dolere,
659 1469 832 1520 denique
855 1483 970 1521 saepe
999 1484 1088 1508 eum
1111 1471 1280 1509 laudare
1300 1472 1506 1510 virtutem.
1546 1487 1577 1511 c.
1600 1475 1668 1510 20.

74 1538 282 1575 Postremo
314 1551 354 1574 se
385 1544 567 1587 excusat,
598 1538 708 1588 quod
739 1551 854 1590 saepe
884 1539 1104 1591 Epicureos
1136 1540 1404 1592 aggrediatur.
1447 1556 1480 1580 c.
1505 1546 1573 1580 21.

187 1606 236 1655 b)
276 1598 487 1644 Sententia
516 1607 850 1659 erenccicormn.
897 1609 1030 1646 Primo
1054 1611 1203 1661 repetit
1225 1624 1289 1659 ea,
1323 1623 1423 1661 quae
1444 1611 1520 1648 iam
1544 1625 1668 1663 supra

71 1674 211 1727 paucis
236 1675 544 1727 perstrinxerat.
605 1677 799 1715 Concedit
823 1678 944 1727 enim,
976 1679 1270 1730 aegritudinem
1298 1681 1448 1731 partim
1478 1680 1667 1717 exsistere

72 1757 123 1782 ex
144 1744 246 1782 malo
268 1744 544 1796 inexspectato
569 1752 608 1783 et
630 1746 890 1798 necopinato,
924 1753 979 1796 et,
1013 1748 1122 1798 quod
1148 1748 1359 1799 provisum
1383 1756 1475 1786 ante
1497 1763 1579 1785 non
1602 1748 1667 1796 sit,

72 1813 114 1851 id
137 1813 258 1852 ferire
279 1813 574 1864 vehementiu55
600 1815 668 1852 sed
688 1822 823 1867 negat,
855 1829 936 1854 esse
957 1817 1000 1854 in
1022 1816 1100 1854 hoc
1125 1816 1276 1864 omnia,
1308 1816 1512 1867 additque,
1545 1817 1577 1854 si
1599 1817 1665 1854 di-

71 1881 239 1934 ligenter
260 1883 592 1935 necopinatorum
614 1890 800 1921 naturam
823 1885 1066 1932 consideres,
1097 1884 1280 1936 intelligi,
1312 1899 1393 1922 non
1420 1886 1554 1923 subita
1579 1886 1666 1938 ipsa

71 1951 194 2003 magis
215 1953 481 2001 conturbare,
519 1953 607 2001 sed,
651 1953 760 2003 quod
790 1953 924 1990 omnia
953 1953 1085 1991 subita
1113 1953 1265 1991 maiora
1290 1954 1530 2002 rideantur,
1571 1955 1665 2006 pri-

70 2033 199 2070 mum,
230 2020 361 2072 quod,
393 2028 544 2072 quanta
569 2021 650 2059 sint
678 2034 778 2071 quae
811 2021 1018 2070 accidunt,
1060 2022 1343 2060 considerandi
1375 2023 1550 2075 spatium
1583 2038 1665 2063 non

73 2089 212 2138 detur,
244 2089 406 2137 deinde,
438 2089 568 2140 quod,
601 2102 725 2140 quum
749 2090 937 2128 videatur
961 2092 1194 2142 praecaveri
1219 2092 1420 2143 potuisse,
1452 2093 1485 2130 si
1515 2093 1664 2144 provi-

72 2171 161 2196 sum
182 2164 302 2206 esset,
334 2157 449 2208 quasi
475 2158 594 2210 culpa
619 2165 871 2196 contractum
891 2160 1039 2198 malum
1063 2161 1354 2212 aegritudinem
1373 2161 1567 2199 acriorem
1598 2162 1663 2200 fa—

71 2225 165 2264 ciat.
226 2225 348 2273 Quod
371 2225 426 2264 ita
451 2239 549 2276 esse,
581 2228 773 2279 temporis
801 2228 1051 2267 diuturnitas
1076 2230 1265 2279 declarat,
1296 2244 1396 2281 quae
1417 2231 1475 2269 ita
1494 2230 1662 2282 mitigat,

70 2301 139 2344 ut,
170 2294 309 2333 iisdem
332 2295 443 2334 malis
469 2297 741 2346 manentibus,
783 2312 866 2335 non
895 2298 1014 2336 modo
1040 2299 1217 2337 leniatur
1245 2299 1477 2351 aegritudo,
1519 2300 1589 2338 sed
1618 2300 1660 2338 in

70 2363 274 2415 plerisque
297 2364 480 2403 tollatur.
509 2387 568 2394 —-·
623 2366 815 2418 Exempla
839 2366 1088 2418 afferuntur,
1119 2369 1265 2420 quibus
1286 2369 1485 2407 sententia
1504 2383 1662 2421 propo-

71 2432 147 2471 sita
176 2433 396 2472 stabilitur.
433 2449 467 2473 c.
491 2439 560 2474 22.

189 2501 390 2551 Quoniam
415 2503 554 2542 Cicero
580 2503 739 2553 docuit,
769 2510 969 2544 vetustate
988 2506 1280 2558 aegritudinem
1303 2506 1433 2545 minui
1459 2506 1523 2544 vel
1544 2505 1662 2557 plane

72 2570 182 2621 tolli3
212 2571 290 2609 iam
315 2571 384 2622 iis,
427 2573 497 2624 qui
529 2573 744 2622 obiiciant,
784 2574 815 2612 si
847 2581 1003 2627 tempus
1037 2589 1192 2614 omnem
1228 2569 1517 2628 aegritu-dinem
1543 2574 1658 2622 levet,

73 2653 158 2678 non
181 2653 284 2691 opus
305 2654 386 2679 esse
407 2641 565 2680 ratione
585 2648 656 2680 aut
674 2643 838 2681 omnino
861 2645 1136 2683 consolatione
1155 2645 1236 2693 illa,
1251 2653 1253 2655 ’
1269 2658 1347 2696 qua
1368 2644 1571 2689 doceatur,
1590 2641 1659 2678 ni-

73 2705 132 2745 hil
156 2715 346 2761 oportere
368 2710 623 2762 inopinatum
650 2711 804 2762 videri,
844 2713 902 2751 ita
927 2714 1163 2765 respondet,
1193 2720 1242 2752 ut
1264 2714 1525 2758 demonstret,
1557 2709 1660 2748 lianc

74 2776 215 2815 animis
234 2778 417 2817 medendi
434 2779 515 2818 vim
538 2794 623 2818 non
643 2794 722 2818 esse
747 2781 789 2819 in
807 2781 894 2834 ipsa
916 2782 1186 2821 diuturnitate
1205 2782 1394 2835 positam,
1425 2779 1493 2817 sed
1513 2779 1555 2816 in
1587 2793 1656 2817 co-

75 2842 505 2898 gitatione-diuturna,
536 2849 642 2887 nihil
667 2863 748 2888 esse
770 2850 812 2888 in
841 2865 886 2889 re
909 2851 1015 2889 mali.
1043 2874 1102 2880 —-
1159 2848 1386 2889 Consolatio
1417 2853 1548 2886 autem
1576 2847 1658 2898 illa,

75 2924 229 2951 necesse
248 2928 328 2953 esse
346 2915 499 2955 homini
521 2917 600 2955 tale
625 2918 725 2968 quid
749 2919 946 2968 accidere,
975 2920 1084 2959 valet
1105 2918 1343 2971 plurimum,
1374 2929 1483 2966 nam,
1514 2916 1588 2955 etsi
1611 2916 1661 2954 de

74 2979 164 3031 ipsa
183 2993 333 3020 summa
354 2984 446 3024 mali
465 2985 571 3024 nihil
594 2985 792 3037 detrahit,
822 2987 866 3027 id
888 2994 1020 3027 tamen
1044 2987 1184 3036 efficit,
1215 2991 1264 3023 ut
1286 2984 1390 3023 nihil
1416 2985 1572 3025 eveniat
1589 2985 1658 3023 in-

1263 3057 1290 3092 2
1312 3051 1337 3079 *
