1811 3069
171 44 227 87 44
720 47 1188 94 LIBER1.4,8.5,9.

169 136 366 177 lescentes
404 133 546 174 docere
585 138 625 173 et
654 130 898 186 prudentiam
934 145 1020 171 cum
1057 130 1279 185 eloquentia
1306 130 1493 185 iungere3
1534 128 1592 170 sic
1624 128 1738 170 nobis
1796 139 1802 148 *

167 209 321 265 placet,
363 221 435 248 nec
456 205 659 262 pristinum
682 205 834 245 dicendi
857 204 1024 245 studium
1048 204 1271 259 deponere,
1312 211 1352 244 et
1373 203 1414 244 in
1437 203 1508 244 hac
1527 202 1677 244 maiore
1699 209 1740 243 et
1796 226 1800 250 5

168 282 353 324 uberiore
374 288 456 322 arte
477 278 646 321 versari.

168 356 318 406 dicavi,
352 368 451 409 quae
473 353 520 394 de
544 352 727 393 maximis
748 352 1041 407 quaestionibus
1063 351 1221 405 copiose
1242 359 1377 406 posset
1397 357 1611 405 ornateque
1633 350 1738 391 dice-

167 444 238 471 re:
284 430 323 469 in
345 442 458 482 quam
488 426 813 468 exercitationem
836 426 890 467 ita
912 440 985 467 nos
1011 425 1186 466 studiose
1210 425 1407 476 dedimus,
1453 431 1497 465 ut
1517 424 1595 465 iam
1619 423 1737 464 etiam

1270 497 1326 540 Ut
1354 511 1480 553 nuper
1513 505 1621 539 tuum
1651 503 1740 552 post

708 277 821 319 Hanc
847 279 947 319 enim
967 278 1180 333 perfectam
1200 277 1481 333 philosophiam
1503 290 1659 331 semper
1678 276 1738 317 iu-

167 503 322 545 scholas
356 501 600 542 Graecorum
633 515 742 542 more
771 501 916 541 habere
949 500 1198 541 auderemus.

168 577 384 618 discessum
420 575 460 615 in
486 574 738 626 Tusculano,
783 589 898 629 quum
923 581 1057 615 essent
1082 573 1302 629 complures
1333 586 1484 613 meeum
1510 571 1740 622 familiares,

165 650 342 701 tentavi,
383 649 473 704 quid
505 648 545 689 in
576 662 622 689 eo
655 662 802 703 genere
835 662 1005 702 possem.
1074 646 1129 689 Ut
1162 647 1264 688 enim
1297 653 1414 687 antea
1444 645 1738 687 declamitabam

1807 466 1811 555 «ἶ

165 737 353 774 caussas,
393 722 494 777 quod
520 735 634 762 nemo
661 736 721 762 me
750 722 892 762 diutius
918 722 1033 773 fecit,
1075 721 1131 762 sic
1155 721 1250 761 haec
1277 720 1370 761 mihi
1393 734 1496 761 nune
1519 718 1654 760 senilis
1679 724 1740 759 est
1801 742 1804 748 ν

475 795 631 837 Ponere
659 796 838 836 iubebam
856 828 866 847 ,
910 796 956 837 de
983 810 1057 850 quo
1085 796 1169 850 quis
1195 795 1330 835 audire
1355 794 1500 845 vellet3
1541 793 1590 834 ad
1611 792 1649 833 id
1672 799 1740 833 aut

1017 876 1058 910 8.
1091 867 1228 923 Itaque
1257 869 1406 909 dierum
1432 867 1600 922 quinque
1620 865 1740 908 seho-

163 946 240 996 las,
273 951 316 985 ut
336 943 481 985 Graeci
505 943 715 998 appellant,
744 943 785 983 in
805 944 962 983 totidem
987 943 1108 984 libros
1130 942 1291 983 contuli.
1352 940 1495 982 Fiebat
1514 947 1642 982 autem
1666 940 1735 991 ita,

162 1026 229 1070 ut,
264 1032 379 1073 quum
402 1018 458 1068 is,
493 1017 556 1071 qui
575 1017 711 1056 audire
730 1012 874 1067 vellet,
909 1017 1075 1057 dixisset
1097 1016 1186 1070 quid
1210 1015 1283 1056 sibi
1305 1015 1530 1067 videretur,
1562 1020 1640 1055 tum
1663 1027 1736 1068 ego

165 797 412 838 declamatio.

165 872 309 913 sedens
325 902 336 921 ,
381 877 446 910 aut
471 870 671 910 ambulans
698 869 954 925 disputabam.

164 1099 302 1133 contra
329 1092 516 1132 dicerem.
579 1089 689 1130 Haec
716 1096 776 1131 est
803 1090 927 1141 enim,
970 1098 1012 1131 ut
1045 1090 1151 1140 seis,
1194 1097 1307 1131 vetus
1341 1096 1381 1130 et
1402 1087 1607 1130 Socratica
1637 1086 1738 1128 ratio

164 1173 301 1206 contra
325 1165 486 1206 alterius
511 1164 733 1220 opinionem
760 1164 1003 1216 disserendi,
1038 1178 1126 1204 nam
1152 1163 1205 1203 ita
1228 1163 1428 1214 facillime,
1463 1162 1552 1217 quid
1575 1161 1657 1203 veri
1685 1160 1738 1202 si-

161 1240 361 1281 millimum
387 1245 517 1288 esset,
551 1237 719 1279 inveniri
741 1250 857 1292 posse
883 1236 1069 1278 Socrates
1091 1236 1368 1277 arbitrabatur.
1431 1234 1512 1277 Sed
1532 1250 1607 1290 quo
1630 1249 1736 1275 com-

163 1313 317 1354 modius
347 1311 628 1366 disputationes
665 1317 824 1351 nostrae
854 1311 1124 1366 explicentur,
1167 1310 1224 1361 sic
1258 1323 1325 1351 eas
1359 1323 1580 1364 exponam,
1626 1307 1737 1364 quasi

164 1394 304 1441 agatur
326 1400 391 1427 res
408 1417 419 1436 ,
453 1399 531 1425 non
555 1384 665 1438 quasi
691 1391 888 1425 narretur.

278 1459 332 1502 V.
395 1465 437 1499 9.
478 1458 535 1499 Α.

231 1578 285 1600 nec
302 1569 469 1608 pristinum
486 1584 531 1590 —
554 1567 723 1606 deponere,
748 1570 774 1598 et
799 1585 842 1589 —
865 1577 934 1598 ver-

164 1615 245 1656 sari]
271 1616 332 1645 Nec
356 1614 475 1655 (neque)
494 1630 536 1635 —
559 1615 585 1643 et
608 1618 738 1643 vertere
761 1622 933 1654 possumus

165 1671 240 1702 per:
263 1660 418 1690 ez'nerseits
443 1656 559 1700 (findet
578 1657 698 1696 Etwas)
720 1659 802 1689 nicht.
825 1658 930 1700 (statt)

164 1724 209 1729 -—-
228 1705 432 1735 ander-erseits
454 1702 572 1745 (findet
592 1703 700 1732 Etwas
723 1703 829 1743 statt).
874 1704 933 1733 In-

165 1750 219 1781 fra
245 1761 272 1780 e.
287 1748 351 1788 23,
377 1748 438 1780 54:
476 1757 572 1787 neque
595 1753 672 1778 nata
694 1755 782 1779 certe
806 1754 873 1786 est,
907 1751 933 1779 et

164 1802 301 1826 aeterna
324 1799 384 1824 est.
423 1793 463 1823 V.
481 1794 618 1824 Kahner.
635 1792 690 1822 Gr.
705 1793 744 1823 L.
761 1793 789 1827 G.
806 1792 878 1831 135),
899 1789 931 1825 4.

165 1840 222 1871 Sic
238 1838 437 1871 creberrime
453 1836 541 1880 apud
558 1837 721 1868 Graecos:
746 1831 933 1871 oiiOE—TS'.

166 1884 222 1916 Sic
242 1895 276 1915 se
300 1882 468 1925 excipiunt
489 1886 568 1913 et—
582 1893 637 1914 nec
663 1883 795 1924 tneque).
844 1883 934 1914 Infra

165 1930 207 1962 V.
221 1928 285 1967 38,
312 1928 395 1960 112:
421 1932 447 1960 et
469 1927 600 1958 dicebat
614 1952 621 1964 ,
645 1937 700 1959 nec
724 1928 847 1959 deerat.
894 1929 933 1959 V.

165 1975 303 2006 Kithner.
324 1972 345 2003 l.
368 1972 401 2004 d.
443 1972 516 2004 Pari
536 1972 638 2004 modo
659 1972 746 2015 apud
768 1973 932 2005 Graecos:

164 2018 204 2053 τέ
226 2037 271 2042 -
295 2013 382 2051 οὔτε.

234 2066 266 2095 in
286 2073 381 2103 quam
399 2064 645 2093 exercitationem
664 2064 708 2094 ita
727 2073 783 2094 nos
800 2065 935 2095 studiose

165 2109 324 2149 dedimus]
362 2107 403 2137 H.
428 2118 455 2138 e.
479 2107 521 2138 ad
542 2118 638 2149 quam
663 2108 935 2139 exercitationem

165 2160 297 2186 tantum
328 2152 475 2183 studium
505 2152 713 2185 contulimus.
740 2152 780 2183 de
803 2155 892 2184 Orat.
908 2155 932 2184 I.

165 2200 221 2236 21,
248 2198 309 2231 95:
337 2209 435 2240 quum
456 2208 490 2228 se
511 2196 553 2228 ad
573 2197 791 2237 audiendum,
816 2198 934 2240 legen-

166 2244 246 2276 dum
269 2242 543 2285 sciibendumque
567 2242 707 2273 dederit.
758 2244 792 2273 ln
824 2242 933 2274 omni-

165 2289 227 2322 bus
248 2288 336 2320 notis
359 2286 457 2320 codd.
482 2286 602 2329 legitur
621 2298 676 2319 nos
691 2289 826 2320 sſsudz'ose
841 2299 934 2328 ope-

166 2345 257 2368 ram
275 2335 438 2372 dedimus;
463 2332 641 2363 Lambinus
655 2332 779 2364 delevit
798 2333 935 2365 verbum

168 2390 307 2420 operam.
344 2382 389 2409 Ac
410 2377 479 2408 iure
503 2377 654 2420 quidem;
678 2390 752 2409 nam
776 2390 935 2422 nusquam

168 2425 248 2457 alibi
264 2423 390 2457 Tullius
407 2422 489 2454 dixit
505 2432 631 2462 operam
655 2425 731 2455 dare
750 2426 782 2455 in
796 2426 937 2464 aliquid,-

169 2477 241 2502 tum
262 2480 351 2508 vero,
376 2474 507 2500 retento
527 2468 591 2499 hoc
610 2468 724 2507 verbo,
751 2480 935 2511 pronomen

168 2526 226 2548 7108
244 2515 344 2558 plane
365 2513 532 2545 abundare
554 2512 703 2550 videtum
729 2520 818 2545 certe
837 2514 936 2545 verba

168 2560 217 2592 sic
238 2559 421 2592 ordinanda
441 2564 551 2590 erant:
577 2560 608 2589 in
631 2569 727 2598 quam
748 2569 795 2590 ex.
816 2570 872 2591 nos
892 2562 937 2591 ita

168 2608 304 2638 studiose
327 2615 453 2645 operam
477 2605 629 2635 dedimus.

238 2655 272 2682 ut
292 2669 329 2674 —
351 2652 461 2682 habere
482 2647 681 2691 auderemus]
708 2648 936 2680 observandus

173 2703 223 2728 est
244 2707 318 2726 usus
337 2693 537 2738 imperfecti.
573 2693 832 2736 Exspectabatur
848 2698 935 2724 ut—

171 2743 368 2781 audeamus3
406 2739 465 2771 sed
495 2738 530 2770 in
559 2745 707 2770 veterum
727 2738 937 2780 scriptorum,

171 2785 332 2828 imprimis
359 2784 544 2823 Ciceronis,
579 2795 672 2815 more
702 2783 845 2827 positum
876 2790 938 2822 est,

172 2835 210 2859 ut
234 2836 311 2871 post
333 2830 519 2872 perfectum
542 2829 640 2861 etiam
662 2828 695 2860 in
718 2828 758 2860 iis
782 2828 938 2860 enuntia-

172 2873 228 2912 tis,
253 2886 389 2916 quorum
402 2873 566 2906 sententia
579 2874 630 2906 vel
644 2874 687 2906 ad
700 2881 829 2917 tempus
842 2885 938 2916 prae-

174 2930 249 2950 sens
264 2919 418 2960 pertinet,
434 2919 488 2951 vel
504 2919 593 2951 omni
605 2926 756 2963 ternpore
770 2919 836 2951 vim
848 2930 938 2951 suam

175 2963 295 3001 habet,
333 2963 566 3006 imperfectum
596 2971 762 3009 sequatur.
825 2967 938 2997 Somn.

580 1456 730 1498 Malum
763 1458 855 1498 mihi
884 1458 1041 1499 videtur
1073 1472 1162 1499 esse
1193 1472 1315 1499 mors.

950 1383 1060 1439 Ergo
1082 1385 1136 1425 ita
1162 1391 1346 1425 nascetur
1369 1384 1592 1425 exordium.

1388 1458 1456 1500 M.
1499 1456 1606 1498 Iisne
1619 1489 1631 1508 ‚
1673 1455 1739 1512 qui

968 1566 1056 1610 Scip.
1082 1578 1108 1598 c.
1123 1566 1164 1600 3:
1191 1565 1352 1598 Homines
1374 1570 1445 1597 sunt
1467 1565 1531 1598 hac
1553 1564 1627 1608 lege
1646 1573 1738 1606 yene-

967 1615 1040 1652 rati,
1063 1612 1117 1655 qui
1137 1616 1293 1643 tuerentur
1311 1611 1402 1642 illum
1423 1611 1577 1654 globum:
1602 1608 1735 1653 imperf.

967 1661 1123 1689 tuerentur
1145 1657 1268 1687 indicat
1296 1656 1490 1698 consilium,
1533 1655 1622 1700 quod
1655 1655 1736 1687 deus

967 1708 1038 1733 tum
1070 1702 1203 1739 habuit,
1242 1713 1341 1744 quum
1373 1701 1521 1734 homines
1552 1700 1734 1744 generavit.

967 1749 1006 1779 V.
1033 1750 1170 1780 Kithner.
1195 1748 1270 1779 Lat.
1296 1747 1353 1778 Gr.
1377 1747 1526 1790 §.140a.
1549 1747 1631 1778 Not.
1644 1746 1675 1779 3.
1697 1745 1733 1788 b)

967 1805 999 1836 p.
1014 1792 1092 1826 360.
1107 1792 1157 1824 ed.
1173 1791 1203 1825 2.
1255 1793 1302 1823 De
1323 1803 1395 1823 voc.
1421 1794 1544 1824 scholas
1564 1792 1607 1824 cf.
1624 1794 1650 1834 ᾗ.
1667 1790 1700 1824 8.

1037 1853 1124 1881 tuum
1144 1853 1211 1889 post
1229 1848 1412 1891 discessum]
1439 1848 1515 1880 Seii.
1539 1848 1572 1880 in
1595 1847 1733 1891 provin-

971 1894 1053 1927 ciam
1088 1894 1228 1925 Galliam
1263 1893 1479 1936 Cisalpinam,
1517 1893 1568 1925 cui
1602 1894 1736 1925 Brutum

970 1951 1055 1972 anno
1069 1937 1123 1974 47.
1143 1952 1173 1971 a.
1192 1940 1268 1971 Chr.
1297 1939 1425 1978 Caesar,
1448 1939 1570 1971 bellum
1590 1938 1623 1970 in
1641 1939 1736 1971 Afri-

971 1998 1009 2017 ca
1027 1992 1142 2017 contra
1158 1985 1360 2028 Scipionem,
1385 1985 1546 2017 Catonem
1567 1990 1600 2016 et
1620 1984 1735 2017 Iubam

969 2037 1178 2074 suscepturus
1190 2056 1198 2070 ,
1224 2029 1398 2073 praefecit.

1038 2088 1223 2128 complures]
1248 2089 1353 2127 plures
1367 2086 1399 2118 vi
1417 2085 1642 2130 comparativa
1655 2086 1736 2130 poni

970 2132 1076 2168 solet,
1103 2139 1138 2162 ut
1160 2139 1326 2163 nostrum:
1352 2134 1438 2164 mehr
1461 2131 1641 2163 Menschen
1666 2132 1735 2170 :1153

968 2180 1142 2216 complures
1160 2184 1268 2208 autem
1287 2176 1358 2208 sine
1381 2176 1628 2219 comparatione
1650 2176 1738 2209 dici-

968 2229 1023 2253 tur
1045 2228 1158 2263 estque
1182 2229 1349 2252 nostrum:
1385 2224 1521 2254 mehrere
1542 2222 1734 2262 Menschen,

968 2267 990 2298 i.
1009 2278 1036 2297 e.
1058 2266 1216 2297 nonnulli.
1264 2267 1304 2300 V.
1320 2269 1418 2299 Kritz.
1439 2266 1482 2298 ad
1505 2267 1638 2299 Sallust.
1664 2268 1735 2301 Cat.

969 2313 1055 2343 XIX
1070 2336 1077 2349 ,
1100 2314 1131 2342 2.
1512 2329 1515 2334 ι

1037 2368 1293 2410 declamitabam]
1323 2366 1390 2399 Cic.
1416 2368 1506 2399 Brut.
1531 2366 1593 2401 90:
1631 2369 1736 2401 Com-

969 2413 1141 2445 mentabar
1161 2412 1378 2445 declamitans
1397 2412 1663 2456 (siceninrnunc
1678 2414 1736 2446 lo-

971 2460 1125 2502 quuntur)
1150 2470 1249 2501 saepe
1272 2478 1317 2482 -—
1341 2469 1417 2490 cnm
1437 2458 1548 2502 aliquo
1572 2459 1734 2502 quotidie,

969 2504 1002 2536 h.
1026 2516 1053 2536 e.
1077 2505 1305 2536 exercitationis
1332 2514 1446 2536 caussa
1467 2506 1621 2537 orationes
1643 2507 1736 2537 habe-

970 2552 1053 2581 bam.
1066 2551 1313 2581 —Declamatio
1335 2548 1576 2591 disputationes
1595 2549 1636 2581 de
1657 2550 1737 2593 phi-

970 2594 1134 2636 losophia.
1192 2596 1306 2626 Senilis
1336 2593 1476 2632 dicitur,
1510 2594 1585 2637 quia
1619 2595 1735 2627 eodem

970 2639 1103 2670 nomine
1123 2639 1352 2681 appellabatur
1371 2639 1564 2671 exercitatio
1583 2639 1657 2679 illa„
1674 2652 1737 2683 qua

970 2683 1080 2727 pueris
1119 2683 1151 2714 in
1186 2683 1270 2714 ludis
1303 2683 1380 2716 fieta
1412 2683 1575 2725 quaedam
1603 2684 1737 2727 θέματα

970 2727 1148 2772 praescribi
1170 2728 1342 2767 solebant,
1369 2727 1484 2771 quibus
1507 2728 1550 2760 ad
1573 2728 1735 2774 eloquen-

970 2773 1052 2805 tiam
1074 2773 1159 2803 viam
1181 2773 1242 2804 sibi
1265 2773 1440 2804 munirent.

1036 2827 1163 2872 ponere]
1187 2831 1302 2860 Ponere
1326 2827 1476 2872 (τιὲἲέναι)
1498 2830 1736 2872 quaestionem.

972 2874 1119 2905 Verbum
1139 2873 1173 2904 in
1196 2873 1259 2904 hac
1282 2885 1318 2905 re
1339 2873 1520 2917 proprium.
1570 2876 1660 2908 Infra
1675 2877 1736 2910 ΙΙΙ.

972 2919 1027 2960 22,
1052 2916 1107 2951 54.
1143 2918 1235 2949 Lael.
1250 2919 1290 2958 V,
1318 2919 1376 2953 17:
1403 2925 1439 2951 ut
1458 2919 1497 2951 iis
1516 2926 1672 2964 ponatur,
1696 2920 1738 2953 de

974 2975 1040 3008 quo
1064 2963 1244 3007 disputent.

1808 1355 1810 1358 .
1805 1302 1811 1316 ,Α
1804 1182 1811 1294 &manu-x
1806 1165 1808 1176 -
