1843 3101
163 28 243 73 ¹44
759 31 999 66 menan.
1026 27 1169 72 12‚29.

158 122 247 180 phi,
291 118 442 162 inventi
473 123 590 167 sunt,
631 114 696 170 qui
723 127 919 156 summum
951 111 1097 154 malum
1130 109 1307 152 dolorem
1335 107 1529 150 dicerent.
1594 106 1654 149 At
1685 113 1744 160 tu,

159 197 419 245 adolescens,
465 205 581 247 quum
611 190 648 231 id
670 188 739 230 tibi
763 187 893 243 paullo
920 194 1012 229 ante
1039 185 1211 227 dixisses
1238 182 1390 233 videri,
1432 187 1597 238 rogatus
1620 195 1644 224 a
1664 195 1746 234 me,

158 272 328 315 etiamne
359 268 484 310 maius
510 280 625 322 quam
655 264 854 314 dedecus,
895 261 1019 305 verbo
1055 261 1103 302 de
1130 258 1328 311 sententia
1365 255 1568 299 destitisti.
1627 255 1746 312 Rogo

157 347 232 388 hoc
267 346 369 386 idem
405 341 647 397 Epicurum,
688 338 812 379 maius
843 337 949 378 dicet
983 349 1072 378 esse
1106 334 1249 376 malum
1283 332 1521 374 mediocrem
1552 331 1746 384 dolorem,

157 435 269 477 quam
294 417 506 459 maximum
527 415 724 465 dedecus,
758 413 798 454 in
824 413 908 468 ipso
936 410 1039 453 enim
1063 409 1257 451 dedecore
1288 407 1380 449 mali
1401 406 1497 449 nihil
1520 420 1636 459 esse,
1670 406 1748 449 nisi

157 501 373 550 sequantur
396 491 570 532 dolores.
635 485 736 543 Quis
764 487 884 543 igitur
906 485 1122 542 Epicurum
1153 482 1331 538 sequitur
1356 481 1496 534 dolor,
1535 495 1653 537 quum
1674 480 1748 523 hoe

155 571 282 626 ipsum
313 567 428 618 dicit,
469 578 662 607 summum
697 562 841 604 malum
875 574 966 602 esse
1005 560 1211 600 dolorem?
1258 571 1334 612 quo
1367 556 1540 598 dedecus
1567 555 1695 597 maius
1724 569 1749 597 a

155 642 386 701 philosopho
414 640 560 682 nullum
585 645 792 694 exspecto.
857 635 991 690 Quare
1015 633 1111 675 satis
1135 632 1227 674 mihi
1252 630 1410 682 dedisti,
1444 644 1563 686 quum
1583 643 1751 685 respon-

159 719 277 770 disti,
312 716 438 758 maius
462 715 530 756 tibi
552 713 677 755 videri
700 712 868 762 malum,
903 709 1074 751 dedecus
1090 739 1101 759 ,
1136 721 1249 762 quam
1273 706 1466 747 dolorem.
1511 704 1600 747 Hoc
1620 705 1750 762 ipsum

156 794 261 837 enim
293 792 326 834 si
354 790 530 841 tenebis,
578 788 776 842 intelliges
796 818 806 837 ,
851 800 964 840 quam
993 784 1044 825 sit
1072 781 1341 823 obsistendum
1368 779 1516 832 dolori,
1562 793 1636 822 nec
1669 786 1749 821 tam

155 867 424 925 quaerendum
446 871 506 906 est
525 897 535 917 ,
577 863 690 904 dolor
713 861 909 902 malumne
936 860 1011 909 sit,
1053 871 1167 912 quam
1195 855 1406 897 firmandus
1432 854 1595 916 animus*
1608 854 1657 896 ad
1679 854 1749 895 do-

153 945 278 986 lorem
311 940 531 982 serendum.
605 942 675 978 29.
723 933 976 976 Concludunt
1006 930 1250 972 ratiunculas
1285 928 1437 980 Stoici,
1480 943 1551 971 cur
1585 943 1665 970 non
1696 928 1750 970 sit

154 1019 322 1068 malum,
365 1014 475 1070 quasi
500 1013 546 1053 dc
572 1010 723 1061 verbo,
758 1024 835 1050 nou
863 1008 910 1048 de
934 1021 976 1048 re
1002 1006 1219 1047 laboretur.
1255 1028 1311 1034 —
1362 1001 1468 1058 Quid
1492 1016 1555 1044 me
1579 1001 1744 1059 decipis,
1813 993 1815 995 ¹

155 1092 298 1135 Zeno?
341 1088 446 1130 Nam
469 1101 585 1142 quum
614 1075 676 1135 id,
721 1083 822 1138 quod
855 1082 945 1122 mihi
974 1080 1160 1123 horribile
1182 1079 1365 1130 videtur,
1409 1084 1449 1120 tu
1477 1077 1638 1119 omnino
1663 1090 1748 1119 ma-

153 1169 232 1210 lum
256 1178 379 1220 negas
413 1176 527 1213 esse,
573 1160 708 1216 capior
735 1166 773 1199 et
796 1157 900 1199 scire
925 1157 1063 1212 cupio,
1105 1169 1181 1210 quo
1205 1153 1321 1195 modo
1339 1153 1401 1203 id,
1446 1152 1549 1209 quod
1572 1165 1647 1208 ego
1675 1150 1748 1193 mi-

153 1242 363 1285 serrimum
396 1237 647 1287 existimem,
696 1248 745 1275 ne
776 1233 919 1274 malum
951 1231 1105 1286 quidem
1137 1229 1203 1270 sit.
1238 1252 1294 1259 —
1334 1226 1446 1269 Nihil
1473 1234 1559 1279 est,
1600 1226 1745 1283 inquit,

154 1374 233 1396 nere
251 1373 318 1394 non
337 1365 490 1404 poterat;
516 1363 551 1389 at
568 1367 648 1388 vero
668 1355 765 1391 bona,
787 1352 871 1385 mala
888 1371 933 1377 ——-
968 1351 1160 1383 Svutentia:
1181 1349 1283 1382 Dolor
1295 1348 1430 1393 quidem
1441 1347 1630 1392 Epicurum,
1646 1358 1747 1392 quum

154 1415 300 1454 poterat.
350 1405 402 1437 Sic
429 1404 525 1436 Ollic.
551 1404 590 1434 ΙΙ.
621 1403 657 1439 1,
683 1402 722 1434 3:
751 1399 826 1431 illae
849 1401 933 1431 scili·
968 1398 1062 1435 dic-ir,
1085 1408 1249 1428 summum
1268 1395 1391 1427 malum
1409 1406 1482 1427 esse
1498 1393 1666 1436 dolorem,
1689 1404 1746 1426 se-

154 1459 199 1488 cel
223 1455 354 1486 litterae
387 1450 617 1483 conticuerunt
643 1448 792 1479 forenses
821 1453 853 1477 et
875 1456 930 1476 se-

153 1500 314 1534 natoriae.

226 1547 304 1578 CAP.
327 1544 407 1576 ΧΠ.
428 1544 483 1575 ’.ὶδ-
519 1542 628 1581 paullo
650 1543 720 1570 ante
764 1537 792 1579 6.
811 1534 860 1568 Η.

221 1590 329 1633 verbo]
366 1590 406 1621 Η.
426 1600 453 1620 e.
478 1587 524 1619 uti
549 1585 693 1629 explicat
714 1585 873 1616 Erneslius
897 1581 930 1613 iu

155 1638 247 1671 Clnv.
274 1637 427 1669 ciceron.
451 1634 483 1665 h.
503 1645 544 1670 v..
571 1630 683 1675 paucis
707 1629 850 1662 monitus
876 1629 929 1660 fa-

155 1684 216 1717 cile
239 1681 376 1716 cessisti.
417 1680 468 1711 Cf.
491 1691 590 1722 supra
612 1678 642 1715 ἶ),
667 1676 726 1708 14:
753 1687 805 1706 me
828 1674 930 1716 pudet

152 1738 223 1763 tam
260 1729 327 1761 cito
363 1727 405 1759 de
438 1723 606 1757 sententia
646 1733 717 1753 esse
752 1720 929 1752 deiectum.

153 1778 218 1809 Pro
242 1778 279 1808 de
303 1778 379 1806 seul.
410 1774 555 1804 desistere
586 1768 686 1800 etiam
715 1766 836 1798 dicitur
862 1777 931 1798 sen-

153 1826 249 1855 tentia
281 1823 364 1860 des,
400 1817 447 1850 uti
481 1815 546 1848 off.
568 1816 627 1847 Ill.
652 1815 695 1855 ζὶ,
725 1813 781 1845 15:
822 1813 931 1852 Quum

153 1876 229 1900 suut
254 1866 345 1899 docti
371 1877 390 1897 a
414 1862 540 1908 pexitis,
565 1863 715 1894 desistunt
739 1857 837 1891 facile
861 1868 931 1890 sen-

152 1918 259 1947 tentia.

224 1961 309 1999 Royo
340 1959 396 1990 hoc
426 1953 524 1997 idem]
559 1954 665 1995 Saepe
694 1949 930 1982 enuntiationis

154 2003 388 2038 conditionalis
407 2001 482 2033 loco
502 1998 643 2041 simplex
663 1996 849 2029 enuntiatio
870 2007 930 2039 po—

153 2051 255 2084 nitur.
305 2050 347 2081 N.
372 2049 409 2079 D.
430 2048 461 2085 1,
487 2047 550 2077 21:
579 2044 687 2086 Rogcs
709 2054 771 2078 mcv
799 2042 930 2085 qualem

153 2097 292 2129 deorum
315 2102 467 2126 naturam
488 2102 558 2122 esse
581 2089 720 2126 ducum;
747 2088 828 2119 uiliil
856 2088 929 2119 sor-

154 2149 243 2175 tasse
267 2138 500 2184 respoudeam.
559 2137 726 2175 Quaeras,
759 2140 929 2176 putemne,

152 2188 255 2221 talem
278 2197 370 2223 esse,
406 2182 510 2227 qualis
532 2181 634 2213 modo
658 2194 675 2212 a
701 2187 734 2211 te
756 2180 799 2211 sit
821 2190 930 2222 expo—

152 2234 236 2272 sita:
279 2232 362 2264 nihil
399 2229 507 2261 dicam
548 2226 627 2259 mihi
669 2225 775 2257 videri
811 2225 928 2256 miuus.

151 2280 246 2313 Infra
269 2280 310 2311 11.
333 2274 396 2315 24,
423 2276 484 2308 55:
511 2273 558 2305 ira
583 2271 789 2310 exardescit,
825 2269 929 2302 libido

153 2325 359 2361 concitatum
384 2322 418 2353 in
439 2318 578 2352 eandem
599 2329 709 2350 arcem
730 2315 930 2358 confugien-

153 2372 233 2405 dum
259 2377 320 2403 est.
367 2368 427 2400 III.
449 2364 514 2404 24,
541 2364 596 2397 ὁΤ-
646 2364 694 2395 De
732 2368 930 2406 paupertate

152 2418 283 2462 agitur3
320 2412 416 2446 multi
450 2409 616 2455 patientes
638 2420 799 2452 pauperes
833 2418 930 2439 com-

151 2469 391 2497 memorantur.
450 2458 491 2490 V.
514 2466 574 2487 nos
597 2455 630 2486 in
658 2455 716 2486 Gr.
741 2455 778 2486 L.
805 2453 833 2495 gi.
854 2450 928 2485 154.

153 2511 237 2543 Not.
256 2509 312 2541 22.
336 2518 368 2550 p.
385 2501 462 2538 4¹25.
486 2500 540 2534 ed.
557 2504 589 2533 2.
647 2498 855 2532 Monendnrn
879 2505 928 2529 est

153 2562 276 2594 autem,
298 2554 385 2586 hanc
400 2547 535 2582 dicendi
547 2546 711 2579 rationem
728 2544 833 2576 multo
848 2555 926 2586 gra-

152 2601 281 2634 viorem
298 2610 369 2631 esse
384 2603 484 2639 atque
499 2593 602 2637 magis
617 2591 807 2627 oratoiw'am,
829 2600 928 2632 quam

152 2647 333 2690 vulgarem.
368 2640 567 2686 Saepissime
580 2639 626 2670 ita
638 2635 854 2679 imperativus
866 2646 928 2678 po-

153 2692 262 2731 nitur,
288 2695 449 2734 sequente
471 2686 604 2723 futuro,
629 2689 666 2716 ut
687 2682 775 2714 infra
797 2682 855 2712 JV.
871 2683 927 2719 24,

153 2738 216 2772 53:
241 2740 383 2778 „Tracta
400 2731 608 2766 definitiones
624 2726 830 2762 fortitudinis
844 2751 852 2766 ‚
878 2729 928 2758 in-

152 2786 270 2825 telliyes
292 2794 364 2815 eam
388 2778 562 2813 stomacho
593 2787 659 2808 non
687 2777 810 2823 egere“
842 2783 924 2814 pro:

152 2828 180 2859 si
202 2827 399 2861 tractaveris
422 2845 486 2864 —,
509 2822 686 2865 intelliges.
705 2821 769 2853 54:
794 2820 927 2851 Remove

152 2874 442 2915 perturbationes,
464 2891 511 2895 —
531 2869 598 2902 iam
616 2869 803 2901 videbuntur
825 2875 927 2896 mon-

153 2925 222 2951 stra
243 2919 364 2952 dicere.
388 2916 484 2951 1bid.-
497 2918 674 2954 ammove,
696 2913 817 2945 senties.

219 2967 290 3007 quis
321 2967 418 3006 iyitur
446 2964 621 3005 Epicurum
651 2960 791 3001 sequitur
820 2955 925 2998 dolor]

968 1444 1080 1487 quitur
1118 1442 1226 1474 nullus
1242 1467 1250 1482 ‚
1295 1447 1328 1473 at
1368 1440 1513 1473 dedecus
1554 1439 1747 1472 maximum.

967 1491 1056 1531 Ergo
1079 1500 1118 1520 ex
1142 1487 1273 1531 Epicuri
1297 1486 1428 1519 ratione
1458 1486 1538 1519 licet
1566 1485 1747 1518 maximum

967 1536 1027 1567 sibi
1063 1534 1260 1567 contrahere
1286 1532 1453 1571 dedecus,
1490 1543 1554 1565 nec
1574 1539 1687 1565 tamen
1711 1530 1747 1564 in

967 1593 1007 1613 ρο
1023 1589 1071 1613 est
1091 1580 1223 1617 mulum,
1243 1579 1304 1611 nisi
1323 1578 1457 1611 dolores
1473 1584 1666 1622 sequuntur.
1694 1577 1746 1610 De

966 1627 1134 1659 locutione
1160 1628 1249 1658 dolor
1271 1635 1319 1656 me
1344 1627 1483 1665 sequitur
1506 1635 1590 1668 pro:
1625 1635 1690 1668 ego
1711 1622 1747 1656 in

967 1673 1116 1705 dolorem
1139 1671 1261 1710 incido,
1287 1671 1331 1702 cf.
1346 1670 1417 1702 Fiu.
1436 1671 1461 1702 I.
1480 1669 1609 1709 10,32:
1634 1678 1747 1703 conse-

964 1723 1102 1760 quuntur
1121 1720 1230 1757 rnaqm'
1245 1718 1366 1749 dolores
1384 1726 1444 1757 eos,
1468 1716 1523 1759 qui
1539 1715 1668 1748 ratione
1684 1725 1746 1748 νο-

966 1765 1128 1808 luptatem
1146 1762 1238 1807 sequi
1252 1761 1413 1794 nesciunt.
1451 1762 1546 1794 Verr.
1558 1760 1742 1806 V.§.189:

966 1817 1002 1841 ut
1039 1813 1072 1843 C.
1097 1813 1221 1842 Verrem
1238 1828 1282 1832 —
1302 1809 1418 1848 eliyrius
1448 1809 1551 1839 exitus
1580 1805 1743 1840 eiusmodi

964 1856 1032 1888 vita
1057 1859 1274 1897 consequatur.
1297 1853 1340 1885 de
1358 1855 1413 1885 Or.
1430 1853 1488 1885 ΠΙ.
1505 1851 1548 1892 3,
1573 1854 1615 1886 ὃς
1641 1855 1664 1885 ii
1685 1858 1743 1887 ta—

965 1914 1041 1934 men
1065 1903 1292 1942 rempublicam
1316 1909 1409 1932 casus
1432 1901 1530 1931 secuti
1550 1902 1633 1931 sunt.

1034 1948 1089 1981 2¹).
1117 1948 1313 1980 Concludunt
1330 1943 1542 1989 ratiunculas]
1558 1944 1600 1976 H.
1612 1955 1639 1976 e.
1657 1954 1742 1976 con-

967 1993 1134 2026 cludendo
1165 1992 1317 2025 efficiunt
1348 1989 1562 2023 ratiunculas.
1619 1989 1673 2022 Cf.
1698 1988 1743 2022 de

967 2039 1078 2072 Dirin.
1106 2041 1131 2080 l,
1157 2039 1219 2072 32:
1249 2036 1426 2080 Cratippus
1455 2035 1544 2068 solet
1576 2035 1743 2068 rationem

966 2085 1167 2118 concludere
1189 2084 1254 2117 hoe
1274 2083 1386 2116 modo.
1423 2083 1555 2114 Orator.
1574 2080 1631 2123 35,
1654 2082 1739 2115 122:

964 2130 1270 2174 argumentationes
1289 2127 1500 2162 concludere.
1515 2126 1562 2160 ib.
1582 2124 1638 2167 40,
1656 2126 1740 2161 137:

965 2184 1194 2220 argumentum
1218 2175 1349 2208 ratione
1367 2173 1578 2207 concludere.
1623 2172 1697 2205 Fin.
1714 2173 1742 2206 I.

965 2224 1007 2261 9,
1033 2224 1093 2256 :501
1134 2221 1449 2263 conclusionemque
1479 2217 1619 2251 rationis
1649 2218 1684 2263 (i.
1708 2229 1739 2251 e.

965 2268 1196 2312 syllogismum
1212 2274 1245 2299 et
1259 2263 1584 2309 argumentationem
1598 2263 1740 2309 persyl-

965 2310 1125 2357 logismos
1148 2311 1415 2356 procedentem).

1034 2361 1126 2400 quasi
1148 2360 1188 2391 de
1210 2360 1322 2398 verbo,
1357 2367 1419 2389 non
1446 2357 1484 2389 de
1511 2366 1544 2389 re
1565 2354 1738 2400 laboretur]

966 2406 1006 2438 V.
1029 2404 1072 2437 ad
1094 2406 1152 2438 ΙΙΙ.
1180 2404 1240 2441 Ῑὸ,
1267 2402 1322 2436 40.

1033 2450 1157 2494 capior]
1195 2450 1237 2481 H.
1257 2460 1286 2480 e.
1319 2446 1469 2487 allicior,
1508 2445 1558 2479 rei
1587 2444 1741 2479 novitate

962 2496 1105 2529 afficior.
1157 2495 1208 2527 Cf.
1234 2495 1274 2526 V.
1301 2494 1362 2533 10,
1387 2493 1442 2526 ’λδ-

1031 2544 1115 2574 Nihil
1140 2545 1203 2581 esl,
1225 2542 1347 2581 inquil,
1370 2538 1508 2580 malum]
1540 2538 1644 2578 Inquit
1666 2535 1738 2569 scil.

962 2587 1180 2619 adversarius.
1228 2586 1270 2617 V.
1296 2584 1339 2616 ad
1360 2585 1385 2616 Ι.
1410 2581 1476 2622 39,
1501 2581 1555 2616 93.

1031 2635 1174 2672 doleam,
1199 2641 1293 2664 necne
1324 2627 1464 2673 doleam]
1487 2629 1650 2661 Ernestius
1674 2627 1738 2660 de-

961 2678 1044 2710 levit
1062 2678 1204 2710 alterum
1224 2678 1366 2714 doleam,
1391 2681 1424 2706 et
1445 2680 1562 2706 contra
1582 2673 1738 2707 codicum

962 2724 1082 2762 fidem,
1118 2731 1152 2755 et
1173 2729 1288 2754 contra
1314 2718 1590 2753 consuetudinem
1608 2719 1741 2753 cicero-

963 2770 1106 2801 nianam.
1126 2768 1234 2800 Divin.
1253 2769 1278 2807 1,
1302 2766 1364 2800 39:
1391 2768 1459 2808 fiat,
1482 2776 1588 2798 necne
1607 2767 1677 2807 fiat,
1703 2764 1741 2798 id

961 2815 1141 2860 quaeritur.
1187 2814 1229 2845 N.
1254 2814 1292 2845 D.
1314 2813 1351 2852 1,
1385 2813 1452 2845 22:
1491 2810 1670 2853 Quaeritur
1692 2829 1740 2837 —

959 2865 1058 2895 sintne
1081 2860 1138 2900 dii,
1163 2870 1268 2892 necne
1290 2861 1363 2891 sint.
1408 2858 1468 2899 111,
1489 2857 1528 2892 7:
1554 2856 1602 2891 dii
1623 2863 1735 2891 utrum

959 2911 1042 2948 sint,
1064 2917 1170 2939 necne
1194 2908 1275 2946 sint,
1300 2903 1480 2948 quaeritur.

1027 2955 1198 2996 Nunquam
1232 2950 1417 2995 quicquam]
1465 2948 1546 2983 Scit.
1582 2947 1736 2984 interest·
1764 2974 1769 2978 .
