<?xml version="1.0" encoding="UTF-8"?>
<!DOCTYPE html PUBLIC "-//W3C//DTD XHTML 1.0 Transitional//EN"
    "http://www.w3.org/TR/xhtml1/DTD/xhtml1-transitional.dtd">
<html xmlns="http://www.w3.org/1999/xhtml" xml:lang="en" lang="en">
 <head>
  <title>
</title>
<meta http-equiv="Content-Type" content="text/html;charset=utf-8" />
  <meta name='ocr-system' content='tesseract 3.04.00' />
  <meta name='ocr-capabilities' content='ocr_page ocr_carea ocr_par ocr_line ocrx_word'/>
</head>
<body>
  <div class='ocr_page' id='page_1' title='image "./tusculanarumdi00ciceuoft_0104.png"; bbox 0 0 1827 3133; ppageno 0'>
   <div class='ocr_carea' id='block_1_1' title="bbox 171 63 228 108">
    <p class='ocr_par' dir='ltr' id='par_1_1' title="bbox 171 63 228 108">
     <span class='ocr_line' id='line_1_1' title="bbox 171 63 228 108; baseline 0.018 -1"><span class='ocrx_word' id='word_1_1' title='bbox 171 63 228 108; x_wconf 83' lang='lat'><strong>94</strong></span> 
     </span>
    </p>
   </div>
   <div class='ocr_carea' id='block_1_2' title="bbox 170 156 1753 283">
    <p class='ocr_par' dir='ltr' id='par_1_2' title="bbox 170 156 1753 283">
     <span class='ocr_line' id='line_1_2' title="bbox 171 156 1753 213; baseline 0.003 -17"><span class='ocrx_word' id='word_1_2' title='bbox 171 157 274 197; x_wconf 90' lang='lat' dir='ltr'><strong>enim</strong></span> <span class='ocrx_word' id='word_1_3' title='bbox 298 163 426 199; x_wconf 73' lang='lat' dir='ltr'><strong>aetas.</strong></span> <span class='ocrx_word' id='word_1_4' title='bbox 490 156 664 198; x_wconf 84' lang='lat' dir='ltr'><strong>Tantum</strong></span> <span class='ocrx_word' id='word_1_5' title='bbox 689 162 822 196; x_wconf 80' lang='lat' dir='ltr'><strong>autem</strong></span> <span class='ocrx_word' id='word_1_6' title='bbox 845 156 959 198; x_wconf 83' lang='lat' dir='ltr'><strong>abest</strong></span> <span class='ocrx_word' id='word_1_7' title='bbox 981 157 1030 198; x_wconf 80' lang='lat' dir='ltr'><strong>ab</strong></span> <span class='ocrx_word' id='word_1_8' title='bbox 1050 170 1124 209; x_wconf 90' lang='lat' dir='ltr'><strong>eo,</strong></span> <span class='ocrx_word' id='word_1_9' title='bbox 1166 164 1210 198; x_wconf 90' lang='lat' dir='ltr'><strong>ut</strong></span> <span class='ocrx_word' id='word_1_10' title='bbox 1231 157 1375 198; x_wconf 85' lang='lat' dir='ltr'><strong>malum</strong></span> <span class='ocrx_word' id='word_1_11' title='bbox 1395 169 1504 198; x_wconf 88' lang='lat' dir='ltr'><strong>mors</strong></span> <span class='ocrx_word' id='word_1_12' title='bbox 1527 156 1607 210; x_wconf 87' lang='lat' dir='ltr'><strong>sit,</strong></span> <span class='ocrx_word' id='word_1_13' title='bbox 1648 158 1753 213; x_wconf 85' lang='lat' dir='ltr'><strong>quod</strong></span> 
     </span>
     <span class='ocr_line' id='line_1_3' title="bbox 170 230 1752 283; baseline 0.001 -11"><span class='ocrx_word' id='word_1_14' title='bbox 170 230 240 272; x_wconf 86' lang='lat' dir='ltr'><strong>tibi</strong></span> <span class='ocrx_word' id='word_1_15' title='bbox 261 231 402 272; x_wconf 88' lang='lat' dir='ltr'><strong>dudum</strong></span> <span class='ocrx_word' id='word_1_16' title='bbox 423 231 631 273; x_wconf 85' lang='lat' dir='ltr'><strong>videbatur</strong></span> <span class='ocrx_word' id='word_1_17' title='bbox 645 262 656 281; x_wconf 91' lang='lat'><strong>,</strong></span> <span class='ocrx_word' id='word_1_18' title='bbox 691 237 733 270; x_wconf 89' lang='lat' dir='ltr'><strong>ut</strong></span> <span class='ocrx_word' id='word_1_19' title='bbox 754 244 922 283; x_wconf 82' lang='lat' dir='ltr'><strong>verear,</strong></span> <span class='ocrx_word' id='word_1_20' title='bbox 955 245 1005 273; x_wconf 91' lang='lat' dir='ltr'><strong>ne</strong></span> <span class='ocrx_word' id='word_1_21' title='bbox 1030 231 1175 272; x_wconf 89' lang='lat' dir='ltr'><strong>homini</strong></span> <span class='ocrx_word' id='word_1_22' title='bbox 1199 230 1295 272; x_wconf 87' lang='lat' dir='ltr'><strong>nihil</strong></span> <span class='ocrx_word' id='word_1_23' title='bbox 1313 231 1365 272; x_wconf 88' lang='lat' dir='ltr'><strong>sit</strong></span> <span class='ocrx_word' id='word_1_24' title='bbox 1382 245 1462 272; x_wconf 88' lang='lat' dir='ltr'><strong>non</strong></span> <span class='ocrx_word' id='word_1_25' title='bbox 1482 230 1625 273; x_wconf 84' lang='lat' dir='ltr'><strong>malum</strong></span> <span class='ocrx_word' id='word_1_26' title='bbox 1646 232 1752 274; x_wconf 86' lang='lat' dir='ltr'><strong>aliud</strong></span> 
     </span>
    </p>
   </div>
   <div class='ocr_carea' id='block_1_3' title="bbox 772 73 1161 116">
    <p class='ocr_par' dir='ltr' id='par_1_3' title="bbox 772 73 1161 116">
     <span class='ocr_line' id='line_1_4' title="bbox 772 73 1161 116; baseline 0 -8"><span class='ocrx_word' id='word_1_27' title='bbox 772 75 994 109; x_wconf 85' lang='lat' dir='ltr'><strong>LIBERI.</strong></span> <span class='ocrx_word' id='word_1_28' title='bbox 1017 73 1081 116; x_wconf 87' lang='grc'><strong>31,</strong></span> <span class='ocrx_word' id='word_1_29' title='bbox 1104 73 1161 110; x_wconf 90' lang='grc'><strong>77.</strong></span> 
     </span>
    </p>
   </div>
   <div class='ocr_carea' id='block_1_4' title="bbox 170 304 1749 509">
    <p class='ocr_par' dir='ltr' id='par_1_4' title="bbox 170 304 1749 509">
     <span class='ocr_line' id='line_1_5' title="bbox 170 304 1748 361; baseline 0.001 -15"><span class='ocrx_word' id='word_1_30' title='bbox 170 312 304 356; x_wconf 87' lang='lat' dir='ltr'><strong>certe,</strong></span> <span class='ocrx_word' id='word_1_31' title='bbox 337 306 406 347; x_wconf 87' lang='lat' dir='ltr'><strong>sed</strong></span> <span class='ocrx_word' id='word_1_32' title='bbox 432 306 525 346; x_wconf 89' lang='lat' dir='ltr'><strong>nihil</strong></span> <span class='ocrx_word' id='word_1_33' title='bbox 549 305 694 346; x_wconf 92' lang='lat' dir='ltr'><strong>bonum</strong></span> <span class='ocrx_word' id='word_1_34' title='bbox 717 305 820 346; x_wconf 87' lang='lat' dir='ltr'><strong>aliud</strong></span> <span class='ocrx_word' id='word_1_35' title='bbox 845 305 995 361; x_wconf 90' lang='lat' dir='ltr'><strong>potius,</strong></span> <span class='ocrx_word' id='word_1_36' title='bbox 1039 305 1071 347; x_wconf 93' lang='lat' dir='ltr'><strong>si</strong></span> <span class='ocrx_word' id='word_1_37' title='bbox 1096 306 1249 361; x_wconf 87' lang='lat' dir='ltr'><strong>quidem</strong></span> <span class='ocrx_word' id='word_1_38' title='bbox 1275 305 1340 346; x_wconf 91' lang='lat' dir='ltr'><strong>vel</strong></span> <span class='ocrx_word' id='word_1_39' title='bbox 1362 305 1415 346; x_wconf 90' lang='lat' dir='ltr'><strong>dii</strong></span> <span class='ocrx_word' id='word_1_40' title='bbox 1435 304 1536 360; x_wconf 80' lang='lat' dir='ltr'><strong>ipsi,</strong></span> <span class='ocrx_word' id='word_1_41' title='bbox 1575 305 1642 348; x_wconf 84' lang='lat' dir='ltr'><strong>vel</strong></span> <span class='ocrx_word' id='word_1_42' title='bbox 1660 320 1748 347; x_wconf 89' lang='lat' dir='ltr'><strong>cum</strong></span> 
     </span>
     <span class='ocr_line' id='line_1_6' title="bbox 619 378 1748 435; baseline 0.002 -15"><span class='ocrx_word' id='word_1_43' title='bbox 619 380 676 420; x_wconf 80' lang='lat' dir='ltr'><strong>A.</strong></span> <span class='ocrx_word' id='word_1_44' title='bbox 709 378 812 434; x_wconf 79' lang='lat' dir='ltr'><strong>Quid</strong></span> <span class='ocrx_word' id='word_1_45' title='bbox 832 380 985 421; x_wconf 79' lang='lat' dir='ltr'>refert?</span> <span class='ocrx_word' id='word_1_46' title='bbox 1026 380 1092 421; x_wconf 86' lang='lat' dir='ltr'><strong>M.</strong></span> <span class='ocrx_word' id='word_1_47' title='bbox 1119 379 1278 420; x_wconf 83' lang='lat' dir='ltr'><strong>Adsunt</strong></span> <span class='ocrx_word' id='word_1_48' title='bbox 1301 379 1428 432; x_wconf 93' lang='lat' dir='ltr'><strong>enim,</strong></span> <span class='ocrx_word' id='word_1_49' title='bbox 1461 379 1526 435; x_wconf 93' lang='lat' dir='ltr'><strong>qui</strong></span> <span class='ocrx_word' id='word_1_50' title='bbox 1549 380 1647 422; x_wconf 89' lang='lat' dir='ltr'><strong>haec</strong></span> <span class='ocrx_word' id='word_1_51' title='bbox 1667 394 1748 422; x_wconf 85' lang='lat' dir='ltr'><strong>non</strong></span> 
     </span>
     <span class='ocr_line' id='line_1_7' title="bbox 409 453 1749 509; baseline 0.003 -15"><span class='ocrx_word' id='word_1_52' title='bbox 409 453 499 509; x_wconf 81' lang='lat' dir='ltr'><strong>Ego</strong></span> <span class='ocrx_word' id='word_1_53' title='bbox 528 461 658 496; x_wconf 86' lang='lat' dir='ltr'><strong>autem</strong></span> <span class='ocrx_word' id='word_1_54' title='bbox 683 468 877 509; x_wconf 85' lang='lat' dir='ltr'><strong>nunquam</strong></span> <span class='ocrx_word' id='word_1_55' title='bbox 903 455 956 495; x_wconf 90' lang='lat' dir='ltr'><strong>ita</strong></span> <span class='ocrx_word' id='word_1_56' title='bbox 983 462 1020 496; x_wconf 89' lang='lat' dir='ltr'><strong>te</strong></span> <span class='ocrx_word' id='word_1_57' title='bbox 1044 454 1083 495; x_wconf 93' lang='lat' dir='ltr'><strong>in</strong></span> <span class='ocrx_word' id='word_1_58' title='bbox 1110 453 1182 495; x_wconf 86' lang='lat' dir='ltr'><strong>hoc</strong></span> <span class='ocrx_word' id='word_1_59' title='bbox 1206 467 1390 495; x_wconf 82' lang='lat' dir='ltr'>sermone</span> <span class='ocrx_word' id='word_1_60' title='bbox 1412 454 1627 507; x_wconf 80' lang='lat' dir='ltr'><strong>dimittam,</strong></span> <span class='ocrx_word' id='word_1_61' title='bbox 1668 455 1749 498; x_wconf 84' lang='lat' dir='ltr'><strong>ulla</strong></span> 
     </span>
    </p>
   </div>
   <div class='ocr_carea' id='block_1_5' title="bbox 168 526 1752 659">
    <p class='ocr_par' dir='ltr' id='par_1_5' title="bbox 168 526 1752 659">
     <span class='ocr_line' id='line_1_8' title="bbox 1260 526 1748 585; baseline 0.002 -15"><span class='ocrx_word' id='word_1_62' title='bbox 1260 533 1330 570; x_wconf 84' lang='grc'><strong>77.</strong></span> <span class='ocrx_word' id='word_1_63' title='bbox 1375 526 1432 568; x_wconf 90' lang='grc' dir='ltr'><strong>Α.</strong></span> <span class='ocrx_word' id='word_1_64' title='bbox 1480 526 1562 582; x_wconf 78' lang='lat' dir='ltr'><strong>Qui</strong></span> <span class='ocrx_word' id='word_1_65' title='bbox 1601 536 1748 585; x_wconf 88' lang='lat' dir='ltr'><strong>potest,</strong></span> 
     </span>
     <span class='ocr_line' id='line_1_9' title="bbox 168 599 1752 659; baseline 0.002 -16"><span class='ocrx_word' id='word_1_66' title='bbox 168 618 283 658; x_wconf 86' lang='lat' dir='ltr'><strong>quum</strong></span> <span class='ocrx_word' id='word_1_67' title='bbox 313 603 389 644; x_wconf 84' lang='lat' dir='ltr'><strong>ista</strong></span> <span class='ocrx_word' id='word_1_68' title='bbox 423 604 708 658; x_wconf 79' lang='lat' dir='ltr'><strong>cognoverim?</strong></span> <span class='ocrx_word' id='word_1_69' title='bbox 755 603 822 644; x_wconf 81' lang='lat' dir='ltr'><strong>M.</strong></span> <span class='ocrx_word' id='word_1_70' title='bbox 859 601 940 657; x_wconf 81' lang='lat' dir='ltr'><strong>Qui</strong></span> <span class='ocrx_word' id='word_1_71' title='bbox 970 603 1115 659; x_wconf 86' lang='lat' dir='ltr'><strong>possit,</strong></span> <span class='ocrx_word' id='word_1_72' title='bbox 1159 603 1310 658; x_wconf 82' lang='lat' dir='ltr'><strong>rogas?</strong></span> <span class='ocrx_word' id='word_1_73' title='bbox 1355 599 1554 644; x_wconf 87' lang='lat' dir='ltr'><strong>Catervae</strong></span> <span class='ocrx_word' id='word_1_74' title='bbox 1585 604 1752 646; x_wconf 81' lang='lat' dir='ltr'><strong>veniunt</strong></span> 
     </span>
    </p>
   </div>
   <div class='ocr_carea' id='block_1_6' title="bbox 166 379 1185 583">
    <p class='ocr_par' dir='ltr' id='par_1_6' title="bbox 166 379 1185 583">
     <span class='ocr_line' id='line_1_10' title="bbox 169 379 556 421; baseline 0 -1"><span class='ocrx_word' id='word_1_75' title='bbox 169 380 243 421; x_wconf 90' lang='lat' dir='ltr'><strong>diis</strong></span> <span class='ocrx_word' id='word_1_76' title='bbox 266 379 384 420; x_wconf 85' lang='lat' dir='ltr'><strong>l&#39;uturi</strong></span> <span class='ocrx_word' id='word_1_77' title='bbox 408 394 556 420; x_wconf 84' lang='lat' dir='ltr'><strong>sumus.</strong></span> 
     </span>
     <span class='ocr_line' id='line_1_11' title="bbox 166 454 348 510; baseline -0.005 -15"><span class='ocrx_word' id='word_1_78' title='bbox 166 454 348 510; x_wconf 89' lang='lat' dir='ltr'><strong>probent.</strong></span> 
     </span>
     <span class='ocr_line' id='line_1_12' title="bbox 166 528 1185 583; baseline 0.001 -15"><span class='ocrx_word' id='word_1_79' title='bbox 166 529 222 569; x_wconf 87' lang='lat' dir='ltr'><strong>uti</strong></span> <span class='ocrx_word' id='word_1_80' title='bbox 253 528 407 569; x_wconf 85' lang='lat' dir='ltr'><strong>ratione</strong></span> <span class='ocrx_word' id='word_1_81' title='bbox 447 543 554 570; x_wconf 87' lang='lat' dir='ltr'><strong>mors</strong></span> <span class='ocrx_word' id='word_1_82' title='bbox 596 529 663 570; x_wconf 87' lang='lat' dir='ltr'><strong>tibi</strong></span> <span class='ocrx_word' id='word_1_83' title='bbox 706 529 831 570; x_wconf 89' lang='lat' dir='ltr'><strong>videri</strong></span> <span class='ocrx_word' id='word_1_84' title='bbox 863 529 1006 570; x_wconf 87' lang='lat' dir='ltr'><strong>malum</strong></span> <span class='ocrx_word' id='word_1_85' title='bbox 1047 529 1185 583; x_wconf 88' lang='lat' dir='ltr'><strong>possit.</strong></span> 
     </span>
    </p>
   </div>
   <div class='ocr_carea' id='block_1_7' title="bbox 163 677 1752 1031">
    <p class='ocr_par' dir='ltr' id='par_1_7' title="bbox 163 677 1752 1031">
     <span class='ocr_line' id='line_1_13' title="bbox 166 677 1751 734; baseline 0.001 -16"><span class='ocrx_word' id='word_1_86' title='bbox 166 685 303 719; x_wconf 82' lang='lat' dir='ltr'><strong>contra</strong></span> <span class='ocrx_word' id='word_1_87' title='bbox 326 679 535 720; x_wconf 80' lang='lat' dir='ltr'><strong>dicentium</strong></span> <span class='ocrx_word' id='word_1_88' title='bbox 552 711 563 731; x_wconf 91' lang='lat'>‚</span> <span class='ocrx_word' id='word_1_89' title='bbox 597 693 670 720; x_wconf 88' lang='lat' dir='ltr'><strong>nec</strong></span> <span class='ocrx_word' id='word_1_90' title='bbox 694 678 819 719; x_wconf 85' lang='lat' dir='ltr'><strong>solum</strong></span> <span class='ocrx_word' id='word_1_91' title='bbox 844 677 1130 734; x_wconf 80' lang='lat' dir='ltr'><strong>Epicureorum</strong></span> <span class='ocrx_word' id='word_1_92' title='bbox 1146 709 1156 728; x_wconf 93' lang='lat'><strong>,</strong></span> <span class='ocrx_word' id='word_1_93' title='bbox 1191 691 1288 732; x_wconf 88' lang='lat' dir='ltr'><strong>quos</strong></span> <span class='ocrx_word' id='word_1_94' title='bbox 1313 677 1492 732; x_wconf 89' lang='lat' dir='ltr'><strong>equidem</strong></span> <span class='ocrx_word' id='word_1_95' title='bbox 1517 691 1597 718; x_wconf 92' lang='lat' dir='ltr'><strong>non</strong></span> <span class='ocrx_word' id='word_1_96' title='bbox 1623 677 1751 733; x_wconf 89' lang='lat' dir='ltr'><strong>despi-</strong></span> 
     </span>
     <span class='ocr_line' id='line_1_14' title="bbox 165 751 1751 809; baseline 0.001 -16"><span class='ocrx_word' id='word_1_97' title='bbox 165 752 253 804; x_wconf 92' lang='lat' dir='ltr'><strong>cio,</strong></span> <span class='ocrx_word' id='word_1_98' title='bbox 298 754 367 795; x_wconf 86' lang='lat' dir='ltr'><strong>sed</strong></span> <span class='ocrx_word' id='word_1_99' title='bbox 395 753 529 794; x_wconf 89' lang='lat' dir='ltr'><strong>nescio</strong></span> <span class='ocrx_word' id='word_1_100' title='bbox 562 768 638 809; x_wconf 90' lang='lat' dir='ltr'><strong>quo</strong></span> <span class='ocrx_word' id='word_1_101' title='bbox 670 755 784 794; x_wconf 88' lang='lat' dir='ltr'><strong>modo</strong></span> <span class='ocrx_word' id='word_1_102' title='bbox 809 753 1059 794; x_wconf 83' lang='lat' dir='ltr'><strong>doctissimus</strong></span> <span class='ocrx_word' id='word_1_103' title='bbox 1083 752 1246 807; x_wconf 85' lang='lat' dir='ltr'><strong>quisque</strong></span> <span class='ocrx_word' id='word_1_104' title='bbox 1272 751 1511 802; x_wconf 86' lang='lat' dir='ltr'><strong>contemnit,</strong></span> <span class='ocrx_word' id='word_1_105' title='bbox 1556 752 1751 794; x_wconf 82' lang='lat' dir='ltr'><strong>acerrime</strong></span> 
     </span>
     <span class='ocr_line' id='line_1_15' title="bbox 165 825 1752 879; baseline 0.001 -12"><span class='ocrx_word' id='word_1_106' title='bbox 165 834 294 868; x_wconf 83' lang='lat' dir='ltr'><strong>autem</strong></span> <span class='ocrx_word' id='word_1_107' title='bbox 321 827 485 868; x_wconf 82' lang='lat' dir='ltr'><strong>deliciae</strong></span> <span class='ocrx_word' id='word_1_108' title='bbox 511 842 647 879; x_wconf 82' lang='lat' dir='ltr'><strong>meae,</strong></span> <span class='ocrx_word' id='word_1_109' title='bbox 691 827 984 879; x_wconf 82' lang='lat' dir='ltr'><strong>Dicaearchus,</strong></span> <span class='ocrx_word' id='word_1_110' title='bbox 1027 834 1166 867; x_wconf 81' lang='lat' dir='ltr'><strong>contra</strong></span> <span class='ocrx_word' id='word_1_111' title='bbox 1190 826 1290 867; x_wconf 83' lang='lat' dir='ltr'><strong>hanc</strong></span> <span class='ocrx_word' id='word_1_112' title='bbox 1314 825 1646 867; x_wconf 88' lang='lat' dir='ltr'><strong>immortalitatem</strong></span> <span class='ocrx_word' id='word_1_113' title='bbox 1671 826 1752 868; x_wconf 90' lang='lat' dir='ltr'><strong>dis-</strong></span> 
     </span>
     <span class='ocr_line' id='line_1_16' title="bbox 164 898 1751 957; baseline 0.001 -15"><span class='ocrx_word' id='word_1_114' title='bbox 164 901 304 943; x_wconf 88' lang='lat' dir='ltr'><strong>seruit.</strong></span> <span class='ocrx_word' id='word_1_115' title='bbox 366 900 406 942; x_wconf 86' lang='lat' dir='ltr'><strong>Is</strong></span> <span class='ocrx_word' id='word_1_116' title='bbox 440 902 543 943; x_wconf 87' lang='lat' dir='ltr'><strong>enim</strong></span> <span class='ocrx_word' id='word_1_117' title='bbox 573 909 653 943; x_wconf 89' lang='lat' dir='ltr'><strong>tres</strong></span> <span class='ocrx_word' id='word_1_118' title='bbox 688 903 808 943; x_wconf 81' lang='lat' dir='ltr'><strong>libros</strong></span> <span class='ocrx_word' id='word_1_119' title='bbox 841 901 1024 957; x_wconf 85' lang='lat' dir='ltr'><strong>scripsit,</strong></span> <span class='ocrx_word' id='word_1_120' title='bbox 1073 901 1137 956; x_wconf 90' lang='lat' dir='ltr'><strong>qui</strong></span> <span class='ocrx_word' id='word_1_121' title='bbox 1162 898 1350 941; x_wconf 83' lang='lat' dir='ltr'><strong>Lesbiaci</strong></span> <span class='ocrx_word' id='word_1_122' title='bbox 1381 907 1602 953; x_wconf 83' lang='lat' dir='ltr'><strong>vocantur,</strong></span> <span class='ocrx_word' id='word_1_123' title='bbox 1646 901 1751 955; x_wconf 85' lang='lat' dir='ltr'><strong>quod</strong></span> 
     </span>
     <span class='ocr_line' id='line_1_17' title="bbox 163 974 1751 1031; baseline 0 -14"><span class='ocrx_word' id='word_1_124' title='bbox 163 974 370 1031; x_wconf 78' lang='lat' dir='ltr'><strong>Mytilenis</strong></span> <span class='ocrx_word' id='word_1_125' title='bbox 394 990 524 1017; x_wconf 86' lang='lat' dir='ltr'><strong>sermo</strong></span> <span class='ocrx_word' id='word_1_126' title='bbox 546 976 713 1017; x_wconf 81' lang='lat' dir='ltr'><strong>liabetur</strong></span> <span class='ocrx_word' id='word_1_127' title='bbox 728 1008 738 1028; x_wconf 94' lang='lat'><strong>,</strong></span> <span class='ocrx_word' id='word_1_128' title='bbox 772 977 812 1017; x_wconf 88' lang='lat' dir='ltr'><strong>in</strong></span> <span class='ocrx_word' id='word_1_129' title='bbox 833 976 971 1031; x_wconf 88' lang='lat' dir='ltr'><strong>quibus</strong></span> <span class='ocrx_word' id='word_1_130' title='bbox 993 975 1077 1016; x_wconf 83' lang='lat' dir='ltr'><strong>vult</strong></span> <span class='ocrx_word' id='word_1_131' title='bbox 1101 975 1259 1016; x_wconf 85' lang='lat' dir='ltr'><strong>efficere</strong></span> <span class='ocrx_word' id='word_1_132' title='bbox 1274 1006 1285 1026; x_wconf 92' lang='lat'><strong>,</strong></span> <span class='ocrx_word' id='word_1_133' title='bbox 1318 974 1471 1016; x_wconf 86' lang='lat' dir='ltr'><strong>animos</strong></span> <span class='ocrx_word' id='word_1_134' title='bbox 1492 987 1582 1015; x_wconf 89' lang='lat' dir='ltr'><strong>esse</strong></span> <span class='ocrx_word' id='word_1_135' title='bbox 1604 982 1751 1017; x_wconf 84' lang='lat' dir='ltr'><strong>morta-</strong></span> 
     </span>
    </p>
   </div>
   <div class='ocr_carea' id='block_1_8' title="bbox 162 1066 940 3028">
    <p class='ocr_par' dir='ltr' id='par_1_8' title="bbox 163 1066 939 1385">
     <span class='ocr_line' id='line_1_18' title="bbox 163 1066 937 1101; baseline -0.003 0"><span class='ocrx_word' id='word_1_136' title='bbox 163 1068 245 1101; x_wconf 88' lang='lat' dir='ltr'><strong>Tac.</strong></span> <span class='ocrx_word' id='word_1_137' title='bbox 261 1070 345 1099; x_wconf 83' lang='lat' dir='ltr'><strong>Anu.</strong></span> <span class='ocrx_word' id='word_1_138' title='bbox 363 1068 404 1100; x_wconf 84' lang='grc' dir='ltr'><strong>ΙΙ.</strong></span> <span class='ocrx_word' id='word_1_139' title='bbox 421 1067 482 1100; x_wconf 82' lang='lat'><strong>31:</strong></span> <span class='ocrx_word' id='word_1_140' title='bbox 508 1066 569 1098; x_wconf 90' lang='lat' dir='ltr'><strong>nisi</strong></span> <span class='ocrx_word' id='word_1_141' title='bbox 598 1067 817 1099; x_wconf 80' lang='lat' dir='ltr'><strong>voluntariam</strong></span> <span class='ocrx_word' id='word_1_142' title='bbox 844 1078 937 1099; x_wconf 90' lang='lat' dir='ltr'><strong>mor-</strong></span> 
     </span>
     <span class='ocr_line' id='line_1_19' title="bbox 163 1112 937 1157; baseline -0.001 -12"><span class='ocrx_word' id='word_1_143' title='bbox 163 1120 233 1145; x_wconf 88' lang='lat' dir='ltr'><strong>tem</strong></span> <span class='ocrx_word' id='word_1_144' title='bbox 257 1113 515 1157; x_wconf 61' lang='lat' dir='ltr'><strong>propmuvissct.</strong></span> <span class='ocrx_word' id='word_1_145' title='bbox 563 1113 653 1156; x_wconf 70' lang='lat' dir='ltr'><strong>Virg.</strong></span> <span class='ocrx_word' id='word_1_146' title='bbox 673 1117 755 1145; x_wconf 82' lang='lat' dir='ltr'><strong>Aen.</strong></span> <span class='ocrx_word' id='word_1_147' title='bbox 774 1114 834 1145; x_wconf 76' lang='lat' dir='ltr'><strong>IX.</strong></span> <span class='ocrx_word' id='word_1_148' title='bbox 854 1112 937 1146; x_wconf 65' lang='lat'><strong>401:</strong></span> 
     </span>
     <span class='ocr_line' id='line_1_20' title="bbox 163 1158 938 1192; baseline -0.001 -1"><span class='ocrx_word' id='word_1_149' title='bbox 163 1170 206 1192; x_wconf 87' lang='lat' dir='ltr'><strong>au</strong></span> <span class='ocrx_word' id='word_1_150' title='bbox 229 1171 301 1191; x_wconf 87' lang='lat' dir='ltr'><strong>sese</strong></span> <span class='ocrx_word' id='word_1_151' title='bbox 322 1159 451 1191; x_wconf 79' lang='lat' dir='ltr'><strong>medios</strong></span> <span class='ocrx_word' id='word_1_152' title='bbox 475 1158 652 1191; x_wconf 84' lang='lat' dir='ltr'><strong>moriturus</strong></span> <span class='ocrx_word' id='word_1_153' title='bbox 686 1159 720 1191; x_wconf 88' lang='lat' dir='ltr'><strong>in</strong></span> <span class='ocrx_word' id='word_1_154' title='bbox 744 1159 855 1191; x_wconf 80' lang='lat' dir='ltr'><strong>hostes</strong></span> <span class='ocrx_word' id='word_1_155' title='bbox 880 1160 938 1190; x_wconf 89' lang='lat' dir='ltr'><strong>Iu-</strong></span> 
     </span>
     <span class='ocr_line' id='line_1_21' title="bbox 165 1205 939 1249; baseline -0.003 -11"><span class='ocrx_word' id='word_1_156' title='bbox 165 1206 253 1238; x_wconf 84' lang='lat' dir='ltr'><strong>ferat</strong></span> <span class='ocrx_word' id='word_1_157' title='bbox 266 1231 274 1247; x_wconf 88' lang='lat'><strong>,</strong></span> <span class='ocrx_word' id='word_1_158' title='bbox 301 1213 334 1237; x_wconf 90' lang='lat' dir='ltr'><strong>et</strong></span> <span class='ocrx_word' id='word_1_159' title='bbox 356 1205 525 1249; x_wconf 80' lang='lat' dir='ltr'><strong>pulchram</strong></span> <span class='ocrx_word' id='word_1_160' title='bbox 549 1213 706 1248; x_wconf 82' lang='lat' dir='ltr'><strong>properet</strong></span> <span class='ocrx_word' id='word_1_161' title='bbox 725 1217 784 1248; x_wconf 88' lang='lat' dir='ltr'><strong>per</strong></span> <span class='ocrx_word' id='word_1_162' title='bbox 803 1205 939 1237; x_wconf 84' lang='lat' dir='ltr'><strong>vulnera</strong></span> 
     </span>
     <span class='ocr_line' id='line_1_22' title="bbox 163 1250 939 1294; baseline -0.004 -10"><span class='ocrx_word' id='word_1_163' title='bbox 163 1251 334 1284; x_wconf 77' lang='lat' dir='ltr'><strong>mortem?</strong></span> <span class='ocrx_word' id='word_1_164' title='bbox 384 1251 436 1284; x_wconf 80' lang='lat' dir='ltr'><strong>Ad</strong></span> <span class='ocrx_word' id='word_1_165' title='bbox 457 1250 652 1294; x_wconf 72' lang='lat' dir='ltr'><strong>particulam</strong></span> <span class='ocrx_word' id='word_1_166' title='bbox 674 1255 700 1283; x_wconf 74' lang='lat' dir='ltr'><strong>ei</strong></span> <span class='ocrx_word' id='word_1_167' title='bbox 722 1250 939 1294; x_wconf 82' lang='lat' dir='ltr'><strong>repetendum</strong></span> 
     </span>
     <span class='ocr_line' id='line_1_23' title="bbox 166 1296 939 1330; baseline -0.004 0"><span class='ocrx_word' id='word_1_168' title='bbox 166 1305 216 1330; x_wconf 72' lang='lat' dir='ltr'><strong>est</strong></span> <span class='ocrx_word' id='word_1_169' title='bbox 240 1297 377 1330; x_wconf 77' lang='lat' dir='ltr'><strong>verbum</strong></span> <span class='ocrx_word' id='word_1_170' title='bbox 410 1299 520 1330; x_wconf 81' lang='lat' dir='ltr'><strong>veniet.</strong></span> <span class='ocrx_word' id='word_1_171' title='bbox 571 1296 656 1328; x_wconf 86' lang='lat' dir='ltr'><strong>Illud</strong></span> <span class='ocrx_word' id='word_1_172' title='bbox 678 1300 705 1329; x_wconf 82' lang='lat' dir='ltr'><strong>et</strong></span> <span class='ocrx_word' id='word_1_173' title='bbox 732 1296 765 1328; x_wconf 89' lang='lat' dir='ltr'><strong>h.</strong></span> <span class='ocrx_word' id='word_1_174' title='bbox 786 1296 808 1328; x_wconf 96' lang='lat' dir='ltr'><strong>l.</strong></span> <span class='ocrx_word' id='word_1_175' title='bbox 830 1296 939 1328; x_wconf 88' lang='lat' dir='ltr'><strong>inser-</strong></span> 
     </span>
     <span class='ocr_line' id='line_1_24' title="bbox 163 1343 435 1385; baseline -0.004 -10"><span class='ocrx_word' id='word_1_176' title='bbox 163 1343 213 1375; x_wconf 86' lang='lat' dir='ltr'><strong>vit</strong></span> <span class='ocrx_word' id='word_1_177' title='bbox 236 1343 435 1385; x_wconf 83' lang='lat' dir='ltr'><strong>gradationi.</strong></span> 
     </span>
    </p>

    <p class='ocr_par' dir='ltr' id='par_1_9' title="bbox 162 1386 940 2388">
     <span class='ocr_line' id='line_1_25' title="bbox 232 1386 937 1429; baseline -0.004 -9"><span class='ocrx_word' id='word_1_178' title='bbox 232 1393 355 1420; x_wconf 76' lang='lat' dir='ltr'><strong>tantum</strong></span> <span class='ocrx_word' id='word_1_179' title='bbox 373 1393 478 1420; x_wconf 74' lang='lat' dir='ltr'><strong>aurem</strong></span> <span class='ocrx_word' id='word_1_180' title='bbox 501 1390 585 1419; x_wconf 83' lang='lat' dir='ltr'><strong>abest</strong></span> <span class='ocrx_word' id='word_1_181' title='bbox 603 1390 642 1419; x_wconf 84' lang='lat' dir='ltr'><strong>ab</strong></span> <span class='ocrx_word' id='word_1_182' title='bbox 663 1390 711 1429; x_wconf 89' lang='lat' dir='ltr'><strong>eo]</strong></span> <span class='ocrx_word' id='word_1_183' title='bbox 740 1387 832 1419; x_wconf 82' lang='lat' dir='ltr'><strong>Caes.</strong></span> <span class='ocrx_word' id='word_1_184' title='bbox 850 1387 882 1426; x_wconf 83' lang='lat'><strong>5,</strong></span> <span class='ocrx_word' id='word_1_185' title='bbox 895 1386 937 1419; x_wconf 82' lang='lat'><strong>2:</strong></span> 
     </span>
     <span class='ocr_line' id='line_1_26' title="bbox 163 1433 939 1478; baseline -0.005 -11"><span class='ocrx_word' id='word_1_186' title='bbox 163 1446 272 1478; x_wconf 86' lang='lat' dir='ltr'><strong>neque</strong></span> <span class='ocrx_word' id='word_1_187' title='bbox 292 1434 430 1465; x_wconf 80' lang='lat' dir='ltr'><strong>multum</strong></span> <span class='ocrx_word' id='word_1_188' title='bbox 452 1436 556 1466; x_wconf 78' lang='lat' dir='ltr'><strong>abesse</strong></span> <span class='ocrx_word' id='word_1_189' title='bbox 575 1436 614 1464; x_wconf 83' lang='lat' dir='ltr'><strong>ab</strong></span> <span class='ocrx_word' id='word_1_190' title='bbox 636 1443 669 1465; x_wconf 90' lang='lat' dir='ltr'><strong>eo</strong></span> <span class='ocrx_word' id='word_1_191' title='bbox 683 1458 692 1473; x_wconf 86' lang='lat'><strong>,</strong></span> <span class='ocrx_word' id='word_1_192' title='bbox 716 1433 845 1476; x_wconf 87' lang='lat' dir='ltr'><strong>quin—</strong></span> <span class='ocrx_word' id='word_1_193' title='bbox 862 1443 939 1475; x_wconf 90' lang='lat' dir='ltr'><strong>pos-</strong></span> 
     </span>
     <span class='ocr_line' id='line_1_27' title="bbox 163 1478 939 1518; baseline -0.005 -5"><span class='ocrx_word' id='word_1_194' title='bbox 163 1487 249 1513; x_wconf 88' lang='lat' dir='ltr'><strong>sent.</strong></span> <span class='ocrx_word' id='word_1_195' title='bbox 305 1479 456 1518; x_wconf 57' lang='lat' dir='ltr'><strong>Livszb,</strong></span> <span class='ocrx_word' id='word_1_196' title='bbox 482 1478 523 1512; x_wconf 72' lang='lat'><strong>6:</strong></span> <span class='ocrx_word' id='word_1_197' title='bbox 561 1487 671 1510; x_wconf 79' lang='lat' dir='ltr'><strong>tamen</strong></span> <span class='ocrx_word' id='word_1_198' title='bbox 696 1483 816 1510; x_wconf 75' lang='lat' dir='ltr'><strong>tantum</strong></span> <span class='ocrx_word' id='word_1_199' title='bbox 838 1479 939 1518; x_wconf 71' lang='lat' dir='ltr'><strong>obfuit</strong></span> 
     </span>
     <span class='ocr_line' id='line_1_28' title="bbox 164 1523 938 1567; baseline -0.006 -8"><span class='ocrx_word' id='word_1_200' title='bbox 164 1528 205 1558; x_wconf 85' lang='lat' dir='ltr'><strong>ab</strong></span> <span class='ocrx_word' id='word_1_201' title='bbox 233 1536 287 1566; x_wconf 85' lang='lat' dir='ltr'><strong>eo,</strong></span> <span class='ocrx_word' id='word_1_202' title='bbox 323 1532 359 1557; x_wconf 89' lang='lat' dir='ltr'><strong>ut</strong></span> <span class='ocrx_word' id='word_1_203' title='bbox 383 1524 448 1557; x_wconf 87' lang='lat' dir='ltr'><strong>ulla</strong></span> <span class='ocrx_word' id='word_1_204' title='bbox 470 1524 650 1567; x_wconf 81' lang='lat' dir='ltr'><strong>ignominia</strong></span> <span class='ocrx_word' id='word_1_205' title='bbox 677 1524 715 1555; x_wconf 87' lang='lat' dir='ltr'><strong>iis</strong></span> <span class='ocrx_word' id='word_1_206' title='bbox 739 1523 938 1556; x_wconf 80' lang='lat' dir='ltr'><strong>exercitibus</strong></span> 
     </span>
     <span class='ocr_line' id='line_1_29' title="bbox 165 1568 938 1615; baseline -0.004 -12"><span class='ocrx_word' id='word_1_207' title='bbox 165 1578 389 1615; x_wconf 80' lang='lat' dir='ltr'><strong>quaereretur.</strong></span> <span class='ocrx_word' id='word_1_208' title='bbox 440 1569 507 1602; x_wconf 87' lang='lat' dir='ltr'><strong>Cic.</strong></span> <span class='ocrx_word' id='word_1_209' title='bbox 525 1571 613 1601; x_wconf 86' lang='lat' dir='ltr'><strong>Brut.</strong></span> <span class='ocrx_word' id='word_1_210' title='bbox 630 1571 738 1607; x_wconf 82' lang='lat' dir='ltr'><strong>XLII,</strong></span> <span class='ocrx_word' id='word_1_211' title='bbox 766 1568 845 1602; x_wconf 72' lang='lat'><strong>156:</strong></span> <span class='ocrx_word' id='word_1_212' title='bbox 868 1573 938 1601; x_wconf 78' lang='lat' dir='ltr'><strong>tan-</strong></span> 
     </span>
     <span class='ocr_line' id='line_1_30' title="bbox 164 1617 940 1655; baseline -0.005 -5"><span class='ocrx_word' id='word_1_213' title='bbox 164 1622 230 1650; x_wconf 83' lang='lat' dir='ltr'><strong>lum</strong></span> <span class='ocrx_word' id='word_1_214' title='bbox 261 1619 346 1649; x_wconf 77' lang='lat' dir='ltr'><strong>abest</strong></span> <span class='ocrx_word' id='word_1_215' title='bbox 379 1619 419 1648; x_wconf 88' lang='lat' dir='ltr'><strong>ab</strong></span> <span class='ocrx_word' id='word_1_216' title='bbox 442 1618 658 1648; x_wconf 75' lang='lat' dir='ltr'><strong>obtrectatione</strong></span> <span class='ocrx_word' id='word_1_217' title='bbox 679 1617 860 1655; x_wconf 77' lang='lat' dir='ltr'><strong>invidiaque</strong></span> <span class='ocrx_word' id='word_1_218' title='bbox 882 1634 940 1654; x_wconf 93' lang='lat'><strong>—,</strong></span> 
     </span>
     <span class='ocr_line' id='line_1_31' title="bbox 163 1661 939 1695; baseline -0.004 0"><span class='ocrx_word' id='word_1_219' title='bbox 163 1667 198 1695; x_wconf 77' lang='lat' dir='ltr'><strong>ut</strong></span> <span class='ocrx_word' id='word_1_220' title='bbox 220 1674 258 1694; x_wconf 85' lang='lat' dir='ltr'><strong>ea</strong></span> <span class='ocrx_word' id='word_1_221' title='bbox 280 1674 348 1695; x_wconf 89' lang='lat' dir='ltr'><strong>non</strong></span> <span class='ocrx_word' id='word_1_222' title='bbox 370 1661 473 1694; x_wconf 90' lang='lat' dir='ltr'><strong>modo</strong></span> <span class='ocrx_word' id='word_1_223' title='bbox 497 1673 563 1693; x_wconf 90' lang='lat' dir='ltr'><strong>nou</strong></span> <span class='ocrx_word' id='word_1_224' title='bbox 585 1661 773 1693; x_wconf 76' lang='lat' dir='ltr'><strong>exulcerare</strong></span> <span class='ocrx_word' id='word_1_225' title='bbox 795 1667 939 1692; x_wconf 84' lang='lat' dir='ltr'><strong>vestram</strong></span> 
     </span>
     <span class='ocr_line' id='line_1_32' title="bbox 163 1706 937 1751; baseline -0.004 -11"><span class='ocrx_word' id='word_1_226' title='bbox 163 1708 305 1751; x_wconf 80' lang='lat' dir='ltr'><strong>gratiam</strong></span> <span class='ocrx_word' id='word_1_227' title='bbox 319 1733 327 1746; x_wconf 84' lang='lat'><strong>,</strong></span> <span class='ocrx_word' id='word_1_228' title='bbox 363 1707 423 1740; x_wconf 84' lang='lat' dir='ltr'><strong>sed</strong></span> <span class='ocrx_word' id='word_1_229' title='bbox 454 1706 554 1739; x_wconf 84' lang='lat' dir='ltr'><strong>etiam</strong></span> <span class='ocrx_word' id='word_1_230' title='bbox 576 1707 752 1739; x_wconf 78' lang='lat' dir='ltr'><strong>conciliare</strong></span> <span class='ocrx_word' id='word_1_231' title='bbox 774 1706 937 1738; x_wconf 85' lang='lat' dir='ltr'><strong>videatur.</strong></span> 
     </span>
     <span class='ocr_line' id='line_1_33' title="bbox 164 1752 938 1795; baseline -0.004 -9"><span class='ocrx_word' id='word_1_232' title='bbox 164 1754 242 1786; x_wconf 83' lang='lat' dir='ltr'><strong>Sine</strong></span> <span class='ocrx_word' id='word_1_233' title='bbox 263 1753 365 1786; x_wconf 87' lang='lat' dir='ltr'><strong>dubio</strong></span> <span class='ocrx_word' id='word_1_234' title='bbox 381 1753 547 1786; x_wconf 84' lang='lat' dir='ltr'><strong>sententia</strong></span> <span class='ocrx_word' id='word_1_235' title='bbox 566 1753 671 1784; x_wconf 90' lang='lat' dir='ltr'><strong>multo</strong></span> <span class='ocrx_word' id='word_1_236' title='bbox 689 1752 819 1795; x_wconf 76' lang='lat' dir='ltr'><strong>gravius</strong></span> <span class='ocrx_word' id='word_1_237' title='bbox 839 1752 938 1784; x_wconf 79' lang='lat' dir='ltr'><strong>effer-</strong></span> 
     </span>
     <span class='ocr_line' id='line_1_34' title="bbox 162 1797 938 1843; baseline -0.001 -12"><span class='ocrx_word' id='word_1_238' title='bbox 162 1806 219 1831; x_wconf 85' lang='lat' dir='ltr'><strong>tur</strong></span> <span class='ocrx_word' id='word_1_239' title='bbox 241 1799 384 1838; x_wconf 79' lang='lat' dir='ltr'><strong>additis,</strong></span> <span class='ocrx_word' id='word_1_240' title='bbox 422 1810 520 1843; x_wconf 86' lang='lat' dir='ltr'><strong>quam</strong></span> <span class='ocrx_word' id='word_1_241' title='bbox 545 1798 674 1830; x_wconf 86' lang='lat' dir='ltr'><strong>omissis</strong></span> <span class='ocrx_word' id='word_1_242' title='bbox 699 1797 807 1829; x_wconf 78' lang='lat' dir='ltr'><strong>verbis</strong></span> <span class='ocrx_word' id='word_1_243' title='bbox 832 1800 871 1830; x_wconf 83' lang='lat' dir='ltr'><strong>ab</strong></span> <span class='ocrx_word' id='word_1_244' title='bbox 893 1808 938 1830; x_wconf 84' lang='lat' dir='ltr'><strong>eo.</strong></span> 
     </span>
     <span class='ocr_line' id='line_1_35' title="bbox 164 1844 939 1887; baseline -0.004 -10"><span class='ocrx_word' id='word_1_245' title='bbox 164 1845 360 1877; x_wconf 79' lang='lat' dir='ltr'><strong>Sententiae</strong></span> <span class='ocrx_word' id='word_1_246' title='bbox 380 1853 491 1877; x_wconf 86' lang='lat' dir='ltr'><strong>autem</strong></span> <span class='ocrx_word' id='word_1_247' title='bbox 511 1844 558 1876; x_wconf 89' lang='lat' dir='ltr'><strong>sic</strong></span> <span class='ocrx_word' id='word_1_248' title='bbox 577 1856 612 1875; x_wconf 89' lang='lat' dir='ltr'><strong>se</strong></span> <span class='ocrx_word' id='word_1_249' title='bbox 633 1844 817 1887; x_wconf 86' lang='lat' dir='ltr'><strong>excipiunt:</strong></span> <span class='ocrx_word' id='word_1_250' title='bbox 846 1844 939 1882; x_wconf 88' lang='lat' dir='ltr'><strong>Quo-</strong></span> 
     </span>
     <span class='ocr_line' id='line_1_36' title="bbox 164 1888 939 1934; baseline -0.003 -12"><span class='ocrx_word' id='word_1_251' title='bbox 164 1891 253 1922; x_wconf 74' lang='lat' dir='ltr'><strong>niam</strong></span> <span class='ocrx_word' id='word_1_252' title='bbox 276 1891 392 1923; x_wconf 86' lang='lat' dir='ltr'><strong>Cicero</strong></span> <span class='ocrx_word' id='word_1_253' title='bbox 414 1902 513 1934; x_wconf 83' lang='lat' dir='ltr'><strong>supra</strong></span> <span class='ocrx_word' id='word_1_254' title='bbox 535 1890 719 1922; x_wconf 86' lang='lat' dir='ltr'><strong>animorum</strong></span> <span class='ocrx_word' id='word_1_255' title='bbox 741 1888 939 1933; x_wconf 73' lang='lat' dir='ltr'><strong>immortali-</strong></span> 
     </span>
     <span class='ocr_line' id='line_1_37' title="bbox 164 1934 939 1979; baseline -0.001 -12"><span class='ocrx_word' id='word_1_256' title='bbox 164 1942 269 1968; x_wconf 85' lang='lat' dir='ltr'><strong>tatem</strong></span> <span class='ocrx_word' id='word_1_257' title='bbox 293 1936 494 1979; x_wconf 79' lang='lat' dir='ltr'><strong>argumentis</strong></span> <span class='ocrx_word' id='word_1_258' title='bbox 517 1935 747 1968; x_wconf 75' lang='lat' dir='ltr'><strong>demonstrare</strong></span> <span class='ocrx_word' id='word_1_259' title='bbox 782 1941 816 1966; x_wconf 88' lang='lat' dir='ltr'><strong>et</strong></span> <span class='ocrx_word' id='word_1_260' title='bbox 839 1934 939 1966; x_wconf 80' lang='lat' dir='ltr'><strong>falsas</strong></span> 
     </span>
     <span class='ocr_line' id='line_1_38' title="bbox 166 1980 940 2024; baseline -0.003 -11"><span class='ocrx_word' id='word_1_261' title='bbox 166 1980 209 2013; x_wconf 85' lang='lat' dir='ltr'><strong>de</strong></span> <span class='ocrx_word' id='word_1_262' title='bbox 232 1981 416 2013; x_wconf 88' lang='lat' dir='ltr'><strong>animorum</strong></span> <span class='ocrx_word' id='word_1_263' title='bbox 446 1988 564 2013; x_wconf 82' lang='lat' dir='ltr'><strong>natura</strong></span> <span class='ocrx_word' id='word_1_264' title='bbox 589 1981 763 2024; x_wconf 85' lang='lat' dir='ltr'><strong>opiniones</strong></span> <span class='ocrx_word' id='word_1_265' title='bbox 786 1980 940 2012; x_wconf 83' lang='lat' dir='ltr'><strong>refellere</strong></span> 
     </span>
     <span class='ocr_line' id='line_1_39' title="bbox 168 2026 939 2070; baseline -0.001 -12"><span class='ocrx_word' id='word_1_266' title='bbox 168 2033 306 2059; x_wconf 85' lang='lat' dir='ltr'><strong>conatus</strong></span> <span class='ocrx_word' id='word_1_267' title='bbox 326 2034 387 2066; x_wconf 85' lang='lat' dir='ltr'><strong>est,</strong></span> <span class='ocrx_word' id='word_1_268' title='bbox 407 2026 566 2070; x_wconf 84' lang='lat' dir='ltr'><strong>sequitur,</strong></span> <span class='ocrx_word' id='word_1_269' title='bbox 589 2033 624 2058; x_wconf 90' lang='lat' dir='ltr'><strong>ut</strong></span> <span class='ocrx_word' id='word_1_270' title='bbox 640 2027 757 2058; x_wconf 86' lang='lat' dir='ltr'><strong>redeat</strong></span> <span class='ocrx_word' id='word_1_271' title='bbox 777 2026 819 2057; x_wconf 85' lang='lat' dir='ltr'><strong>ad</strong></span> <span class='ocrx_word' id='word_1_272' title='bbox 839 2037 939 2069; x_wconf 90' lang='lat' dir='ltr'><strong>quae-</strong></span> 
     </span>
     <span class='ocr_line' id='line_1_40' title="bbox 165 2071 939 2115; baseline -0.003 -11"><span class='ocrx_word' id='word_1_273' title='bbox 165 2071 307 2104; x_wconf 84' lang='lat' dir='ltr'><strong>stionem</strong></span> <span class='ocrx_word' id='word_1_274' title='bbox 323 2072 549 2115; x_wconf 84' lang='lat' dir='ltr'><strong>propositam:</strong></span> <span class='ocrx_word' id='word_1_275' title='bbox 575 2077 702 2104; x_wconf 81' lang='lat' dir='ltr'><strong>mortem</strong></span> <span class='ocrx_word' id='word_1_276' title='bbox 719 2083 779 2104; x_wconf 80' lang='lat' dir='ltr'><strong>non</strong></span> <span class='ocrx_word' id='word_1_277' title='bbox 793 2082 855 2104; x_wconf 86' lang='lat' dir='ltr'><strong>esse</strong></span> <span class='ocrx_word' id='word_1_278' title='bbox 870 2081 939 2103; x_wconf 86' lang='lat' dir='ltr'><strong>ma-</strong></span> 
     </span>
     <span class='ocr_line' id='line_1_41' title="bbox 165 2118 937 2160; baseline -0.003 -10"><span class='ocrx_word' id='word_1_279' title='bbox 165 2120 240 2150; x_wconf 80' lang='lat' dir='ltr'><strong>lum.</strong></span> <span class='ocrx_word' id='word_1_280' title='bbox 277 2118 344 2149; x_wconf 85' lang='lat' dir='ltr'><strong>Sed</strong></span> <span class='ocrx_word' id='word_1_281' title='bbox 365 2124 542 2160; x_wconf 77' lang='lat' dir='ltr'><strong>antequam</strong></span> <span class='ocrx_word' id='word_1_282' title='bbox 563 2129 634 2149; x_wconf 83' lang='lat' dir='ltr'><strong>eam</strong></span> <span class='ocrx_word' id='word_1_283' title='bbox 655 2124 858 2160; x_wconf 86' lang='lat' dir='ltr'><strong>pertractare</strong></span> <span class='ocrx_word' id='word_1_284' title='bbox 876 2128 937 2158; x_wconf 78' lang='lat' dir='ltr'><strong>ag-</strong></span> 
     </span>
     <span class='ocr_line' id='line_1_42' title="bbox 165 2162 939 2207; baseline -0.003 -12"><span class='ocrx_word' id='word_1_285' title='bbox 165 2163 335 2207; x_wconf 81' lang='lat' dir='ltr'><strong>greditur,</strong></span> <span class='ocrx_word' id='word_1_286' title='bbox 381 2163 591 2201; x_wconf 83' lang='lat' dir='ltr'><strong>Stoicorum,</strong></span> <span class='ocrx_word' id='word_1_287' title='bbox 637 2162 692 2205; x_wconf 85' lang='lat' dir='ltr'><strong>qui</strong></span> <span class='ocrx_word' id='word_1_288' title='bbox 723 2162 850 2194; x_wconf 84' lang='lat' dir='ltr'><strong>animos</strong></span> <span class='ocrx_word' id='word_1_289' title='bbox 883 2162 939 2194; x_wconf 91' lang='lat' dir='ltr'><strong>diu</strong></span> 
     </span>
     <span class='ocr_line' id='line_1_43' title="bbox 166 2208 938 2252; baseline -0.001 -12"><span class='ocrx_word' id='word_1_290' title='bbox 166 2208 299 2252; x_wconf 87' lang='lat' dir='ltr'><strong>quidem</strong></span> <span class='ocrx_word' id='word_1_291' title='bbox 321 2215 398 2252; x_wconf 88' lang='lat' dir='ltr'><strong>post</strong></span> <span class='ocrx_word' id='word_1_292' title='bbox 412 2215 554 2240; x_wconf 80' lang='lat' dir='ltr'><strong>mortem</strong></span> <span class='ocrx_word' id='word_1_293' title='bbox 570 2219 774 2251; x_wconf 84' lang='lat' dir='ltr'><strong>permanere,</strong></span> <span class='ocrx_word' id='word_1_294' title='bbox 797 2208 857 2239; x_wconf 82' lang='lat' dir='ltr'><strong>sed</strong></span> <span class='ocrx_word' id='word_1_295' title='bbox 871 2219 938 2240; x_wconf 89' lang='lat' dir='ltr'><strong>non</strong></span> 
     </span>
     <span class='ocr_line' id='line_1_44' title="bbox 168 2253 938 2298; baseline -0.003 -12"><span class='ocrx_word' id='word_1_296' title='bbox 168 2266 319 2298; x_wconf 86' lang='lat' dir='ltr'><strong>semper,</strong></span> <span class='ocrx_word' id='word_1_297' title='bbox 343 2261 549 2292; x_wconf 81' lang='lat' dir='ltr'><strong>statuerunt,</strong></span> <span class='ocrx_word' id='word_1_298' title='bbox 570 2253 769 2285; x_wconf 85' lang='lat' dir='ltr'><strong>sententiam</strong></span> <span class='ocrx_word' id='word_1_299' title='bbox 789 2253 938 2284; x_wconf 83' lang='lat' dir='ltr'><strong>refutan-</strong></span> 
     </span>
     <span class='ocr_line' id='line_1_45' title="bbox 166 2296 938 2343; baseline -0.001 -12"><span class='ocrx_word' id='word_1_300' title='bbox 166 2299 242 2332; x_wconf 89' lang='lat' dir='ltr'><strong>dam</strong></span> <span class='ocrx_word' id='word_1_301' title='bbox 261 2307 368 2343; x_wconf 88' lang='lat' dir='ltr'><strong>putat.</strong></span> <span class='ocrx_word' id='word_1_302' title='bbox 411 2302 486 2340; x_wconf 87' lang='lat' dir='ltr'><strong>Quo</strong></span> <span class='ocrx_word' id='word_1_303' title='bbox 508 2300 612 2337; x_wconf 84' lang='lat' dir='ltr'><strong>facto,</strong></span> <span class='ocrx_word' id='word_1_304' title='bbox 637 2298 743 2331; x_wconf 86' lang='lat' dir='ltr'><strong>oratio</strong></span> <span class='ocrx_word' id='word_1_305' title='bbox 767 2301 853 2342; x_wconf 66' lang='lat' dir='ltr'><strong>(cap.</strong></span> <span class='ocrx_word' id='word_1_306' title='bbox 868 2296 938 2341; x_wconf 76' lang='lat'><strong>34.)</strong></span> 
     </span>
     <span class='ocr_line' id='line_1_46' title="bbox 164 2344 654 2388; baseline -0.004 -10"><span class='ocrx_word' id='word_1_307' title='bbox 164 2345 344 2378; x_wconf 85' lang='lat' dir='ltr'><strong>revertitur</strong></span> <span class='ocrx_word' id='word_1_308' title='bbox 367 2344 409 2377; x_wconf 90' lang='lat' dir='ltr'><strong>ad</strong></span> <span class='ocrx_word' id='word_1_309' title='bbox 434 2345 654 2388; x_wconf 87' lang='lat' dir='ltr'><strong>propositum.</strong></span> 
     </span>
    </p>

    <p class='ocr_par' dir='ltr' id='par_1_10' title="bbox 164 2388 940 2478">
     <span class='ocr_line' id='line_1_47' title="bbox 235 2388 940 2433; baseline -0.006 -9"><span class='ocrx_word' id='word_1_310' title='bbox 235 2393 318 2433; x_wconf 80' lang='lat' dir='ltr'><strong>quod</strong></span> <span class='ocrx_word' id='word_1_311' title='bbox 334 2394 389 2424; x_wconf 77' lang='lat' dir='ltr'><strong>tibi</strong></span> <span class='ocrx_word' id='word_1_312' title='bbox 407 2392 529 2422; x_wconf 83' lang='lat' dir='ltr'><strong>dudum</strong></span> <span class='ocrx_word' id='word_1_313' title='bbox 542 2391 719 2431; x_wconf 81' lang='lat' dir='ltr'><strong>videbatur]</strong></span> <span class='ocrx_word' id='word_1_314' title='bbox 744 2390 786 2420; x_wconf 91' lang='lat' dir='ltr'><strong>H.</strong></span> <span class='ocrx_word' id='word_1_315' title='bbox 805 2401 832 2421; x_wconf 88' lang='lat' dir='ltr'><strong>e.</strong></span> <span class='ocrx_word' id='word_1_316' title='bbox 849 2388 940 2432; x_wconf 89' lang='lat' dir='ltr'><strong>quod</strong></span> 
     </span>
     <span class='ocr_line' id='line_1_48' title="bbox 164 2435 876 2478; baseline -0.007 -8"><span class='ocrx_word' id='word_1_317' title='bbox 164 2436 227 2470; x_wconf 83' lang='lat' dir='ltr'><strong>tibi</strong></span> <span class='ocrx_word' id='word_1_318' title='bbox 250 2437 352 2470; x_wconf 90' lang='lat' dir='ltr'><strong>modo</strong></span> <span class='ocrx_word' id='word_1_319' title='bbox 377 2436 430 2468; x_wconf 86' lang='lat' dir='ltr'><strong>vel</strong></span> <span class='ocrx_word' id='word_1_320' title='bbox 454 2436 565 2478; x_wconf 86' lang='lat' dir='ltr'><strong>paullo</strong></span> <span class='ocrx_word' id='word_1_321' title='bbox 590 2442 668 2467; x_wconf 83' lang='lat' dir='ltr'><strong>ante</strong></span> <span class='ocrx_word' id='word_1_322' title='bbox 691 2435 876 2466; x_wconf 79' lang='lat' dir='ltr'><strong>videbatur.</strong></span> 
     </span>
    </p>

    <p class='ocr_par' dir='ltr' id='par_1_11' title="bbox 164 2482 940 3028">
     <span class='ocr_line' id='line_1_49' title="bbox 233 2482 940 2516; baseline -0.007 0"><span class='ocrx_word' id='word_1_323' title='bbox 233 2494 270 2515; x_wconf 83' lang='lat' dir='ltr'><strong>ne</strong></span> <span class='ocrx_word' id='word_1_324' title='bbox 294 2484 412 2516; x_wconf 82' lang='lat' dir='ltr'><strong>homini</strong></span> <span class='ocrx_word' id='word_1_325' title='bbox 434 2483 512 2514; x_wconf 81' lang='lat' dir='ltr'><strong>nihil</strong></span> <span class='ocrx_word' id='word_1_326' title='bbox 542 2484 581 2513; x_wconf 82' lang='lat' dir='ltr'><strong>sit</strong></span> <span class='ocrx_word' id='word_1_327' title='bbox 613 2492 674 2513; x_wconf 72' lang='lat' dir='ltr'><strong>non</strong></span> <span class='ocrx_word' id='word_1_328' title='bbox 696 2483 817 2512; x_wconf 84' lang='lat' dir='ltr'><strong>malum</strong></span> <span class='ocrx_word' id='word_1_329' title='bbox 849 2482 940 2512; x_wconf 83' lang='lat' dir='ltr'><strong>aliud</strong></span> 
     </span>
     <span class='ocr_line' id='line_1_50' title="bbox 164 2527 940 2569; baseline -0.006 -8"><span class='ocrx_word' id='word_1_330' title='bbox 164 2532 262 2569; x_wconf 84' lang='lat' dir='ltr'><strong>certe,</strong></span> <span class='ocrx_word' id='word_1_331' title='bbox 286 2530 340 2562; x_wconf 81' lang='lat' dir='ltr'><strong>sed</strong></span> <span class='ocrx_word' id='word_1_332' title='bbox 364 2530 442 2561; x_wconf 83' lang='lat' dir='ltr'><strong>nihil</strong></span> <span class='ocrx_word' id='word_1_333' title='bbox 462 2529 575 2559; x_wconf 87' lang='lat' dir='ltr'><strong>bonum</strong></span> <span class='ocrx_word' id='word_1_334' title='bbox 598 2528 687 2558; x_wconf 83' lang='lat' dir='ltr'><strong>aliud</strong></span> <span class='ocrx_word' id='word_1_335' title='bbox 707 2527 826 2567; x_wconf 81' lang='lat' dir='ltr'><strong>polius]</strong></span> <span class='ocrx_word' id='word_1_336' title='bbox 853 2527 940 2556; x_wconf 88' lang='lat' dir='ltr'><strong>Sen-</strong></span> 
     </span>
     <span class='ocr_line' id='line_1_51' title="bbox 166 2571 939 2616; baseline -0.009 -8"><span class='ocrx_word' id='word_1_337' title='bbox 166 2576 272 2607; x_wconf 78' lang='lat' dir='ltr'><strong>tentia</strong></span> <span class='ocrx_word' id='word_1_338' title='bbox 312 2576 432 2607; x_wconf 87' lang='lat' dir='ltr'><strong>horum</strong></span> <span class='ocrx_word' id='word_1_339' title='bbox 465 2571 713 2616; x_wconf 88' lang='lat' dir='ltr'><strong>impeditiorum</strong></span> <span class='ocrx_word' id='word_1_340' title='bbox 760 2571 939 2602; x_wconf 87' lang='lat' dir='ltr'><strong>verborum</strong></span> 
     </span>
     <span class='ocr_line' id='line_1_52' title="bbox 166 2615 938 2656; baseline -0.01 -2"><span class='ocrx_word' id='word_1_341' title='bbox 166 2620 251 2654; x_wconf 84' lang='lat' dir='ltr'><strong>haec</strong></span> <span class='ocrx_word' id='word_1_342' title='bbox 271 2628 340 2654; x_wconf 87' lang='lat' dir='ltr'><strong>est:</strong></span> <span class='ocrx_word' id='word_1_343' title='bbox 365 2625 497 2652; x_wconf 86' lang='lat' dir='ltr'><strong>tantum</strong></span> <span class='ocrx_word' id='word_1_344' title='bbox 521 2618 626 2656; x_wconf 87' lang='lat' dir='ltr'><strong>abest,</strong></span> <span class='ocrx_word' id='word_1_345' title='bbox 649 2623 684 2648; x_wconf 88' lang='lat' dir='ltr'><strong>ut</strong></span> <span class='ocrx_word' id='word_1_346' title='bbox 704 2627 794 2648; x_wconf 91' lang='lat' dir='ltr'><strong>mors</strong></span> <span class='ocrx_word' id='word_1_347' title='bbox 817 2615 938 2647; x_wconf 87' lang='lat' dir='ltr'><strong>malum</strong></span> 
     </span>
     <span class='ocr_line' id='line_1_53' title="bbox 167 2660 938 2707; baseline -0.012 -7"><span class='ocrx_word' id='word_1_348' title='bbox 167 2666 230 2707; x_wconf 85' lang='lat' dir='ltr'><strong>sit,</strong></span> <span class='ocrx_word' id='word_1_349' title='bbox 275 2675 310 2699; x_wconf 92' lang='lat' dir='ltr'><strong>ut</strong></span> <span class='ocrx_word' id='word_1_350' title='bbox 346 2665 428 2699; x_wconf 88' lang='lat' dir='ltr'><strong>nihil</strong></span> <span class='ocrx_word' id='word_1_351' title='bbox 463 2663 554 2697; x_wconf 90' lang='lat' dir='ltr'><strong>aliud</strong></span> <span class='ocrx_word' id='word_1_352' title='bbox 587 2662 690 2696; x_wconf 91' lang='lat' dir='ltr'><strong>maius</strong></span> <span class='ocrx_word' id='word_1_353' title='bbox 724 2662 850 2693; x_wconf 91' lang='lat' dir='ltr'><strong>bonum</strong></span> <span class='ocrx_word' id='word_1_354' title='bbox 883 2660 938 2699; x_wconf 87' lang='lat' dir='ltr'><strong>sit,</strong></span> 
     </span>
     <span class='ocr_line' id='line_1_54' title="bbox 166 2705 937 2756; baseline -0.013 -10"><span class='ocrx_word' id='word_1_355' title='bbox 166 2724 266 2756; x_wconf 87' lang='lat' dir='ltr'><strong>quam</strong></span> <span class='ocrx_word' id='word_1_356' title='bbox 286 2724 394 2752; x_wconf 86' lang='lat' dir='ltr'><strong>mors,</strong></span> <span class='ocrx_word' id='word_1_357' title='bbox 429 2709 592 2755; x_wconf 87' lang='lat' dir='ltr'><strong>siquidem</strong></span> <span class='ocrx_word' id='word_1_358' title='bbox 622 2707 677 2741; x_wconf 89' lang='lat' dir='ltr'><strong>vel</strong></span> <span class='ocrx_word' id='word_1_359' title='bbox 711 2707 757 2739; x_wconf 88' lang='lat' dir='ltr'><strong>dii</strong></span> <span class='ocrx_word' id='word_1_360' title='bbox 771 2713 833 2738; x_wconf 86' lang='lat' dir='ltr'><strong>etc.</strong></span> <span class='ocrx_word' id='word_1_361' title='bbox 883 2705 937 2737; x_wconf 89' lang='lat' dir='ltr'><strong>Cf.</strong></span> 
     </span>
     <span class='ocr_line' id='line_1_55' title="bbox 168 2753 940 2800; baseline -0.013 -8"><span class='ocrx_word' id='word_1_362' title='bbox 168 2771 195 2791; x_wconf 84' lang='lat' dir='ltr'><strong>c.</strong></span> <span class='ocrx_word' id='word_1_363' title='bbox 212 2758 268 2798; x_wconf 74' lang='lat'><strong>46,</strong></span> <span class='ocrx_word' id='word_1_364' title='bbox 294 2761 373 2791; x_wconf 84' lang='lat'><strong>110:</strong></span> <span class='ocrx_word' id='word_1_365' title='bbox 398 2756 433 2789; x_wconf 86' lang='lat' dir='ltr'><strong>in</strong></span> <span class='ocrx_word' id='word_1_366' title='bbox 456 2768 520 2800; x_wconf 88' lang='lat' dir='ltr'><strong>qua</strong></span> <span class='ocrx_word' id='word_1_367' title='bbox 545 2758 603 2799; x_wconf 71' lang='lat' dir='ltr'><strong>(sc.</strong></span> <span class='ocrx_word' id='word_1_368' title='bbox 624 2753 746 2794; x_wconf 71' lang='lat' dir='ltr'><strong>morte)</strong></span> <span class='ocrx_word' id='word_1_369' title='bbox 768 2758 825 2784; x_wconf 84' lang='lat' dir='ltr'><strong>aut</strong></span> <span class='ocrx_word' id='word_1_370' title='bbox 845 2763 940 2784; x_wconf 85' lang='lat' dir='ltr'><strong>sum-</strong></span> 
     </span>
     <span class='ocr_line' id='line_1_56' title="bbox 166 2797 939 2843; baseline -0.012 -6"><span class='ocrx_word' id='word_1_371' title='bbox 166 2815 258 2836; x_wconf 87' lang='lat' dir='ltr'><strong>mum</strong></span> <span class='ocrx_word' id='word_1_372' title='bbox 288 2805 434 2843; x_wconf 88' lang='lat' dir='ltr'><strong>bonum,</strong></span> <span class='ocrx_word' id='word_1_373' title='bbox 470 2808 527 2835; x_wconf 89' lang='lat' dir='ltr'><strong>aut</strong></span> <span class='ocrx_word' id='word_1_374' title='bbox 560 2800 685 2834; x_wconf 89' lang='lat' dir='ltr'><strong>nullum</strong></span> <span class='ocrx_word' id='word_1_375' title='bbox 712 2797 836 2830; x_wconf 75' lang='lat' dir='ltr'><strong>malum</strong></span> <span class='ocrx_word' id='word_1_376' title='bbox 866 2808 939 2829; x_wconf 85' lang='lat' dir='ltr'><strong>esse</strong></span> 
     </span>
     <span class='ocr_line' id='line_1_57' title="bbox 169 2842 939 2891; baseline -0.009 -11"><span class='ocrx_word' id='word_1_377' title='bbox 169 2850 395 2891; x_wconf 86' lang='lat' dir='ltr'><strong>cognovimus.</strong></span> <span class='ocrx_word' id='word_1_378' title='bbox 441 2850 564 2881; x_wconf 84' lang='lat' dir='ltr'><strong>Verte:</strong></span> <span class='ocrx_word' id='word_1_379' title='bbox 588 2845 667 2878; x_wconf 87' lang='lat' dir='ltr'><strong>weit</strong></span> <span class='ocrx_word' id='word_1_380' title='bbox 689 2843 838 2888; x_wconf 55' lang='lat' dir='ltr'><strong>geraha,</strong></span> <span class='ocrx_word' id='word_1_381' title='bbox 863 2842 939 2874; x_wconf 88' lang='lat' dir='ltr'><strong>dass</strong></span> 
     </span>
     <span class='ocr_line' id='line_1_58' title="bbox 170 2888 940 2930; baseline -0.008 -6"><span class='ocrx_word' id='word_1_382' title='bbox 170 2892 230 2925; x_wconf 83' lang='lat' dir='ltr'><strong>der</strong></span> <span class='ocrx_word' id='word_1_383' title='bbox 250 2896 327 2928; x_wconf 91' lang='lat' dir='ltr'><strong>Tod</strong></span> <span class='ocrx_word' id='word_1_384' title='bbox 350 2896 404 2928; x_wconf 85' lang='lat' dir='ltr'><strong>ein</strong></span> <span class='ocrx_word' id='word_1_385' title='bbox 426 2894 536 2927; x_wconf 87' lang='lat' dir='ltr'><strong>Uebel</strong></span> <span class='ocrx_word' id='word_1_386' title='bbox 557 2893 630 2926; x_wconf 87' lang='lat' dir='ltr'><strong>sein</strong></span> <span class='ocrx_word' id='word_1_387' title='bbox 651 2891 769 2930; x_wconf 89' lang='lat' dir='ltr'><strong>sollte,</strong></span> <span class='ocrx_word' id='word_1_388' title='bbox 803 2888 940 2921; x_wconf 81' lang='lat' dir='ltr'><strong>m6chte</strong></span> 
     </span>
     <span class='ocr_line' id='line_1_59' title="bbox 169 2934 940 2983; baseline -0.008 -13"><span class='ocrx_word' id='word_1_389' title='bbox 169 2938 225 2971; x_wconf 80' lang='lat' dir='ltr'><strong>ich</strong></span> <span class='ocrx_word' id='word_1_390' title='bbox 247 2940 406 2973; x_wconf 83' lang='lat' dir='ltr'><strong>vielmehr</strong></span> <span class='ocrx_word' id='word_1_391' title='bbox 436 2940 599 2983; x_wconf 86' lang='lat' dir='ltr'><strong>glauben,</strong></span> <span class='ocrx_word' id='word_1_392' title='bbox 639 2949 673 2970; x_wconf 88' lang='lat' dir='ltr'><strong>es</strong></span> <span class='ocrx_word' id='word_1_393' title='bbox 706 2935 789 2980; x_wconf 88' lang='lat' dir='ltr'><strong>gebe</strong></span> <span class='ocrx_word' id='word_1_394' title='bbox 812 2934 940 2977; x_wconf 85' lang='lat' dir='ltr'><strong>wenig—</strong></span> 
     </span>
     <span class='ocr_line' id='line_1_60' title="bbox 172 2980 940 3028; baseline -0.01 -9"><span class='ocrx_word' id='word_1_395' title='bbox 172 2992 263 3019; x_wconf 84' lang='lat' dir='ltr'><strong>stens</strong></span> <span class='ocrx_word' id='word_1_396' title='bbox 281 2985 392 3019; x_wconf 88' lang='lat' dir='ltr'><strong>nichts</strong></span> <span class='ocrx_word' id='word_1_397' title='bbox 409 2986 569 3028; x_wconf 76' lang='lat' dir='ltr'><strong>Anderes,</strong></span> <span class='ocrx_word' id='word_1_398' title='bbox 592 2996 658 3018; x_wconf 81' lang='lat' dir='ltr'><strong>was</strong></span> <span class='ocrx_word' id='word_1_399' title='bbox 679 2983 734 3016; x_wconf 77' lang='lat' dir='ltr'><strong>fur</strong></span> <span class='ocrx_word' id='word_1_400' title='bbox 752 2980 819 3014; x_wconf 88' lang='lat' dir='ltr'><strong>den</strong></span> <span class='ocrx_word' id='word_1_401' title='bbox 837 2981 940 3013; x_wconf 84' lang='lat' dir='ltr'><strong>Men-</strong></span> 
     </span>
    </p>
   </div>
   <div class='ocr_carea' id='block_1_9' title="bbox 972 1064 1752 3022">
    <p class='ocr_par' dir='ltr' id='par_1_12' title="bbox 974 1064 1752 1199">
     <span class='ocr_line' id='line_1_61' title="bbox 975 1064 1751 1110; baseline 0 -12"><span class='ocrx_word' id='word_1_402' title='bbox 975 1066 1075 1098; x_wconf 80' lang='lat' dir='ltr'><strong>schen</strong></span> <span class='ocrx_word' id='word_1_403' title='bbox 1098 1077 1135 1098; x_wconf 89' lang='lat' dir='ltr'><strong>so</strong></span> <span class='ocrx_word' id='word_1_404' title='bbox 1157 1065 1232 1098; x_wconf 86' lang='lat' dir='ltr'><strong>kein</strong></span> <span class='ocrx_word' id='word_1_405' title='bbox 1256 1064 1365 1098; x_wconf 86' lang='lat' dir='ltr'><strong>Uebel</strong></span> <span class='ocrx_word' id='word_1_406' title='bbox 1389 1064 1436 1109; x_wconf 87' lang='lat' dir='ltr'><strong>(d.</strong></span> <span class='ocrx_word' id='word_1_407' title='bbox 1450 1064 1484 1098; x_wconf 92' lang='lat' dir='ltr'><strong>h.</strong></span> <span class='ocrx_word' id='word_1_408' title='bbox 1507 1076 1546 1098; x_wconf 77' lang='lat' dir='ltr'><strong>so</strong></span> <span class='ocrx_word' id='word_1_409' title='bbox 1567 1065 1675 1110; x_wconf 89' lang='lat' dir='ltr'><strong>wenig</strong></span> <span class='ocrx_word' id='word_1_410' title='bbox 1696 1065 1751 1099; x_wconf 85' lang='lat' dir='ltr'><strong>ein</strong></span> 
     </span>
     <span class='ocr_line' id='line_1_62' title="bbox 975 1110 1752 1153; baseline 0.001 -10"><span class='ocrx_word' id='word_1_411' title='bbox 975 1112 1096 1153; x_wconf 81' lang='lat' dir='ltr'><strong>Uebel)</strong></span> <span class='ocrx_word' id='word_1_412' title='bbox 1123 1112 1191 1153; x_wconf 84' lang='lat' dir='ltr'><strong>sei,</strong></span> <span class='ocrx_word' id='word_1_413' title='bbox 1227 1111 1259 1153; x_wconf 84' lang='lat' dir='ltr'><strong>ja</strong></span> <span class='ocrx_word' id='word_1_414' title='bbox 1283 1111 1393 1143; x_wconf 87' lang='lat' dir='ltr'><strong>nichts</strong></span> <span class='ocrx_word' id='word_1_415' title='bbox 1415 1110 1582 1151; x_wconf 83' lang='lat' dir='ltr'><strong>Anderes,</strong></span> <span class='ocrx_word' id='word_1_416' title='bbox 1608 1123 1673 1143; x_wconf 87' lang='lat' dir='ltr'><strong>was</strong></span> <span class='ocrx_word' id='word_1_417' title='bbox 1696 1111 1752 1144; x_wconf 70' lang='lat' dir='ltr'><strong>fur</strong></span> 
     </span>
     <span class='ocr_line' id='line_1_63' title="bbox 974 1156 1750 1199; baseline 0.001 -10"><span class='ocrx_word' id='word_1_418' title='bbox 974 1157 1033 1190; x_wconf 87' lang='lat' dir='ltr'><strong>ihn</strong></span> <span class='ocrx_word' id='word_1_419' title='bbox 1059 1158 1111 1190; x_wconf 87' lang='lat' dir='ltr'><strong>ein</strong></span> <span class='ocrx_word' id='word_1_420' title='bbox 1137 1156 1403 1199; x_wconf 73' lang='lat' dir='ltr'><strong>vorz‘uglicheres</strong></span> <span class='ocrx_word' id='word_1_421' title='bbox 1430 1157 1499 1190; x_wconf 90' lang='lat' dir='ltr'><strong>Gut</strong></span> <span class='ocrx_word' id='word_1_422' title='bbox 1528 1156 1599 1189; x_wconf 88' lang='lat' dir='ltr'><strong>sein</strong></span> <span class='ocrx_word' id='word_1_423' title='bbox 1624 1157 1750 1190; x_wconf 70' lang='lat' dir='ltr'><strong>konne-</strong></span> 
     </span>
    </p>

    <p class='ocr_par' dir='ltr' id='par_1_13' title="bbox 973 1202 1751 1338">
     <span class='ocr_line' id='line_1_64' title="bbox 1045 1202 1751 1246; baseline 0.003 -12"><span class='ocrx_word' id='word_1_424' title='bbox 1045 1205 1129 1243; x_wconf 83' lang='lat' dir='ltr'><strong>Quid</strong></span> <span class='ocrx_word' id='word_1_425' title='bbox 1149 1205 1241 1244; x_wconf 74' lang='lat' dir='ltr'><strong>refert</strong></span> <span class='ocrx_word' id='word_1_426' title='bbox 1253 1202 1284 1246; x_wconf 69' lang='lat'><strong>2]</strong></span> <span class='ocrx_word' id='word_1_427' title='bbox 1319 1204 1372 1235; x_wconf 88' lang='lat' dir='ltr'><strong>Sc.</strong></span> <span class='ocrx_word' id='word_1_428' title='bbox 1397 1209 1507 1235; x_wconf 89' lang='lat' dir='ltr'><strong>utrum</strong></span> <span class='ocrx_word' id='word_1_429' title='bbox 1531 1202 1576 1234; x_wconf 88' lang='lat' dir='ltr'><strong>dii</strong></span> <span class='ocrx_word' id='word_1_430' title='bbox 1598 1202 1684 1246; x_wconf 87' lang='lat' dir='ltr'><strong>ipsi,</strong></span> <span class='ocrx_word' id='word_1_431' title='bbox 1708 1214 1751 1236; x_wconf 89' lang='lat' dir='ltr'><strong>an</strong></span> 
     </span>
     <span class='ocr_line' id='line_1_65' title="bbox 976 1247 1751 1293; baseline 0.001 -13"><span class='ocrx_word' id='word_1_432' title='bbox 976 1260 1050 1281; x_wconf 88' lang='lat' dir='ltr'><strong>curn</strong></span> <span class='ocrx_word' id='word_1_433' title='bbox 1083 1248 1144 1280; x_wconf 86' lang='lat' dir='ltr'><strong>diis</strong></span> <span class='ocrx_word' id='word_1_434' title='bbox 1178 1249 1281 1280; x_wconf 81' lang='lat' dir='ltr'><strong>futuri</strong></span> <span class='ocrx_word' id='word_1_435' title='bbox 1314 1247 1437 1287; x_wconf 79' lang='lat' dir='ltr'><strong>simus3</strong></span> <span class='ocrx_word' id='word_1_436' title='bbox 1474 1259 1551 1280; x_wconf 90' lang='lat' dir='ltr'><strong>nam</strong></span> <span class='ocrx_word' id='word_1_437' title='bbox 1573 1254 1751 1293; x_wconf 84' lang='lat' dir='ltr'><strong>utrumque</strong></span> 
     </span>
     <span class='ocr_line' id='line_1_66' title="bbox 973 1295 1264 1338; baseline -0.003 -12"><span class='ocrx_word' id='word_1_438' title='bbox 973 1295 1179 1338; x_wconf 80' lang='lat' dir='ltr'><strong>praeclarum</strong></span> <span class='ocrx_word' id='word_1_439' title='bbox 1203 1300 1264 1325; x_wconf 88' lang='lat' dir='ltr'><strong>est.</strong></span> 
     </span>
    </p>

    <p class='ocr_par' dir='ltr' id='par_1_14' title="bbox 972 1339 1751 1703">
     <span class='ocr_line' id='line_1_67' title="bbox 1042 1339 1751 1383; baseline 0 -11"><span class='ocrx_word' id='word_1_440' title='bbox 1042 1342 1163 1372; x_wconf 79' lang='lat' dir='ltr'><strong>Adsunt</strong></span> <span class='ocrx_word' id='word_1_441' title='bbox 1195 1339 1290 1383; x_wconf 82' lang='lat' dir='ltr'><strong>enim]</strong></span> <span class='ocrx_word' id='word_1_442' title='bbox 1317 1340 1406 1371; x_wconf 81' lang='lat' dir='ltr'><strong>Part.</strong></span> <span class='ocrx_word' id='word_1_443' title='bbox 1437 1340 1521 1372; x_wconf 83' lang='lat' dir='ltr'><strong>enim</strong></span> <span class='ocrx_word' id='word_1_444' title='bbox 1550 1350 1619 1371; x_wconf 91' lang='lat' dir='ltr'><strong>non</strong></span> <span class='ocrx_word' id='word_1_445' title='bbox 1642 1339 1751 1372; x_wconf 82' lang='lat' dir='ltr'><strong>ratio-</strong></span> 
     </span>
     <span class='ocr_line' id='line_1_68' title="bbox 974 1385 1751 1428; baseline 0 -10"><span class='ocrx_word' id='word_1_446' title='bbox 974 1397 1049 1418; x_wconf 86' lang='lat' dir='ltr'><strong>nem</strong></span> <span class='ocrx_word' id='word_1_447' title='bbox 1072 1385 1183 1417; x_wconf 86' lang='lat' dir='ltr'><strong>reddit</strong></span> <span class='ocrx_word' id='word_1_448' title='bbox 1206 1385 1356 1428; x_wconf 79' lang='lat' dir='ltr'><strong>proxime</strong></span> <span class='ocrx_word' id='word_1_449' title='bbox 1379 1395 1648 1427; x_wconf 82' lang='lat' dir='ltr'><strong>praegressorum</strong></span> <span class='ocrx_word' id='word_1_450' title='bbox 1671 1397 1751 1418; x_wconf 84' lang='lat' dir='ltr'><strong>ver-</strong></span> 
     </span>
     <span class='ocr_line' id='line_1_69' title="bbox 974 1430 1748 1471; baseline -0.001 -8"><span class='ocrx_word' id='word_1_451' title='bbox 974 1431 1091 1463; x_wconf 88' lang='lat' dir='ltr'><strong>borum</strong></span> <span class='ocrx_word' id='word_1_452' title='bbox 1115 1430 1295 1463; x_wconf 80' lang='lat' dir='ltr'><strong>adversarii</strong></span> <span class='ocrx_word' id='word_1_453' title='bbox 1321 1432 1398 1471; x_wconf 80' lang='lat' dir='ltr'><strong>quid</strong></span> <span class='ocrx_word' id='word_1_454' title='bbox 1422 1432 1536 1471; x_wconf 73' lang='lat' dir='ltr'><strong>refert,</strong></span> <span class='ocrx_word' id='word_1_455' title='bbox 1570 1430 1630 1462; x_wconf 88' lang='lat' dir='ltr'><strong>sed</strong></span> <span class='ocrx_word' id='word_1_456' title='bbox 1655 1431 1748 1463; x_wconf 86' lang='lat' dir='ltr'><strong>refe-</strong></span> 
     </span>
     <span class='ocr_line' id='line_1_70' title="bbox 974 1475 1749 1520; baseline -0.003 -11"><span class='ocrx_word' id='word_1_457' title='bbox 974 1477 1076 1510; x_wconf 80' lang='lat' dir='ltr'><strong>renda</strong></span> <span class='ocrx_word' id='word_1_458' title='bbox 1109 1484 1160 1509; x_wconf 86' lang='lat' dir='ltr'><strong>est</strong></span> <span class='ocrx_word' id='word_1_459' title='bbox 1188 1476 1231 1508; x_wconf 81' lang='lat' dir='ltr'><strong>ad</strong></span> <span class='ocrx_word' id='word_1_460' title='bbox 1254 1475 1456 1508; x_wconf 87' lang='lat' dir='ltr'><strong>sententiam</strong></span> <span class='ocrx_word' id='word_1_461' title='bbox 1491 1475 1635 1519; x_wconf 87' lang='lat' dir='ltr'><strong>aliquam</strong></span> <span class='ocrx_word' id='word_1_462' title='bbox 1665 1488 1749 1520; x_wconf 87' lang='lat' dir='ltr'><strong>sup-</strong></span> 
     </span>
     <span class='ocr_line' id='line_1_71' title="bbox 974 1522 1751 1566; baseline 0.001 -12"><span class='ocrx_word' id='word_1_463' title='bbox 974 1535 1141 1566; x_wconf 81' lang='lat' dir='ltr'><strong>pressam,</strong></span> <span class='ocrx_word' id='word_1_464' title='bbox 1178 1522 1300 1554; x_wconf 86' lang='lat' dir='ltr'><strong>veluti:</strong></span> <span class='ocrx_word' id='word_1_465' title='bbox 1343 1525 1380 1554; x_wconf 78' lang='lat' dir='ltr'><strong>At</strong></span> <span class='ocrx_word' id='word_1_466' title='bbox 1409 1532 1473 1554; x_wconf 81' lang='lat' dir='ltr'><strong>non</strong></span> <span class='ocrx_word' id='word_1_467' title='bbox 1501 1531 1607 1554; x_wconf 83' lang='lat' dir='ltr'><strong>omnes</strong></span> <span class='ocrx_word' id='word_1_468' title='bbox 1639 1524 1751 1556; x_wconf 84' lang='lat' dir='ltr'><strong>eadem</strong></span> 
     </span>
     <span class='ocr_line' id='line_1_72' title="bbox 973 1568 1748 1611; baseline 0 -11"><span class='ocrx_word' id='word_1_469' title='bbox 973 1571 1127 1610; x_wconf 73' lang='lat' dir='ltr'><strong>seruiunt,-</strong></span> <span class='ocrx_word' id='word_1_470' title='bbox 1163 1570 1278 1600; x_wconf 77' lang='lat' dir='ltr'><strong>adsunt</strong></span> <span class='ocrx_word' id='word_1_471' title='bbox 1313 1570 1395 1600; x_wconf 80' lang='lat' dir='ltr'><strong>enim</strong></span> <span class='ocrx_word' id='word_1_472' title='bbox 1412 1573 1477 1600; x_wconf 90' lang='lat' dir='ltr'><strong>etc.</strong></span> <span class='ocrx_word' id='word_1_473' title='bbox 1526 1568 1577 1599; x_wconf 88' lang='lat' dir='ltr'><strong>De</strong></span> <span class='ocrx_word' id='word_1_474' title='bbox 1602 1578 1668 1611; x_wconf 91' lang='lat' dir='ltr'><strong>quo</strong></span> <span class='ocrx_word' id='word_1_475' title='bbox 1697 1568 1748 1600; x_wconf 90' lang='lat' dir='ltr'><strong>el-</strong></span> 
     </span>
     <span class='ocr_line' id='line_1_73' title="bbox 972 1612 1749 1658; baseline 0.004 -13"><span class='ocrx_word' id='word_1_476' title='bbox 972 1614 1090 1657; x_wconf 88' lang='lat' dir='ltr'><strong>liptico</strong></span> <span class='ocrx_word' id='word_1_477' title='bbox 1106 1614 1288 1658; x_wconf 75' lang='lat' dir='ltr'><strong>particulae</strong></span> <span class='ocrx_word' id='word_1_478' title='bbox 1309 1615 1392 1645; x_wconf 81' lang='lat' dir='ltr'><strong>enim</strong></span> <span class='ocrx_word' id='word_1_479' title='bbox 1411 1624 1471 1645; x_wconf 91' lang='lat' dir='ltr'><strong>usu</strong></span> <span class='ocrx_word' id='word_1_480' title='bbox 1492 1624 1593 1657; x_wconf 85' lang='lat' dir='ltr'><strong>supra</strong></span> <span class='ocrx_word' id='word_1_481' title='bbox 1612 1613 1655 1646; x_wconf 89' lang='lat' dir='ltr'><strong>ad</strong></span> <span class='ocrx_word' id='word_1_482' title='bbox 1675 1624 1704 1646; x_wconf 89' lang='lat' dir='ltr'><strong>c.</strong></span> <span class='ocrx_word' id='word_1_483' title='bbox 1714 1612 1749 1655; x_wconf 83' lang='grc'><strong>6,</strong></span> 
     </span>
     <span class='ocr_line' id='line_1_74' title="bbox 976 1660 1342 1703; baseline -0.011 -10"><span class='ocrx_word' id='word_1_484' title='bbox 976 1661 1027 1694; x_wconf 83' lang='lat' dir='ltr'><strong>ll.</strong></span> <span class='ocrx_word' id='word_1_485' title='bbox 1056 1660 1276 1703; x_wconf 77' lang='lat' dir='ltr'><strong>exposuimus.</strong></span> <span class='ocrx_word' id='word_1_486' title='bbox 1306 1677 1342 1682; x_wconf 97' lang='lat'><strong>—</strong></span> 
     </span>
    </p>

    <p class='ocr_par' dir='ltr' id='par_1_15' title="bbox 972 1703 1750 1784">
     <span class='ocr_line' id='line_1_75' title="bbox 1042 1703 1750 1745; baseline 0 -7"><span class='ocrx_word' id='word_1_487' title='bbox 1042 1710 1068 1738; x_wconf 82' lang='lat' dir='ltr'><strong>le</strong></span> <span class='ocrx_word' id='word_1_488' title='bbox 1102 1708 1135 1738; x_wconf 84' lang='lat' dir='ltr'><strong>in</strong></span> <span class='ocrx_word' id='word_1_489' title='bbox 1166 1707 1221 1738; x_wconf 81' lang='lat' dir='ltr'><strong>hoc</strong></span> <span class='ocrx_word' id='word_1_490' title='bbox 1244 1714 1384 1737; x_wconf 80' lang='lat' dir='ltr'><strong>sermone</strong></span> <span class='ocrx_word' id='word_1_491' title='bbox 1407 1703 1582 1745; x_wconf 76' lang='lat' dir='ltr'><strong>dimittam]</strong></span> <span class='ocrx_word' id='word_1_492' title='bbox 1622 1706 1660 1737; x_wconf 83' lang='lat' dir='ltr'><strong>In</strong></span> <span class='ocrx_word' id='word_1_493' title='bbox 1692 1705 1750 1738; x_wconf 82' lang='lat' dir='ltr'><strong>hoc</strong></span> 
     </span>
     <span class='ocr_line' id='line_1_76' title="bbox 972 1751 1665 1784; baseline -0.001 -1"><span class='ocrx_word' id='word_1_494' title='bbox 972 1761 998 1784; x_wconf 85' lang='lat' dir='ltr'><strong>s.</strong></span> <span class='ocrx_word' id='word_1_495' title='bbox 1021 1757 1071 1783; x_wconf 85' lang='lat' dir='ltr'><strong>est</strong></span> <span class='ocrx_word' id='word_1_496' title='bbox 1095 1753 1171 1783; x_wconf 82' lang='lat' dir='ltr'><strong>dum</strong></span> <span class='ocrx_word' id='word_1_497' title='bbox 1194 1753 1226 1782; x_wconf 83' lang='lat' dir='ltr'><strong>in</strong></span> <span class='ocrx_word' id='word_1_498' title='bbox 1251 1751 1308 1782; x_wconf 86' lang='lat' dir='ltr'><strong>hoc</strong></span> <span class='ocrx_word' id='word_1_499' title='bbox 1331 1759 1469 1782; x_wconf 87' lang='lat' dir='ltr'><strong>sermone</strong></span> <span class='ocrx_word' id='word_1_500' title='bbox 1487 1759 1665 1782; x_wconf 82' lang='lat' dir='ltr'><strong>versamur.</strong></span> 
     </span>
    </p>

    <p class='ocr_par' dir='ltr' id='par_1_16' title="bbox 1044 1795 1518 1837">
     <span class='ocr_line' id='line_1_77' title="bbox 1044 1795 1518 1837; baseline -0.004 -9"><span class='ocrx_word' id='word_1_501' title='bbox 1044 1799 1111 1829; x_wconf 84' lang='lat' dir='ltr'><strong>ulla</strong></span> <span class='ocrx_word' id='word_1_502' title='bbox 1128 1798 1190 1837; x_wconf 79' lang='lat' dir='ltr'><strong>uti]</strong></span> <span class='ocrx_word' id='word_1_503' title='bbox 1217 1796 1257 1827; x_wconf 91' lang='lat' dir='ltr'><strong>V.</strong></span> <span class='ocrx_word' id='word_1_504' title='bbox 1280 1795 1322 1827; x_wconf 90' lang='lat' dir='ltr'><strong>ad</strong></span> <span class='ocrx_word' id='word_1_505' title='bbox 1346 1796 1370 1827; x_wconf 90' lang='grc' dir='ltr'><strong>Ι.</strong></span> <span class='ocrx_word' id='word_1_506' title='bbox 1395 1798 1438 1834; x_wconf 75' lang='grc' dir='ltr'><strong>ὅ,</strong></span> <span class='ocrx_word' id='word_1_507' title='bbox 1469 1795 1518 1828; x_wconf 79' lang='grc'><strong>16.</strong></span> 
     </span>
    </p>

    <p class='ocr_par' dir='ltr' id='par_1_17' title="bbox 974 1839 1749 1924">
     <span class='ocr_line' id='line_1_78' title="bbox 1042 1839 1749 1883; baseline -0.001 -9"><span class='ocrx_word' id='word_1_508' title='bbox 1042 1842 1097 1877; x_wconf 83' lang='lat'><strong>77.</strong></span> <span class='ocrx_word' id='word_1_509' title='bbox 1146 1843 1208 1882; x_wconf 83' lang='lat' dir='ltr'><strong>Qui</strong></span> <span class='ocrx_word' id='word_1_510' title='bbox 1234 1844 1332 1882; x_wconf 82' lang='lat' dir='ltr'><strong>potest</strong></span> <span class='ocrx_word' id='word_1_511' title='bbox 1354 1860 1400 1866; x_wconf 92' lang='lat'>—</span> <span class='ocrx_word' id='word_1_512' title='bbox 1425 1842 1487 1880; x_wconf 78' lang='lat' dir='ltr'><strong>Qui</strong></span> <span class='ocrx_word' id='word_1_513' title='bbox 1517 1841 1631 1883; x_wconf 78' lang='lat' dir='ltr'><strong>possit]</strong></span> <span class='ocrx_word' id='word_1_514' title='bbox 1667 1839 1749 1874; x_wconf 87' lang='lat' dir='ltr'><strong>Scil.</strong></span> 
     </span>
     <span class='ocr_line' id='line_1_79' title="bbox 974 1886 1422 1924; baseline -0.007 -4"><span class='ocrx_word' id='word_1_515' title='bbox 974 1888 1056 1921; x_wconf 87' lang='lat' dir='ltr'><strong>fieri.</strong></span> <span class='ocrx_word' id='word_1_516' title='bbox 1104 1889 1144 1920; x_wconf 91' lang='lat' dir='ltr'><strong>V.</strong></span> <span class='ocrx_word' id='word_1_517' title='bbox 1166 1886 1210 1919; x_wconf 88' lang='lat' dir='ltr'><strong>ad</strong></span> <span class='ocrx_word' id='word_1_518' title='bbox 1232 1898 1260 1919; x_wconf 92' lang='lat' dir='ltr'><strong>c.</strong></span> <span class='ocrx_word' id='word_1_519' title='bbox 1281 1887 1341 1924; x_wconf 86' lang='lat'><strong>12,</strong></span> <span class='ocrx_word' id='word_1_520' title='bbox 1365 1886 1422 1918; x_wconf 78' lang='lat'><strong>23.</strong></span> 
     </span>
    </p>

    <p class='ocr_par' dir='ltr' id='par_1_18' title="bbox 975 1930 1748 2020">
     <span class='ocr_line' id='line_1_80' title="bbox 1041 1930 1748 1975; baseline 0 -9"><span class='ocrx_word' id='word_1_521' title='bbox 1041 1944 1096 1966; x_wconf 77' lang='lat' dir='ltr'><strong>nec</strong></span> <span class='ocrx_word' id='word_1_522' title='bbox 1119 1935 1220 1965; x_wconf 86' lang='lat' dir='ltr'><strong>solum</strong></span> <span class='ocrx_word' id='word_1_523' title='bbox 1240 1930 1480 1975; x_wconf 83' lang='lat' dir='ltr'><strong>Epicureorum]</strong></span> <span class='ocrx_word' id='word_1_524' title='bbox 1518 1931 1559 1963; x_wconf 93' lang='lat' dir='ltr'><strong>V.</strong></span> <span class='ocrx_word' id='word_1_525' title='bbox 1585 1943 1646 1964; x_wconf 86' lang='lat' dir='ltr'><strong>nos</strong></span> <span class='ocrx_word' id='word_1_526' title='bbox 1668 1930 1704 1964; x_wconf 87' lang='lat' dir='ltr'><strong>in</strong></span> <span class='ocrx_word' id='word_1_527' title='bbox 1722 1931 1748 1966; x_wconf 89' lang='lat' dir='ltr'><strong>l.</strong></span> 
     </span>
     <span class='ocr_line' id='line_1_81' title="bbox 975 1976 1566 2020; baseline -0.007 -8"><span class='ocrx_word' id='word_1_528' title='bbox 975 1979 1008 2012; x_wconf 87' lang='lat' dir='ltr'><strong>d.</strong></span> <span class='ocrx_word' id='word_1_529' title='bbox 1033 1981 1070 2012; x_wconf 84' lang='lat' dir='ltr'><strong>de</strong></span> <span class='ocrx_word' id='word_1_530' title='bbox 1094 1980 1156 2011; x_wconf 82' lang='lat' dir='ltr'><strong>Cic.</strong></span> <span class='ocrx_word' id='word_1_531' title='bbox 1179 1981 1211 2010; x_wconf 87' lang='lat' dir='ltr'><strong>in</strong></span> <span class='ocrx_word' id='word_1_532' title='bbox 1229 1979 1282 2018; x_wconf 80' lang='lat' dir='ltr'><strong>ph.</strong></span> <span class='ocrx_word' id='word_1_533' title='bbox 1306 1987 1382 2009; x_wconf 86' lang='lat' dir='ltr'><strong>mer.</strong></span> <span class='ocrx_word' id='word_1_534' title='bbox 1403 1988 1436 2019; x_wconf 89' lang='lat' dir='ltr'><strong>p.</strong></span> <span class='ocrx_word' id='word_1_535' title='bbox 1453 1976 1496 2010; x_wconf 60' lang='lat'><strong>75</strong></span> <span class='ocrx_word' id='word_1_536' title='bbox 1515 1987 1566 2020; x_wconf 90' lang='lat' dir='ltr'><strong>sq.</strong></span> 
     </span>
    </p>

    <p class='ocr_par' dir='ltr' id='par_1_19' title="bbox 972 2023 1752 2744">
     <span class='ocr_line' id='line_1_82' title="bbox 1042 2023 1750 2066; baseline 0 -10"><span class='ocrx_word' id='word_1_537' title='bbox 1042 2035 1119 2066; x_wconf 85' lang='lat' dir='ltr'><strong>quos</strong></span> <span class='ocrx_word' id='word_1_538' title='bbox 1142 2025 1285 2065; x_wconf 84' lang='lat' dir='ltr'><strong>equidem</strong></span> <span class='ocrx_word' id='word_1_539' title='bbox 1302 2033 1364 2055; x_wconf 83' lang='lat' dir='ltr'><strong>non</strong></span> <span class='ocrx_word' id='word_1_540' title='bbox 1386 2024 1535 2063; x_wconf 84' lang='lat' dir='ltr'><strong>despicio,</strong></span> <span class='ocrx_word' id='word_1_541' title='bbox 1553 2023 1609 2055; x_wconf 83' lang='lat' dir='ltr'><strong>sed</strong></span> <span class='ocrx_word' id='word_1_542' title='bbox 1625 2041 1668 2047; x_wconf 91' lang='lat'><em>-</em></span> <span class='ocrx_word' id='word_1_543' title='bbox 1692 2024 1750 2056; x_wconf 80' lang='lat' dir='ltr'><strong>do-</strong></span> 
     </span>
     <span class='ocr_line' id='line_1_83' title="bbox 973 2067 1750 2111; baseline -0.006 -7"><span class='ocrx_word' id='word_1_544' title='bbox 973 2073 1128 2104; x_wconf 78' lang='lat' dir='ltr'><strong>ctissimus</strong></span> <span class='ocrx_word' id='word_1_545' title='bbox 1160 2072 1288 2110; x_wconf 81' lang='lat' dir='ltr'><strong>quisque</strong></span> <span class='ocrx_word' id='word_1_546' title='bbox 1324 2068 1501 2111; x_wconf 74' lang='lat' dir='ltr'><strong>contemnit]</strong></span> <span class='ocrx_word' id='word_1_547' title='bbox 1547 2067 1662 2101; x_wconf 86' lang='lat' dir='ltr'><strong>Oratio</strong></span> <span class='ocrx_word' id='word_1_548' title='bbox 1698 2074 1750 2100; x_wconf 89' lang='lat' dir='ltr'><strong>est</strong></span> 
     </span>
     <span class='ocr_line' id='line_1_84' title="bbox 975 2113 1750 2158; baseline -0.005 -8"><span class='ocrx_word' id='word_1_549' title='bbox 975 2113 1201 2153; x_wconf 69' lang='grc' dir='ltr'>ἅνακόλουὶῖος</span> <span class='ocrx_word' id='word_1_550' title='bbox 1220 2125 1298 2158; x_wconf 86' lang='lat' dir='ltr'><strong>pro:</strong></span> <span class='ocrx_word' id='word_1_551' title='bbox 1327 2116 1479 2146; x_wconf 77' lang='lat' dir='ltr'><strong>Catervae</strong></span> <span class='ocrx_word' id='word_1_552' title='bbox 1497 2115 1625 2146; x_wconf 79' lang='lat' dir='ltr'><strong>veniunt</strong></span> <span class='ocrx_word' id='word_1_553' title='bbox 1641 2117 1750 2146; x_wconf 83' lang='lat' dir='ltr'><strong>eontra</strong></span> 
     </span>
     <span class='ocr_line' id='line_1_85' title="bbox 974 2160 1752 2201; baseline -0.003 -7"><span class='ocrx_word' id='word_1_554' title='bbox 974 2164 1154 2201; x_wconf 75' lang='lat' dir='ltr'><strong>dicentium,</strong></span> <span class='ocrx_word' id='word_1_555' title='bbox 1174 2171 1230 2193; x_wconf 75' lang='lat' dir='ltr'><strong>nec</strong></span> <span class='ocrx_word' id='word_1_556' title='bbox 1248 2162 1349 2192; x_wconf 87' lang='lat' dir='ltr'><strong>solum</strong></span> <span class='ocrx_word' id='word_1_557' title='bbox 1367 2161 1592 2199; x_wconf 82' lang='lat' dir='ltr'><strong>Epicureorum</strong></span> <span class='ocrx_word' id='word_1_558' title='bbox 1611 2177 1651 2183; x_wconf 94' lang='lat'>—</span> <span class='ocrx_word' id='word_1_559' title='bbox 1663 2183 1673 2200; x_wconf 90' lang='lat'><strong>,</strong></span> <span class='ocrx_word' id='word_1_560' title='bbox 1695 2160 1752 2192; x_wconf 78' lang='lat' dir='ltr'><strong>sed</strong></span> 
     </span>
     <span class='ocr_line' id='line_1_86' title="bbox 974 2206 1751 2246; baseline -0.001 -8"><span class='ocrx_word' id='word_1_561' title='bbox 974 2210 1068 2239; x_wconf 80' lang='lat' dir='ltr'><strong>elium</strong></span> <span class='ocrx_word' id='word_1_562' title='bbox 1098 2209 1234 2238; x_wconf 82' lang='lat' dir='ltr'><strong>oliorum</strong></span> <span class='ocrx_word' id='word_1_563' title='bbox 1256 2206 1532 2246; x_wconf 78' lang='lat' dir='ltr'><strong>philosophorum,</strong></span> <span class='ocrx_word' id='word_1_564' title='bbox 1575 2207 1604 2236; x_wconf 86' lang='lat' dir='ltr'><strong>et</strong></span> <span class='ocrx_word' id='word_1_565' title='bbox 1624 2206 1751 2245; x_wconf 80' lang='lat' dir='ltr'><strong>quidem</strong></span> 
     </span>
     <span class='ocr_line' id='line_1_87' title="bbox 972 2251 1751 2284; baseline -0.003 0"><span class='ocrx_word' id='word_1_566' title='bbox 972 2255 1051 2284; x_wconf 81' lang='lat' dir='ltr'><strong>inter</strong></span> <span class='ocrx_word' id='word_1_567' title='bbox 1071 2254 1125 2284; x_wconf 83' lang='lat' dir='ltr'><strong>hos</strong></span> <span class='ocrx_word' id='word_1_568' title='bbox 1147 2253 1296 2283; x_wconf 82' lang='lat' dir='ltr'><strong>acerrime</strong></span> <span class='ocrx_word' id='word_1_569' title='bbox 1317 2251 1531 2282; x_wconf 79' lang='lat' dir='ltr'><strong>Dicaearchus</strong></span> <span class='ocrx_word' id='word_1_570' title='bbox 1550 2253 1661 2282; x_wconf 74' lang='lat' dir='ltr'><strong>contra</strong></span> <span class='ocrx_word' id='word_1_571' title='bbox 1680 2252 1710 2282; x_wconf 83' lang='lat' dir='ltr'><strong>h.</strong></span> <span class='ocrx_word' id='word_1_572' title='bbox 1727 2251 1751 2282; x_wconf 81' lang='lat' dir='ltr'><strong>i.</strong></span> 
     </span>
     <span class='ocr_line' id='line_1_88' title="bbox 973 2294 1751 2337; baseline -0.004 -7"><span class='ocrx_word' id='word_1_573' title='bbox 973 2299 1129 2330; x_wconf 75' lang='lat' dir='ltr'><strong>disseruit.</strong></span> <span class='ocrx_word' id='word_1_574' title='bbox 1164 2295 1311 2328; x_wconf 86' lang='lat' dir='ltr'><strong>Verbum</strong></span> <span class='ocrx_word' id='word_1_575' title='bbox 1331 2296 1467 2335; x_wconf 84' lang='lat' dir='ltr'><strong>despicio</strong></span> <span class='ocrx_word' id='word_1_576' title='bbox 1487 2294 1670 2337; x_wconf 78' lang='grc' dir='ltr'><strong>εἰρωνικῶς</strong></span> <span class='ocrx_word' id='word_1_577' title='bbox 1689 2306 1751 2327; x_wconf 75' lang='lat' dir='ltr'><strong>ao-</strong></span> 
     </span>
     <span class='ocr_line' id='line_1_89' title="bbox 975 2339 1748 2386; baseline -0.003 -12"><span class='ocrx_word' id='word_1_578' title='bbox 975 2342 1186 2386; x_wconf 86' lang='lat' dir='ltr'><strong>cipiendum,</strong></span> <span class='ocrx_word' id='word_1_579' title='bbox 1222 2348 1256 2372; x_wconf 91' lang='lat' dir='ltr'><strong>ut</strong></span> <span class='ocrx_word' id='word_1_580' title='bbox 1290 2339 1379 2372; x_wconf 84' lang='lat' dir='ltr'><strong>infra</strong></span> <span class='ocrx_word' id='word_1_581' title='bbox 1413 2339 1514 2380; x_wconf 80' lang='lat'><strong>11.3‚</strong></span> <span class='ocrx_word' id='word_1_582' title='bbox 1541 2339 1574 2374; x_wconf 89' lang='grc'><strong>7.</strong></span> <span class='ocrx_word' id='word_1_583' title='bbox 1607 2339 1748 2383; x_wconf 87' lang='lat' dir='ltr'><strong>legitur:</strong></span> 
     </span>
     <span class='ocr_line' id='line_1_90' title="bbox 973 2387 1750 2431; baseline -0.004 -11"><span class='ocrx_word' id='word_1_584' title='bbox 973 2399 1051 2429; x_wconf 80' lang='lat' dir='ltr'><strong>quos</strong></span> <span class='ocrx_word' id='word_1_585' title='bbox 1067 2387 1274 2431; x_wconf 53' lang='lat' dir='ltr'><strong>[Epicureos]</strong></span> <span class='ocrx_word' id='word_1_586' title='bbox 1290 2396 1372 2418; x_wconf 78' lang='lat' dir='ltr'><strong>non</strong></span> <span class='ocrx_word' id='word_1_587' title='bbox 1396 2388 1586 2417; x_wconf 79' lang='lat' dir='ltr'><strong>contemn</strong></span> <span class='ocrx_word' id='word_1_588' title='bbox 1599 2395 1616 2417; x_wconf 89' lang='lat' dir='ltr'><strong>o</strong></span> <span class='ocrx_word' id='word_1_589' title='bbox 1637 2395 1682 2426; x_wconf 83' lang='lat' dir='ltr'><strong>eq</strong></span> <span class='ocrx_word' id='word_1_590' title='bbox 1694 2388 1750 2417; x_wconf 86' lang='lat' dir='ltr'><strong>ui-</strong></span> 
     </span>
     <span class='ocr_line' id='line_1_91' title="bbox 973 2430 1751 2474; baseline -0.003 -8"><span class='ocrx_word' id='word_1_591' title='bbox 973 2436 994 2466; x_wconf 89' lang='lat' dir='ltr'><strong>d</strong></span> <span class='ocrx_word' id='word_1_592' title='bbox 1007 2444 1075 2474; x_wconf 89' lang='lat' dir='ltr'><strong>em,</strong></span> <span class='ocrx_word' id='word_1_593' title='bbox 1095 2436 1208 2474; x_wconf 82' lang='lat' dir='ltr'><strong>quippe</strong></span> <span class='ocrx_word' id='word_1_594' title='bbox 1219 2442 1295 2472; x_wconf 84' lang='lat' dir='ltr'><strong>quos</strong></span> <span class='ocrx_word' id='word_1_595' title='bbox 1305 2440 1468 2471; x_wconf 81' lang='lat' dir='ltr'><strong>nunquam</strong></span> <span class='ocrx_word' id='word_1_596' title='bbox 1478 2432 1615 2471; x_wconf 71' lang='lat' dir='ltr'><strong>legerim.</strong></span> <span class='ocrx_word' id='word_1_597' title='bbox 1640 2430 1751 2464; x_wconf 80' lang='lat' dir='ltr'><strong>Etiam</strong></span> 
     </span>
     <span class='ocr_line' id='line_1_92' title="bbox 973 2475 1750 2522; baseline -0.003 -11"><span class='ocrx_word' id='word_1_598' title='bbox 973 2479 1007 2511; x_wconf 91' lang='lat' dir='ltr'><strong>in</strong></span> <span class='ocrx_word' id='word_1_599' title='bbox 1031 2478 1244 2522; x_wconf 86' lang='lat' dir='ltr'><strong>sequentibus</strong></span> <span class='ocrx_word' id='word_1_600' title='bbox 1267 2476 1377 2509; x_wconf 89' lang='lat' dir='ltr'><strong>verbis</strong></span> <span class='ocrx_word' id='word_1_601' title='bbox 1396 2475 1503 2508; x_wconf 84' lang='lat' dir='ltr'><strong>ironia</strong></span> <span class='ocrx_word' id='word_1_602' title='bbox 1521 2475 1631 2520; x_wconf 87' lang='lat' dir='ltr'><strong>aliqua</strong></span> <span class='ocrx_word' id='word_1_603' title='bbox 1648 2475 1750 2510; x_wconf 86' lang='lat' dir='ltr'><strong>inest.</strong></span> 
     </span>
     <span class='ocr_line' id='line_1_93' title="bbox 974 2521 1750 2565; baseline -0.003 -9"><span class='ocrx_word' id='word_1_604' title='bbox 974 2526 1076 2556; x_wconf 86' lang='lat' dir='ltr'><strong>Verte</strong></span> <span class='ocrx_word' id='word_1_605' title='bbox 1094 2524 1224 2556; x_wconf 85' lang='lat' dir='ltr'><strong>locum:</strong></span> <span class='ocrx_word' id='word_1_606' title='bbox 1251 2522 1283 2556; x_wconf 87' lang='lat' dir='ltr'><strong>d.</strong></span> <span class='ocrx_word' id='word_1_607' title='bbox 1305 2521 1498 2565; x_wconf 86' lang='lat' dir='ltr'><strong>Epikureer,</strong></span> <span class='ocrx_word' id='word_1_608' title='bbox 1519 2521 1574 2553; x_wconf 89' lang='lat' dir='ltr'><strong>die</strong></span> <span class='ocrx_word' id='word_1_609' title='bbox 1593 2521 1648 2554; x_wconf 85' lang='lat' dir='ltr'><strong>ich</strong></span> <span class='ocrx_word' id='word_1_610' title='bbox 1668 2521 1750 2555; x_wconf 84' lang='lat' dir='ltr'><strong>frei-</strong></span> 
     </span>
     <span class='ocr_line' id='line_1_94' title="bbox 974 2566 1750 2612; baseline -0.005 -10"><span class='ocrx_word' id='word_1_611' title='bbox 974 2570 1040 2602; x_wconf 89' lang='lat' dir='ltr'><strong>lich</strong></span> <span class='ocrx_word' id='word_1_612' title='bbox 1071 2569 1164 2602; x_wconf 91' lang='lat' dir='ltr'><strong>nicht</strong></span> <span class='ocrx_word' id='word_1_613' title='bbox 1187 2568 1304 2612; x_wconf 87' lang='lat' dir='ltr'><strong>gering</strong></span> <span class='ocrx_word' id='word_1_614' title='bbox 1332 2566 1486 2607; x_wconf 65' lang='lat' dir='ltr'><strong>schatze,</strong></span> <span class='ocrx_word' id='word_1_615' title='bbox 1523 2566 1578 2599; x_wconf 86' lang='lat' dir='ltr'><strong>die</strong></span> <span class='ocrx_word' id='word_1_616' title='bbox 1600 2567 1680 2599; x_wconf 87' lang='lat' dir='ltr'><strong>aber</strong></span> <span class='ocrx_word' id='word_1_617' title='bbox 1706 2585 1750 2592; x_wconf 92' lang='lat'><strong>—</strong></span> 
     </span>
     <span class='ocr_line' id='line_1_95' title="bbox 974 2612 1750 2656; baseline -0.003 -9"><span class='ocrx_word' id='word_1_618' title='bbox 974 2627 1009 2647; x_wconf 86' lang='lat' dir='ltr'><strong>es</strong></span> <span class='ocrx_word' id='word_1_619' title='bbox 1030 2615 1106 2648; x_wconf 87' lang='lat' dir='ltr'><strong>thut</strong></span> <span class='ocrx_word' id='word_1_620' title='bbox 1125 2615 1188 2647; x_wconf 86' lang='lat' dir='ltr'><strong>mir</strong></span> <span class='ocrx_word' id='word_1_621' title='bbox 1209 2613 1277 2646; x_wconf 85' lang='lat' dir='ltr'><strong>leid</strong></span> <span class='ocrx_word' id='word_1_622' title='bbox 1293 2632 1338 2638; x_wconf 96' lang='lat'>—</span> <span class='ocrx_word' id='word_1_623' title='bbox 1360 2612 1482 2656; x_wconf 87' lang='lat' dir='ltr'><strong>gerade</strong></span> <span class='ocrx_word' id='word_1_624' title='bbox 1506 2612 1560 2651; x_wconf 75' lang='lat' dir='ltr'><strong>die</strong></span> <span class='ocrx_word' id='word_1_625' title='bbox 1585 2612 1750 2645; x_wconf 87' lang='lat' dir='ltr'><strong>Gebilde-</strong></span> 
     </span>
     <span class='ocr_line' id='line_1_96' title="bbox 973 2656 1749 2692; baseline 0 0"><span class='ocrx_word' id='word_1_626' title='bbox 973 2667 1083 2692; x_wconf 87' lang='lat' dir='ltr'><strong>testen</strong></span> <span class='ocrx_word' id='word_1_627' title='bbox 1102 2660 1295 2692; x_wconf 87' lang='lat' dir='ltr'><strong>verachten.</strong></span> <span class='ocrx_word' id='word_1_628' title='bbox 1335 2659 1388 2690; x_wconf 88' lang='lat' dir='ltr'><strong>De</strong></span> <span class='ocrx_word' id='word_1_629' title='bbox 1409 2656 1554 2690; x_wconf 84' lang='lat' dir='ltr'><strong>formula</strong></span> <span class='ocrx_word' id='word_1_630' title='bbox 1573 2658 1700 2691; x_wconf 81' lang='lat' dir='ltr'><strong>dolendi</strong></span> <span class='ocrx_word' id='word_1_631' title='bbox 1715 2670 1749 2692; x_wconf 87' lang='lat' dir='ltr'><strong>v.</strong></span> 
     </span>
     <span class='ocr_line' id='line_1_97' title="bbox 974 2703 1234 2744; baseline -0.004 -7"><span class='ocrx_word' id='word_1_632' title='bbox 974 2705 1018 2737; x_wconf 84' lang='lat' dir='ltr'><strong>ad</strong></span> <span class='ocrx_word' id='word_1_633' title='bbox 1042 2717 1070 2737; x_wconf 90' lang='lat' dir='ltr'><strong>c.</strong></span> <span class='ocrx_word' id='word_1_634' title='bbox 1094 2706 1154 2744; x_wconf 83' lang='lat'><strong>11,</strong></span> <span class='ocrx_word' id='word_1_635' title='bbox 1178 2703 1234 2737; x_wconf 73' lang='lat'><strong>2-1».</strong></span> 
     </span>
    </p>

    <p class='ocr_par' dir='ltr' id='par_1_20' title="bbox 972 2749 1750 2838">
     <span class='ocr_line' id='line_1_98' title="bbox 1041 2749 1750 2790; baseline 0 -8"><span class='ocrx_word' id='word_1_636' title='bbox 1041 2752 1171 2783; x_wconf 82' lang='lat' dir='ltr'><strong>deliciae</strong></span> <span class='ocrx_word' id='word_1_637' title='bbox 1193 2759 1300 2790; x_wconf 82' lang='lat' dir='ltr'><strong>meae,</strong></span> <span class='ocrx_word' id='word_1_638' title='bbox 1324 2749 1558 2788; x_wconf 79' lang='lat' dir='ltr'><strong>Dicaearchus,</strong></span> <span class='ocrx_word' id='word_1_639' title='bbox 1582 2765 1623 2772; x_wconf 89' lang='lat'><strong>--</strong></span> <span class='ocrx_word' id='word_1_640' title='bbox 1650 2749 1750 2782; x_wconf 83' lang='lat' dir='ltr'><strong>disse-</strong></span> 
     </span>
     <span class='ocr_line' id='line_1_99' title="bbox 972 2791 1725 2838; baseline -0.003 -10"><span class='ocrx_word' id='word_1_641' title='bbox 972 2796 1049 2838; x_wconf 80' lang='lat' dir='ltr'><strong>ruit]</strong></span> <span class='ocrx_word' id='word_1_642' title='bbox 1075 2796 1116 2828; x_wconf 88' lang='lat' dir='ltr'><strong>V.</strong></span> <span class='ocrx_word' id='word_1_643' title='bbox 1141 2806 1202 2827; x_wconf 87' lang='lat' dir='ltr'><strong>nos</strong></span> <span class='ocrx_word' id='word_1_644' title='bbox 1224 2795 1259 2825; x_wconf 84' lang='lat' dir='ltr'><strong>in</strong></span> <span class='ocrx_word' id='word_1_645' title='bbox 1281 2795 1428 2826; x_wconf 84' lang='lat' dir='ltr'><strong>Gramm.</strong></span> <span class='ocrx_word' id='word_1_646' title='bbox 1443 2794 1520 2825; x_wconf 86' lang='lat' dir='ltr'><strong>Lat.</strong></span> <span class='ocrx_word' id='word_1_647' title='bbox 1535 2793 1563 2836; x_wconf 78' lang='lat'><strong>§-</strong></span> <span class='ocrx_word' id='word_1_648' title='bbox 1579 2791 1663 2833; x_wconf 85' lang='lat'><strong>103,</strong></span> <span class='ocrx_word' id='word_1_649' title='bbox 1689 2795 1725 2827; x_wconf 82' lang='lat'><strong>5.</strong></span> 
     </span>
    </p>

    <p class='ocr_par' dir='ltr' id='par_1_21' title="bbox 973 2837 1748 2924">
     <span class='ocr_line' id='line_1_100' title="bbox 1041 2837 1748 2882; baseline -0.003 -8"><span class='ocrx_word' id='word_1_650' title='bbox 1041 2841 1269 2882; x_wconf 86' lang='lat' dir='ltr'><strong>Dicaearchus]</strong></span> <span class='ocrx_word' id='word_1_651' title='bbox 1297 2840 1403 2882; x_wconf 88' lang='lat' dir='ltr'><strong>Supra</strong></span> <span class='ocrx_word' id='word_1_652' title='bbox 1427 2850 1456 2871; x_wconf 91' lang='lat' dir='ltr'><strong>c.</strong></span> <span class='ocrx_word' id='word_1_653' title='bbox 1479 2838 1541 2880; x_wconf 90' lang='lat'><strong>10,</strong></span> <span class='ocrx_word' id='word_1_654' title='bbox 1565 2837 1620 2871; x_wconf 83' lang='lat'><strong>21.</strong></span> <span class='ocrx_word' id='word_1_655' title='bbox 1647 2850 1676 2871; x_wconf 89' lang='lat' dir='ltr'><strong>c.</strong></span> <span class='ocrx_word' id='word_1_656' title='bbox 1693 2838 1748 2881; x_wconf 86' lang='lat'><strong>11,</strong></span> 
     </span>
     <span class='ocr_line' id='line_1_101' title="bbox 973 2883 1471 2924; baseline -0.008 -4"><span class='ocrx_word' id='word_1_657' title='bbox 973 2883 1029 2921; x_wconf 74' lang='lat'><strong>24.</strong></span> <span class='ocrx_word' id='word_1_658' title='bbox 1067 2898 1095 2918; x_wconf 86' lang='lat' dir='ltr'><strong>c.</strong></span> <span class='ocrx_word' id='word_1_659' title='bbox 1112 2886 1163 2919; x_wconf 64' lang='lat' dir='ltr'><strong>lb.</strong></span> <span class='ocrx_word' id='word_1_660' title='bbox 1186 2885 1259 2917; x_wconf 89' lang='lat' dir='ltr'><strong>init.</strong></span> <span class='ocrx_word' id='word_1_661' title='bbox 1284 2896 1313 2917; x_wconf 88' lang='lat' dir='ltr'><strong>c.</strong></span> <span class='ocrx_word' id='word_1_662' title='bbox 1328 2885 1394 2924; x_wconf 87' lang='lat'><strong>22,</strong></span> <span class='ocrx_word' id='word_1_663' title='bbox 1415 2884 1471 2918; x_wconf 82' lang='lat'><strong>51.</strong></span> 
     </span>
    </p>

    <p class='ocr_par' dir='ltr' id='par_1_22' title="bbox 973 2927 1750 3022">
     <span class='ocr_line' id='line_1_102' title="bbox 1040 2927 1749 2975; baseline -0.003 -11"><span class='ocrx_word' id='word_1_664' title='bbox 1040 2934 1107 2965; x_wconf 81' lang='lat' dir='ltr'><strong>vult</strong></span> <span class='ocrx_word' id='word_1_665' title='bbox 1118 2933 1248 2973; x_wconf 74' lang='lat' dir='ltr'><strong>efficere,</strong></span> <span class='ocrx_word' id='word_1_666' title='bbox 1263 2933 1386 2964; x_wconf 83' lang='lat' dir='ltr'><strong>animos</strong></span> <span class='ocrx_word' id='word_1_667' title='bbox 1401 2940 1466 2963; x_wconf 88' lang='lat' dir='ltr'><strong>esse</strong></span> <span class='ocrx_word' id='word_1_668' title='bbox 1477 2930 1640 2975; x_wconf 74' lang='lat' dir='ltr'><strong>mortales]</strong></span> <span class='ocrx_word' id='word_1_669' title='bbox 1657 2927 1749 2970; x_wconf 55' lang='lat' dir='ltr'><strong>alibi</strong></span> 
     </span>
     <span class='ocr_line' id='line_1_103' title="bbox 973 2974 1750 3022; baseline -0.005 -10"><span class='ocrx_word' id='word_1_670' title='bbox 973 2979 1093 3020; x_wconf 76' lang='lat' dir='ltr'><strong>efficere</strong></span> <span class='ocrx_word' id='word_1_671' title='bbox 1113 2977 1148 3022; x_wconf 73' lang='lat' dir='ltr'><strong>(i.</strong></span> <span class='ocrx_word' id='word_1_672' title='bbox 1170 2988 1200 3010; x_wconf 83' lang='lat' dir='ltr'><strong>e.</strong></span> <span class='ocrx_word' id='word_1_673' title='bbox 1221 2975 1379 3021; x_wconf 86' lang='lat' dir='ltr'><strong>probare)</strong></span> <span class='ocrx_word' id='word_1_674' title='bbox 1399 2979 1446 3018; x_wconf 81' lang='lat' dir='ltr'><strong>ut,</strong></span> <span class='ocrx_word' id='word_1_675' title='bbox 1465 2974 1570 3022; x_wconf 67' lang='lat' dir='ltr'><strong>idque</strong></span> <span class='ocrx_word' id='word_1_676' title='bbox 1588 2975 1750 3020; x_wconf 66' lang='lat' dir='ltr'><strong>frequen-</strong></span> 
     </span>
    </p>
   </div>
  </div>
 </body>
</html>
