1859 3149
1552 76 1635 121 ‘237

38 172 291 218 constamus,
324 166 499 218 sanitas3
543 165 602 207 sic
624 165 745 207 animi
773 166 938 218 dicitur,
988 181 1106 223 quum
1134 165 1220 208 eius
1243 165 1389 208 iudicia
1410 166 1638 223 opiniones-

626 83 1054 127 1.1ann1v.13,31.

38 254 114 298 que
138 241 406 294 concordant,
453 254 579 296 eaque
603 240 723 282 animi
751 248 811 282 est
833 241 986 293 virtus,
1035 256 1150 297 quam
1174 241 1239 283 alii
1264 241 1387 298 ipsam
1417 249 1641 300 temperan-

38 316 131 360 tiam
154 317 288 359 dicunt
312 330 428 368 esse,
476 315 541 357 alii
565 316 905 373 obtemperantem
931 317 1217 373 temperantiae
1241 318 1464 374 praeceptis
1486 326 1527 360 et
1549 333 1639 362 eam

36 391 370 449 subsequentem,
420 405 495 433 nec
530 391 739 434 habentem
775 392 891 433 ullam
921 392 1094 448 speciem
1127 407 1266 445 suam,
1313 394 1383 435 sed
1423 393 1510 436 sive
1545 394 1638 447 hoc,

36 457 124 510 sive
142 467 236 510 illud
258 466 333 519 sit,
366 466 406 508 in
431 466 517 509 solo
543 481 634 509 esse
659 468 855 524 sapiente.
919 466 994 508 Est
1020 474 1150 508 autem
1173 468 1364 524 quaedam
1387 469 1507 511 animi
1532 470 1639 512 sani-

37 548 120 595 tas,
153 556 253 599 quae
271 542 311 584 in
327 542 577 598 insipientem
597 542 715 584 etiam
739 543 875 596 cadat,
910 558 1027 599 quum
1047 543 1252 585 curatione
1273 551 1311 585 et
1330 545 1639 600 pertractatione

36 616 278 660 medicorum
314 617 566 659 conturbatio
608 619 752 660 mentis
786 620 980 660 aufertur.
1057 625 1127 662 51.
1174 617 1226 660 Et
1269 627 1310 660 ut
1354 623 1534 677 corporis
1577 629 1640 664 est

37 693 227 749 quaedam
259 700 350 751 apta
383 694 510 750 figura
535 694 799 735 membrorum
834 710 920 735 cnm
949 694 1095 736 coloris
1123 695 1289 750 quadam
1315 696 1537 749 suavitate,
1572 711 1640 739 ea-

37 781 113 824 que
146 767 291 810 dicitur
318 768 590 825 pulchritudo3
638 769 695 811 sic
733 770 770 811 in
806 770 938 811 animo
966 770 1194 825 opinionum
1222 770 1537 827 iudiciorumque
1572 787 1640 815 ae-

36 842 244 900 quabilitas
277 850 316 886 et
345 844 569 886 constantia
603 860 690 887 cnm
721 846 903 887 firmitate
939 846 1104 902 quadam
1137 852 1175 886 et
1200 845 1416 888 stabilitate
1453 847 1641 890 virtutem

36 918 285 975 subsequens
331 927 398 961 aut
437 920 597 962 virtutis
636 921 716 962 vim
763 921 885 978 ipsam
927 922 1136 962 continens
1172 922 1419 978 pulchritudo
1454 930 1637 967 vocatur.

38 991 217 1051 Itemque
251 995 404 1038 viribus
431 997 610 1052 corporis
642 1004 681 1038 et
713 997 848 1038 nervis
878 1004 917 1037 et
940 997 1159 1038 ollii-aritati
1194 997 1344 1039 similes
1367 998 1641 1056 similibusque

36 1070 173 1112 verbis
191 1071 312 1113 animi
332 1072 440 1113 vires
459 1071 726 1114 nominantur.
791 1070 995 1113 Velm-iias
1016 1079 1144 1113 autem
1169 1074 1348 1129 corporis
1367 1074 1554 1116 celeritas
1573 1089 1641 1132 ap-

38 1145 229 1201 pellatur,
275 1160 374 1203 qnae
410 1147 545 1188 eadem
581 1147 728 1202 ingenii
758 1148 873 1188 etiam
907 1148 990 1189 lans
1017 1148 1182 1189 liabetur
1207 1156 1368 1205 propter
1396 1150 1515 1191 animi
1541 1151 1641 1193 mul-

38 1227 167 1262 tarum
200 1235 331 1263 rerum
364 1221 477 1264 brevi
511 1230 686 1279 tempore
719 1216 1034 1279 percursionem.

36 1318 71 1352 in
98 1318 156 1352 Gr.
181 1319 222 1352 L.
249 1319 278 1365 §-
295 1319 370 1354 115.
390 1321 473 1354 Not.
488 1319 543 1354 ¹23.
568 1333 600 1365 p.
616 1320 694 1353 231.
718 1320 770 1352 ed.
789 1320 821 1353 2.

37 1365 93 1398 Sic
113 1367 173 1398 hac
200 1368 233 1399 in
258 1369 361 1400 aetate
385 1373 419 1399 et
443 1369 504 1400 tiae
532 1372 634 1400 aetate
664 1366 710 1399 ita
734 1367 822 1399 inter

36 1423 72 1444 se
95 1411 277 1451 differunt.
304 1420 339 1446 ut
360 1413 426 1446 hoc
448 1413 647 1458 simpliciter
669 1413 710 1445 tlt·
732 1422 820 1446 tem-

39 1468 142 1502 pore,
181 1469 242 1500 quo
274 1458 354 1504 qnid
379 1459 435 1495 sit.
471 1459 553 1491 illud
579 1460 621 1491 (le
655 1467 819 1503 tempore,

35 1506 122 1538 intra
153 1506 237 1546 quod
274 1506 356 1549 quid
389 1506 424 1539 fit
439 1532 447 1543 ,
484 1506 626 1539 dicatur.
687 1506 742 1538 sic
778 1506 821 1538 de

37 1549 116 1583 loco
140 1549 263 1584 dicitnr
287 1554 350 1585 toto
373 1555 478 1594 terra,
513 1555 578 1585 toto
601 1554 693 1586 Italia
717 1560 748 1584 et
772 1553 820 1586 sic

38 1607 164 1650 porro,
199 1604 233 1630 et
256 1600 289 1632 in
322 1602 387 1632 tota
417 1603 520 1638 terra,
555 1602 587 1632 in
616 1603 678 1631 tota
704 1601 820 1634 ltalia.-

37 1642 124 1675 illud
147 1643 304 1688 ponitur,
341 1645 394 1677 nbi
420 1658 470 1678 res
491 1656 551 1688 per
575 1652 683 1678 totum
710 1646 819 1678 locam

38 1687 161 1722 diffusa
183 1696 339 1731 notatur,
377 1691 462 1728 hoc,
491 1692 544 1724 nbi
572 1704 622 1724 res
645 1692 733 1724 intra
755 1692 818 1724 ali-

40 1735 130 1768 cuius
150 1735 218 1768 loci
236 1736 318 1770 fines
339 1737 429 1771 facta
447 1737 662 1781 significatur.
698 1739 736 1770 V.
759 1750 818 1771 nos

28 1780 73 1819 ‚in
91 1778 150 1815 Gr.
167 1782 204 1814 L.
224 1785 248 1828 ,z
266 1782 548 1829 115‚1o.p.2·.›9.
578 1784 709 1817 coi-net.
731 1785 816 1829 Nep.

30 1827 161 1875 -Iphictx
179 1829 220 1866 11.
238 1829 278 1863 3:
305 1829 397 1874 quod
414 1831 644 1864 maximetota
666 1831 820 1863 celebra-

37 1880 108 1907 tum
127 1881 178 1908 est
193 1877 339 1909 Graecia.
367 1876 417 1910 Cf.
434 1880 596 1910 Bremium
613 1877 654 1909 ad
675 1877 818 1920 praefat.

36 1920 126 1966 Nep.
141 1921 172 1959 6.
185 1921 218 1954 ὃ.
234 1924 311 1966 μδ.
347 1922 402 1956 Sic
421 1923 544 1955 dicitur
567 1926 629 1955 tota
654 1926 737 1955 terra
756 1934 817 1966 pro

39 1977 101 2011 per
115 1973 225 2000 totam
242 1974 378 2008 terram,
403 1971 474 2002 totis
492 1973 617 2009 castris,
641 1972 713 2001 totis
732 1980 819 2002 cam-

33 2015 108 2055 pis,
132 2017 193 2046 toto
216 2024 366 2056 corpore,
400 2026 467 2047 non
490 2018 521 2047 in
544 2019 609 2047 tota
629 2019 726 2047 terra.
774 2019 819 2047 At

36 2070 101 2104 pro
124 2059 237 2103 Ligar.
261 2060 326 2098 ΠΙ,
354 2061 392 2095 T:
429 2060 462 2092 iu
485 2067 560 2093 toto
584 2060 726 2105 imperio
748 2072 817 2106 po-

39 2104 111 2149 puli
135 2105 173 2138 R.
199 2105 246 2149 (h.
270 2116 298 2138 e.
321 2105 409 2139 intra
431 2113 540 2139 totum
561 2106 668 2151 imp.)

105 2150 162 2185 30.
185 2154 264 2184 vitia
283 2171 330 2177 —
348 2154 519 2196 moventes]
557 2154 675 2185 Laster
699 2153 818 2198 [sittli-

39 2196 102 2230 che
114 2197 412 2241 Verkehrtheiten]
432 2198 507 2232 sind
526 2199 736 2233 beharrlicbe
749 2202 817 2233 Zu—

37 2242 180 2283 stiinde;
215 2243 271 2277 die
291 2244 576 2279 Leidenschastcn
599 2245 679 2279 aber
703 2247 815 2280 wech-

37 2289 176 2330 selnde,
201 2289 250 2322 uti
272 2297 362 2323 recte
388 2291 489 2325 vertit
513 2294 659 2325 Kernius.

108 2337 147 2369 Ut
165 2338 248 2369 enim
269 2340 409 2379 corporis
432 2338 629 2383 temperatio]
656 2338 708 2371 Cf.
734 2341 818 2372 Stc-

35 2381 111 2415 baei
138 2382 206 2416 Ecl.
231 2383 298 2415 eth.
324 2396 357 2428 p.
377 2383 457 2418 160¹:
499 2380 610 2426 ὥςπερ
649 2383 714 2428 γὰρ
753 2384 815 2427 τὴν

35 2428 95 2462 τοῦ
114 2426 276 2473 σώματος
291 2427 420 2473 ιῖγίειαν
436 2427 622 2473 εὐκρασίαν
644 2429 728 2466 εἶναι
747 2433 815 2466 τῶν

36 2471 71 2509 ἐν
103 2475 155 2519 τῷ
179 2472 315 2519 σώματι
338 2476 475 2520 Ξῖερμῶν
504 2476 563 2511 καὶ
585 2478 727 2522 ψυχρῶν
758 2478 818 2512 καὶ

37 2518 147 2564 ξηρῶν
178 2520 237 2576 ἦα).
270 2518 402 2566 1579&-
442 2519 532 2557 οὔτω
567 2523 625 2573 κρὸ.
657 2522 720 2567 τήν
752 2525 817 2567 τῆς

37 2566 154 2612 ψυχῆς
185 2566 314 2611 υγίειαν
347 2565 530 2612 εὖκραᾱίαν
563 2573 648 2604 εἰναι
681 2570 747 2605 τῶν
782 2570 816 2605 ἐν

37 2611 83 2658 τῇ
107 2612 204 2659 ψυχῇ
228 2612 421 2657 δογμάτων.

107 2661 208 2692 animi
229 2661 360 2704 dicitur]
388 2660 466 2694 Scil.
491 2661 628 2694 sanitas.

103 2706 360 2751 temperantiam]
386 2709 493 2750 Supra
515 2720 542 2741 c.
559 2707 592 2746 9.
611 2708 673 2742 22:
700 2714 817 2748 „tem—

39 2749 190 2793 perantia
211 2751 308 2785 sedat
330 2753 556 2798 appetitiones
579 2761 613 2787 et
636 2754 753 2794 efficit,
780 2762 817 2788 ut

41 2805 100 2827 eae
118 2802 230 2830 rectae
251 2798 372 2831 rationi
394 2807 547 2843 pareunt,
573 2808 816 2846 conservatque

41 2839 258 2875 considerata·
278 2843 400 2878 iudicia
426 2846 588 2880 mentis.“
638 2848 732 2888 Quae
761 2848 816 2880 iu-

40 2883 204 2920 diciorum
213 2887 474 2936 opinionumque
485 2893 704 2927 concordatio
715 2905 816 2937 quum

39 2930 145 2964 virtus
168 2932 233 2973 sit,
266 2934 424 2977 fuerunt,
450 2938 506 2982 qui
528 2938 688 2972 virtutem
707 2939 816 2983 ipsam

38 2978 315 3022 temperantiam,
348 2993 434 3026 quae
465 2984 545 3017 alias
570 2996 636 3018 una
656 2992 818 3029 quattuor

858 1320 1075 1353 cardinalium
1100 1334 1184 1366 qnae
1202 1329 1366 1355 vocantur
1381 1323 1542 1358 virtutum
1567 1337 1640 1359 esse

857 1367 989 1402 (licitur.
1017 1379 1088 1398 esst·
1108 1376 1292 1401 reuse-rent.
1330 1370 1381 1403 Cf.
1397 1371 1502 1402 Cicer.
1521 1372 1638 1404 partit.

858 1422 981 1447 orator.
1003 1427 1031 1446 ι’.
1047 1417 1107 1447 “,’.’ῑ
1133 1417 1211 1453 „Est
1233 1436 1272 1439 -—
1294 1419 1340 1448 ris
1363 1419 1487 1449 virtutis
1509 1420 1639 1459 auplex.

858 1464 916 1493 Aut
937 1464 1018 1492 enim
1036 1464 1163 1493 scientia
1182 1465 1317 1493 cernitur
1338 1466 1447 1502 virtus,
1469 1469 1524 1495 aut
1541 1468 1639 1497 actio-

855 1518 903 1539 ne.
940 1510 1034 1547 Νυηι,
1057 1518 1138 1548 quae
1157 1510 1339 1548 prudentia,
1364 1521 1445 1550 quae
1465 1512 1639 1552 calliditas,

854 1564 994 1595 quaeque
1024 1557 1213 1593 gravissimo
1243 1559 1366 1587 nornine
1397 1559 1555 1596 sapientia
1578 1568 1638 1598 ap-

853 1603 1010 1641 pellatur,
1047 1602 1123 1632 haec
1147 1604 1277 1632 scientia
1305 1604 1396 1642 pollet
1424 1613 1500 1634 una.
1550 1606 1639 1643 Quae

856 1657 926 1678 vero
949 1648 1151 1678 moderandis
1172 1650 1410 1687 cupiditatibus,
1433 1651 1639 1690 reyeizdisque

854 1695 953 1724 animi
978 1695 1113 1725 ”notibus
1132 1695 1304 1734 laudatur,
1329 1697 1395 1726 eius
1412 1699 1454 1727 est
1476 1705 1590 1727 munus
1604 1698 1638 1729 in

854 1740 998 1780 agendo.-
1023 1741 1074 1771 cui
1099 1743 1323 1780 temperantiae
1346 1751 1458 1773 nomen
1480 1744 1568 1773 es!:“
1603 1747 1640 1773 et

854 1797 938 1829 qnae
965 1792 1167 1829 sequnntur,
1204 1785 1259 1817 ubi
1288 1792 1404 1828 aperte
1426 1788 1576 1827 fortitudo
1603 1793 1639 1820 et

854 1834 974 1863 iustitia
1011 1831 1256 1874 temperantiae
1289 1832 1521 1865 subiiciuntur.
1581 1834 1637 1866 Cf.

854 1889 939 1920 qnae
972 1889 1072 1920 supra
1098 1878 1167 1919 111,
1194 1887 1226 1911 c.
1260 1877 1302 1910 de
1331 1881 1516 1920 frugalitate
1547 1879 1638 1914 dicta

855 1930 942 1956 sunt.

923 1972 980 2001 alii
994 1970 1270 2015 obtemperantem]
1286 1970 1349 2003 Alii
1369 1972 1548 2015 negabant,
1570 1973 1637 2006 vir-

855 2022 961 2048 tutem
984 2015 1084 2047 ullam
1108 2016 1230 2048 habere
1252 2018 1400 2061 speciem
1425 2031 1530 2058 suam,
1556 2018 1589 2052 h.
1605 2031 1634 2052 e.

855 2069 945 2094 certa
971 2061 1113 2106 quadam
1139 2062 1269 2101 forma,
1296 2064 1402 2108 qualis
1429 2073 1480 2097 est
1499 2072 1637 2110 tempe-

853 2108 972 2147 rantia,
999 2108 1290 2151 complectendam
1313 2122 1396 2148 esse,
1421 2111 1480 2143 sed
1504 2119 1636 2145 tantum

853 2155 1097 2199 temperantiae
1125 2156 1312 2200 praeceptis
1339 2157 1585 2202 obtemperare.

931 2202 986 2234 31.
1025 2203 1228 2242 pulchritudo
1259 2205 1414 2245 vocatur]
1451 2216 1544 2244 „von
1576 2205 1638 2240 der

853 2247 949 2280 See-le
972 2254 1099 2292 gesetzt
1127 2248 1169 2279 ist
1192 2249 1378 2289 stosscher,
1417 2250 1510 2284 nicht
1533 2251 1636 2285 latei-

852 2293 984 2326 nisches
1009 2294 1344 2338 Spracligebrauch.·‘
1395 2299 1486 2338 Wolf.

921 2343 1023 2372 animi
1056 2343 1229 2373 multarum
1260 2352 1367 2374 rerum
1391 2345 1477 2376 brevi
1499 2348 1637 2385 tempore

847 2389 1097 2429 percursionemd
1123 2388 1170 2419 De
1192 2388 1317 2432 duplici
1334 2389 1485 2432 genitivo
1507 2402 1546 2421 ex
1566 2401 1634 2422 uno

853 2432 989 2465 nomine
1022 2440 1103 2476 apto
1130 2445 1158 2464 v.
1189 2434 1231 2466 ad
1259 2435 1298 2467 11.
1326 2436 1384 2473 15,
1411 2436 1466 2469 352.
1515 2436 1634 2468 Rarius

853 2486 965 2510 antem
999 2478 1162 2511 eiusmodi
1193 2480 1331 2524 genitivi
1367 2481 1414 2514 ita
1453 2488 1632 2524 ponuntur,

854 2531 890 2556 ut
913 2525 1023 2568 primo
1046 2525 1124 2557 loco
1147 2526 1189 2558 sit
1211 2527 1406 2570 primarius,
1443 2528 1550 2560 altero
1574 2539 1634 2560 se-

853 2571 1051 2610 cundarius,
1089 2571 1192 2605 tertio
1227 2584 1348 2605 nomen
1378 2585 1516 2616 regen33
1554 2573 1631 2617 ple-

851 2629 991 2661 rumque
1011 2617 1057 2650 ita
1076 2629 1198 2650 nomen
1221 2630 1338 2661 regens
1358 2618 1447 2650 inter
1465 2619 1634 2662 genitivos

851 2663 963 2696 locum
979 2671 1139 2707 occupat:
1161 2667 1263 2697 animi
1279 2668 1442 2705 percursio
1459 2667 1635 2698 ‘multarum

851 2720 968 2742 rerum.
1015 2710 1108 2742 Infra
1140 2722 1167 2743 c.
1191 2710 1250 2748 17,
1275 2710 1351 2749 40„
1397 2710 1451 2741 ubi
1485 2723 1517 2742 v.
1543 2711 1631 2743 Adn.

854 2755 905 2788 Cf.
925 2768 987 2789 nos
1008 2756 1040 2788 in
1062 2757 1119 2788 Gr.
1145 2756 1183 2787 L.
1206 2754 1325 2797 §.166-
1348 2755 1427 2787 Not.
1446 2755 1476 2789 7.
1500 2768 1534 2800 p.
1551 2754 1631 2791 466.

852 2801 904 2834 ed.
922 2802 954 2834 2.
991 2803 1167 2834 Praeterea
1188 2800 1397 2833 observanda
1421 2808 1472 2833 est
1497 2801 1633 2846 elegans

851 2848 1033 2880 verborum
1058 2846 1254 2886 collocatio,
1293 2858 1357 2890 qua
1390 2847 1502 2880 omnia
1524 2860 1632 2882 voca-

849 2893 947 2932 bula,
983 2905 1067 2937 quae
1099 2891 1250 2936 pendent
1283 2903 1302 2924 a
1328 2904 1360 2925 v.
1388 2897 1634 2938 percursionem,

850 2946 944 2972 arcte
966 2939 1055 2972 inter
1078 2950 1114 2970 se
1138 2937 1295 2982 copulata
1315 2946 1404 2971 sunt.
1453 2941 1494 2973 V.
1517 2953 1577 2974 nos
1597 2941 1632 2975 in

852 2985 910 3018 Gr.
932 2986 972 3018 L.
996 2988 1024 3030 §.
1043 2983 1116 3018 167.
1135 2984 1218 3018 Not.
1236 2984 1269 3018 3.
1292 2996 1325 3028 p.
1340 2981 1419 3020 470.
1443 2986 1497 3019 ed.
1512 2987 1545 3022 2.
