1843 3101
154 34 239 77 322

159 127 232 167 ista
257 125 338 180 ipsa
361 121 591 164 contemnit.
655 117 829 160 Primum
855 119 958 159 enim
980 118 1178 159 horribilis
1200 117 1277 158 ista
1301 115 1474 157 caecitas
1496 115 1637 171 quibus
1657 123 1742 157 tan-

160 201 246 241 dem
271 205 379 239 earet
399 194 694 250 voluptatibus?
726 208 842 248 quum
863 193 1018 248 quidum
1041 193 1158 233 etiam
1184 192 1406 245 disputent,
1452 197 1607 231 ceteras
1631 191 1742 231 volu-

736 38 907 71 LIBER
931 38 971 71 V.
995 35 1060 77 38,
1087 36 1160 71 112.

160 281 288 331 ptates
322 274 358 313 in
386 270 479 326 ipsis
510 269 684 309 habitare
714 268 921 320 sensibus,
962 281 1061 322 quae
1087 273 1217 307 autem
1243 266 1431 322 adspectu
1461 264 1741 320 percipiantur,

161 363 207 389 ea
232 362 308 387 uon
337 344 486 385 versari
516 344 553 383 in
580 343 782 383 oculorum
807 343 885 383 ulla
909 342 1150 383 iucunditate
1166 372 1176 391 ‚
1219 348 1352 391 ntea,
1399 352 1499 395 quae
1521 345 1742 394 gustemus,

162 422 409 471 olfaciamus,
453 425 694 467 tractemus,
739 417 966 467 audiamus,
1007 417 1046 456 in
1069 430 1114 456 ea
1138 416 1245 471 ipsa,
1286 415 1349 455 ubi
1374 415 1591 465 sentimus,
1636 420 1746 469 parte

163 502 395 544 versentur3
441 494 480 533 in
513 493 636 533 oeulis
673 492 748 532 tale
782 492 876 532 nihil
915 492 979 542 lit3
1022 491 1175 531 animus
1205 489 1371 545 accipit,
1418 501 1519 543 quae
1548 487 1743 528 videmus.

163 571 308 612 Animo
333 576 462 609 autem
491 567 621 608 multis
645 567 771 608 modis
794 567 993 620 variisque
1016 565 1201 606 delectari
1228 564 1343 614 licet,
1378 563 1495 605 etiam
1517 563 1550 604 si
1576 577 1654 603 uon
1681 562 1748 603 ad-

164 646 344 687 hibeatur
369 644 593 698 adspectus.
656 640 822 696 Loquor
844 641 945 681 enini
977 641 1024 681 de
1051 641 1166 680 docto
1203 639 1358 679 homine
1389 645 1429 679 et
1460 637 1641 687 erudito,
1685 636 1748 677 oui

165 722 303 762 vivere
326 725 386 758 est
405 717 595 772 cogitare.
660 715 860 771 Sapientis
888 722 1016 755 autem
1046 714 1232 769 cogitatio
1260 727 1337 753 nou
1363 714 1487 753 ferme
1512 712 1558 753 ad
1586 710 1749 752 investi-

165 796 333 851 gandum
370 792 528 833 adhibet
561 791 697 831 oeulos
730 792 959 830 advocatos.
1025 796 1122 830 112.
1161 788 1315 829 Etenim
1342 788 1375 829 si
1400 801 1482 828 nox
1509 801 1588 827 non
1616 785 1752 827 adimit

164 871 282 911 vitam
305 868 480 917 beatam,
515 880 584 905 eur
606 866 688 905 (lies
713 865 814 905 noi-ti
839 864 976 904 similis
1000 864 1174 904 adimat?
1204 862 1308 903 Nam
1332 862 1425 902 illud
1447 860 1648 915 Antipatri
1670 857 1751 915 Cy-

166 943 311 986 renaici
338 949 398 981 est
421 940 574 994 quidem
600 939 727 994 paullo
755 938 1017 988 obscoenius,
1053 937 1120 977 sed
1148 951 1226 977 uon
1253 936 1422 976 absurda
1449 934 1648 976 sententia
1672 941 1748 985 est,

165 1020 277 1060 euius
301 1016 531 1057 caecitatem
565 1028 680 1068 quum
703 1013 954 1053 mulierculae
977 1012 1309 1052 lamentarentur:
1360 1009 1477 1061 Quid
1494 1009 1652 1065 (1ῃίῑὶεὲ
1694 1008 1752 1049 in-

167 1093 270 1148 quit,
305 1104 361 1131 an
385 1088 505 1129 ‘robis
525 1089 646 1129 ‘nulla
670 1088 840 1128 ridetur
865 1088 1066 1140 voluptas
1085 1099 1176 1127 esse
1195 1084 1446 1126 nocturna?
1475 1083 1645 1140 Appium
1669 1083 1753 1138 qui-

168 1170 253 1209 dem
277 1174 453 1208 veterem
484 1164 616 1215 illum,
660 1163 723 1217 qui
751 1175 892 1202 caecus
915 1175 1039 1202 anuos
1065 1160 1208 1201 multos
1236 1160 1332 1210 suit,
1375 1166 1414 1200 et
1437 1172 1490 1200 ex
1516 1157 1753 1214 magistrati-

169 1243 264 1293 bus,
299 1248 338 1282 et
361 1254 411 1280 ex
438 1238 555 1279 rebus
579 1237 702 1292 gestis
730 1237 1007 1290 intelligimus,
1042 1236 1081 1276 in
1104 1235 1171 1275 illo
1195 1249 1267 1276 suo
1291 1248 1386 1275 casu
1409 1247 1482 1275 nee
1504 1233 1657 1288 privato
1681 1246 1754 1274 nee

169 1316 322 1373 publico
361 1313 513 1354 muneri
550 1313 739 1352 defuisse.
814 1311 866 1351 G.
892 1309 1015 1351 Drusi
1047 1311 1202 1350 domum
1242 1308 1429 1364 compleri
1461 1322 1485 1349 a
1515 1307 1754 1349 consultori-

170 1392 242 1432 bus
283 1389 436 1429 solitam
476 1387 727 1442 accepimus,
775 1400 916 1439 quum,
965 1399 1128 1439 quorum
1171 1397 1235 1425 res
1277 1390 1409 1434 esset,
1459 1396 1529 1424 sua
1567 1382 1642 1437 ipsi
1679 1395 1758 1422 non

173 1489 223 1520 De
257 1484 422 1530 plurativo
458 1495 595 1516 numero
631 1490 707 1526 post
747 1483 945 1525 singularem

175 1538 299 1578 (motus
323 1534 435 1569 animi)
468 1542 497 1561 v.
524 1529 566 1560 ad
591 1530 630 1560 11.
650 1529 714 1567 23,
736 1528 789 1562 54.
837 1530 885 1560 De
910 1540 945 1560 re

176 1580 247 1623 ipsa
275 1578 318 1609 cf.
346 1578 414 1615 ΙΙΙ,
439 1575 599 1608 152—17.

246 1623 316 1656 111.
351 1625 383 1655 in
415 1624 513 1654 oculis
537 1622 597 1652 iaie
619 1622 696 1652 nihil
716 1622 764 1663 fiij
805 1619 946 1663 Obliqua

172 1669 282 1704 oratio
314 1667 445 1701 transiit
478 1667 510 1699 in
535 1673 671 1698 rectam.
713 1667 751 1698 V.
775 1666 946 1698 Adnotata

171 1718 204 1749 in
235 1716 292 1748 lv.
322 1716 381 1751 10,
406 1712 461 1745 2⁴.

240 1771 301 1794 non
324 1761 435 1802 ferme]
461 1770 527 1790 non
550 1757 658 1794 facilv,
688 1758 739 1788 vix
762 1770 842 1796 non,
863 1760 946 1790 nicht

171 1811 256 1842 eben.
293 1803 508 1850 Frequentius
533 1811 583 1834 est
603 1814 664 1836 non
687 1805 760 1844 sere,
787 1811 821 1835 ut
837 1803 907 1835 Fin.
923 1805 946 1835 Ι.

171 1853 206 1893 6,
229 1855 287 1887 ῙΗτ
312 1863 374 1884 non
394 1853 457 1892 sere
481 1849 612 1882 labitur.
660 1849 714 1880 Sic
734 1861 831 1892 supra
848 1851 870 1880 I.
896 1849 946 1887 17,

172 1900 227 1933 ὃὸ.
251 1898 389 1942 legimus
412 1907 472 1929 non
491 1897 575 1936 fere,
611 1897 692 1934 nisi,
718 1895 807 1927 nicht
833 1895 946 1934 leicht,

174 1956 296 1977 ausser.
344 1944 385 1975 ΙΙ.
415 1942 457 1981 ὃ,
491 1946 523 1973 ὃ.
555 1941 761 1984 (Epicurum)
792 1952 853 1973 non
884 1943 947 1981 sere

173 1996 307 2034 praeter
328 2000 403 2020 suos
423 1987 593 2032 quisquam
614 1986 646 2018 in
667 1998 781 2018 manus
802 1986 914 2018 sumit.

241 2037 365 2067 adhibet
394 2036 498 2066 oculos
531 2034 716 2075 advocatos]
762 2034 867 2076 Supra
891 2033 945 2064 lv.

173 2081 241 2122 23,
264 2082 325 2113 52:
363 2081 441 2111 Non
461 2079 563 2122 igitur
586 2078 756 2110 desiderat
780 2078 947 2110 fortitudo

172 2128 362 2159 advocatam
380 2124 595 2157 iracundiam.
630 2123 732 2155 Aead.
746 2125 787 2155 ΙΙ.
800 2125 862 2158 27:
884 2126 947 2155 Ad-

174 2174 257 2205 hibes
277 2178 384 2203 artem
403 2173 595 2202 advocatum
618 2170 718 2202 etiam
742 2170 903 2202 sensibus.

247 2218 320 2250 112.
336 2218 403 2248 dies
414 2219 495 2248 nocti
508 2217 635 2257 similis]
653 2216 758 2259 qualis
772 2222 822 2247 est
834 2226 947 2248 caeco.

247 2265 285 2295 G.
305 2264 414 2304 Drusi]
443 2261 552 2293 Valer.
575 2261 710 2293 Maxim.
736 2263 823 2293 VIII.
844 2261 882 2301 7,
904 2258 946 2294 4:

177 2307 366 2342 Consimilis
389 2306 655 2350 perseverantiae
675 2307 788 2339 Livius
811 2308 947 2345 Drusus,

178 2355 234 2399 qui
258 2353 376 2386 aetatis
397 2352 520 2385 viribus
542 2359 576 2383 et
597 2352 667 2383 acie
689 2353 861 2385 oculorum
883 2352 948 2384 de-

178 2401 287 2433 sectus
309 2399 358 2431 ius
381 2398 477 2431 civile
492 2397 620 2441 populo
637 2397 873 2441 benignissime
891 2398 948 2430 in·-

176 2452 380 2490 terpretatus
412 2451 463 2476 est
493 2442 731 2486 utilissimaque
764 2443 892 2475 discere
912 2443 947 2475 id

178 2491 386 2536 cupientibus
401 2495 616 2522 monumenta
635 2489 834 2532 composuit.
862 2490 947 2521 Nam

178 2545 214 2570 ut
236 2548 350 2569 senem
371 2536 464 2568 illum
487 2541 626 2575 natura,
653 2545 787 2566 caecum
811 2534 947 2566 fortuna

177 2584 289 2616 facere
323 2582 453 2626 potuit3
495 2581 544 2613 ita
580 2586 698 2612 neutra
731 2579 946 2622 interpellare

177 2629 301 2667 valuit,
328 2639 369 2660 ne
393 2639 461 2660 non
486 2626 597 2659 animo
622 2633 657 2658 et
679 2625 810 2658 videret
835 2632 868 2657 et
892 2625 946 2657 vi—

175 2681 280 2717 geret.

243 2724 271 2753 et
293 2722 434 2760 dicebat,
466 2729 521 2753 nec
547 2717 668 2762 deerat]
706 2717 746 2750 V.
773 2715 944 2749 Adnotata

175 2766 209 2797 in
233 2767 258 2798 I.
283 2763 325 2805 4,
351 2765 382 2800 7.

242 2813 398 2844 Graecam
408 2830 452 2835 -
462 2809 641 2854 historiam]
662 2808 741 2841 Non
755 2819 826 2840 esse
840 2808 942 2839 Grae-

174 2867 284 2889 carum
315 2868 425 2889 rerum
454 2856 649 2894 historiam,
682 2854 741 2887 sed
767 2853 941 2886 historiam

171 2900 354 2935 Romanam
374 2914 493 2946 graece
512 2901 692 2944 scriptam,
715 2905 830 2933 monet
843 2901 940 2941 Vo9e-

170 2947 231 2978 lius
249 2946 283 2978 in
303 2948 429 2980 Prolus.
451 2947 526 2992 Bip.
548 2946 644 2982 1830.
662 2958 696 2990 p.
711 2945 763 2980 17.

1050 1483 1174 1514 videbat
1188 1483 1220 1513 in
1232 1479 1354 1524 litteris]
1381 1480 1499 1513 Horat.
1515 1480 1583 1512 Sat.
1600 1478 1626 1510 Ϊ.
1645 1478 1678 1517 3,
1692 1476 1754 1512 26;

982 1531 1093 1560 curin
1125 1526 1308 1559 amicorum
1341 1529 1427 1559 viliis
1453 1532 1523 1558 tam
1550 1527 1650 1558 cernis
1674 1535 1756 1556 acu·-

980 1580 1051 1605 1um
1073 1572 1144 1604 —'?
1180 1573 1233 1604 Sic
1247 1572 1350 1616 Sopll.
1369 1574 1406 1604 Ο.
1428 1572 1466 1604 R.
1482 1570 1549 1605 32⁴3
1561 1582 1633 1614 sq.:
1664 1565 1756 1609 ὅςτις

982 1618 1024 1652 ἐν
1049 1622 1144 1657 τοῖς
1169 1618 1387 1660 κέρδεσιν
1413 1614 1523 1652 Μόνον
1547 1615 1755 1658 δέδορκε,

980 1663 1042 1707 τὴν
1077 1664 1196 1708 τέχνην
1233 1660 1264 1698 δ’
1301 1663 1365 1706 ἔφυ
1400 1661 1537 1707 τυφλός.
1600 1661 1755 1694 Ceterum

981 1711 1064 1742 mira
1100 1709 1265 1753 elegantia
1300 1719 1412 1742 caecus
1443 1707 1566 1740 dicitur
1588 1709 1695 1740 videre
1722 1707 1755 1738 in

981 1755 1112 1788 litteris,
1163 1755 1214 1786 Cf.
1239 1754 1349 1786 locum
1371 1765 1389 1786 e
1412 1753 1583 1797 Sophocle
1606 1752 1755 1784 allatum.

1051 1802 1130 1833 clv.
1144 1800 1317 1833 XXXIX.
1346 1800 1419 1833 113.
1445 1800 1598 1832 Diodotus
1614 1800 1753 1839 Stoicus]

982 1848 1022 1878 V.
1049 1858 1110 1879 nos
1132 1846 1166 1878 in
1191 1846 1277 1878 libro
1300 1845 1333 1877 d.
1368 1847 1406 1878 de
1430 1847 1570 1878 Cic-eron.
1591 1846 1624 1876 in
1642 1845 1755 1885 philos.

983 1903 1058 1925 mer.
1081 1905 1114 1937 p.
1132 1892 1187 1927 37.
1214 1898 1248 1923 et
1272 1891 1377 1924 Indic.
1401 1890 1478 1923 hist.

1050 1940 1134 1980 quod
1156 1940 1301 1970 credibile
1323 1939 1379 1970 vix
1400 1938 1492 1979 esset]
1519 1935 1583 1981 nisi
1604 1934 1678 1979 ipse
1702 1934 1755 1967 vi—
1792 1965 1819 1981 ,.

983 1984 1117 2018 dissem.

1050 2041 1147 2071 quum
1171 2032 1203 2061 in
1220 2031 1297 2069 phil.
1319 2031 1516 2069 versaretur,
1537 2047 1582 2052 —
1606 2030 1675 2059 tum
1692 2030 1758 2059 iue-

984 2078 1089 2118 batur]
1118 2077 1153 2107 ln
1176 2075 1241 2107 hoc
1262 2073 1454 2118 partitionis
1475 2084 1609 2117 genere,
1635 2083 1702 2117 quo
1721 2072 1756 2104 in

984 2122 1095 2165 priore
1123 2121 1274 2153 membro
1308 2119 1434 2164 aliquid
1455 2119 1640 2163 generatim
1664 2117 1756 2163 poni,
1815 2138 1821 2145 ·

983 2168 1017 2199 in
1033 2166 1220 2211 posteriore
1243 2166 1368 2210 aliquid
1390 2164 1564 2209 speciatim
1588 2176 1662 2197 cum
1682 2174 1757 2196 ma—

982 2213 1054 2245 iore
1077 2213 1107 2245 vi
1131 2212 1241 2245 eil'erri
1264 2212 1352 2243 solet
1376 2214 1422 2255 (v.
1443 2218 1554 2243 tamen
1576 2210 1699 2243 Adnot.
1722 2209 1757 2241 in

984 2272 1010 2291 c.
1023 2260 1077 2299 25,
1094 2259 1176 2297 723,
1202 2257 1327 2301 duplici
1348 2263 1478 2290 veteres
1499 2257 1547 2289 usi
1565 2263 1642 2289 sunt
1663 2262 1756 2288 stru-

984 2312 1085 2336 ctura.
1135 2304 1302 2336 Particula
1333 2303 1422 2335 enim
1455 2313 1554 2344 quum
1582 2302 1614 2334 in
1643 2301 1756 2346 priore

982 2351 1133 2382 membro
1163 2357 1219 2382 aut
1252 2361 1326 2381 cum
1358 2348 1560 2387 indicativo,
1596 2354 1653 2380 aut
1681 2357 1755 2379 cum

983 2396 1198 2429 coniunctivo
1222 2395 1388 2438 iungiturz
1415 2406 1490 2426 nam
1513 2400 1571 2426 aut
1591 2392 1755 2436 simplici—

982 2449 1036 2474 ter
1065 2448 1197 2485 tempus
1228 2441 1412 2484 significat,
1449 2447 1521 2472 tum
1555 2438 1755 2471 indicativus

982 2488 1138 2531 ponitur,
1164 2494 1222 2520 aut
1245 2486 1427 2519 caussalem
1451 2485 1620 2528 utriusque
1643 2495 1753 2516 mem-

982 2533 1032 2565 bri
1061 2545 1202 2571 nexum,
1239 2540 1310 2564 tum
1343 2530 1572 2564 coniunctivus
1604 2529 1754 2573 ponitur.

980 2580 1049 2610 Iam
1072 2579 1239 2610 nonnullis
1264 2576 1424 2620 exemplis
1446 2574 1647 2608 sententiam
1670 2586 1754 2619 pro-
1813 2600 1821 2606 .

980 2624 1125 2666 positam
1148 2624 1360 2656 illustremus.
1399 2624 1506 2665 Supra
1527 2622 1583 2653 ΙΙΙ.
1608 2621 1668 2662 13,
1688 2620 1751 2655 27:
1807 2623 1809 2626 ⁴

981 2681 1081 2712 quum
1099 2669 1206 2702 omnis
1226 2667 1435 2712 perturbatio
1452 2666 1584 2699 miseria
1603 2670 1656 2706 esi,
1680 2672 1753 2698 tum

982 2714 1170 2746 carnificina
1190 2713 1378 2757 aegritudo.
1422 2713 1479 2743 IV.
1505 2711 1542 2752 1,
1571 2714 1606 2745 1:
1642 2713 1752 2752 Quum

979 2759 1092 2792 multis
1116 2759 1197 2791 locis
1220 2766 1410 2792 nostrorum
1426 2757 1598 2790 hominum
1621 2757 1754 2801 ingenia

979 2805 1184 2848 virtutesque
1204 2808 1284 2837 soleo
1309 2803 1440 2841 mirari3
1464 2811 1536 2836 tum
1557 2802 1699 2835 maxime
1717 2802 1754 2835 in
1841 2823 1843 2828 ·

977 2851 1028 2883 his
1053 2850 1188 2883 studiis:
1215 2851 1249 2882 h.
1265 2862 1292 2882 e.
1316 2856 1349 2882 et
1370 2849 1483 2882 multis
1503 2849 1599 2890 locis,
1624 2856 1658 2881 et
1676 2859 1750 2880 ma-

973 2897 1070 2930 xime.
1120 2896 1263 2929 Contra:
1288 2896 1326 2927 N.
1340 2897 1380 2928 D.
1394 2896 1419 2927 I.
1434 2895 1464 2929 1.
1485 2895 1614 2939 princ-z
1640 2895 1752 2936 Quum

973 2943 1097 2976 multae
1114 2954 1166 2975 res
1185 2942 1221 2975 in
1235 2941 1450 2986 philosophia
1473 2951 1682 2985 nequaquam
1695 2951 1754 2973 sa-
1809 2939 1818 2977 ,ᾖ
