1859 3133
698 43 866 76 LIBER
892 44 918 76 1.
947 41 1010 85 17,
1032 40 1091 78 40.

1626 32 1681 78 67

81 136 238 188 tamus,
279 142 357 181 an,
401 126 505 168 sicut
530 123 744 180 pleraque?
776 138 998 180 quanquam
1020 124 1094 167 hoe
1115 123 1272 180 quidem
1297 123 1482 175 minime,
1517 137 1680 180 persua-

81 205 178 248 dent
205 204 311 259 euim
343 199 633 251 mathematici,
682 206 830 241 terram
860 199 901 240 in
927 199 1057 241 medio
1091 199 1237 241 mundo
1266 199 1383 241 sitam
1417 199 1465 241 ad
1501 199 1679 242 universi

80 279 183 323 caeli
206 277 456 335 complexum
486 274 599 331 quasi
630 274 763 330 puncti
799 273 929 315 instar
955 274 1162 327 obtinere,
1196 275 1299 331 quod
1327 273 1494 328 κέντρον
1521 275 1575 316 illi
1607 290 1680 318 vo-

81 361 200 408 cant3
233 366 319 396 eam
341 365 460 408 porro
485 357 665 392 naturam
693 363 784 391 esse
815 356 1003 405 quattuor
1023 351 1154 392 onmia
1180 350 1426 406 gignentium
1451 365 1678 407 corporum,

80 437 147 482 ut,
193 426 308 485 quasi
338 426 481 483 partita
513 425 684 468 habeant
719 425 826 467 inter
858 438 904 467 se
942 438 989 466 ac
1024 425 1149 466 divisa
1184 433 1405 478 momenta,
1449 434 1611 469 terrena
1642 434 1683 469 et

81 502 240 547 humida
269 509 412 559 suopte
439 507 536 543 nutu
560 507 600 542 et
624 515 698 543 suo
721 500 897 557 pondere
921 500 968 542 ad
995 514 1110 556 pares
1141 502 1309 558 angulos
1338 501 1378 543 in
1410 509 1556 544 terram
1581 503 1682 545 etin

81 593 194 622 mare
217 561 415 629 reraiit'ffr}
449 577 625 632 reliquae
651 576 755 618 duae
776 582 935 632 partes,
970 590 1048 617 una
1075 575 1219 631 ignea,
1253 577 1377 618 altera
1400 577 1606 630 animalis,
1637 585 1682 620 ut

78 654 171 698 illae
189 652 418 710 superiores
441 652 481 694 in
502 652 673 694 medium
694 651 823 692 locum
852 651 986 693 mundi
1003 652 1201 707 gravitate
1226 652 1406 693 serantur
1427 658 1466 692 et
1490 653 1681 708 pondere,

79 729 140 772 sio
170 728 245 772 hae
269 741 427 770 rursum
451 727 574 769 rectis
601 727 717 769 lineis
749 727 788 768 in
812 727 1027 769 caelestem
1050 727 1179 769 locum
1204 726 1442 778 subvolent,
1489 727 1575 769 sive
1600 728 1685 784 ipsa

79 811 222 848 natura
241 803 447 860 superiora
469 809 679 860 appetente
693 835 704 853 ,
738 803 824 844 sive
847 803 949 858 quod
970 816 992 844 a
1010 802 1262 858 gravioribus
1283 801 1436 843 leviora
1457 809 1596 844 natura
1620 817 1685 845 re-

80 879 294 937 pellantur.
357 875 472 933 Quae
511 893 630 934 quum
665 885 876 930 constent,

81 971 265 1006 verborum
297 970 452 1004 iunctura
485 971 578 1015 (sieut
611 971 681 1016 [ut,
715 973 869 1014 quemad-

81 1017 228 1062 modum]
254 1035 302 1042 —
324 1020 369 1050 sic
395 1018 487 1061 [itaD
516 1017 687 1050 vocabulis
716 1021 760 1050 sic
791 1018 867 1062 [ila]

81 1075 228 1108 unquam
259 1062 430 1096 addidisse
459 1067 498 1096 et.
561 1063 614 1095 Cf.
644 1063 811 1096 Adnotata
835 1063 867 1095 in

80 1111 141 1144 ΙΙΙ.
169 1109 230 1151 17,
267 1109 323 1144 37.
382 1111 466 1143 Num
500 1115 550 1142 est
583 1122 739 1153 graecum
775 1109 867 1153 μῶν

83 1156 119 1202 (i.
149 1167 179 1189 e.
205 1153 254 1199 μὴ
279 1148 374 1197 οὖν),
411 1155 502 1200 quod
536 1155 582 1187 ibi
618 1156 774 1200 ponitur,
813 1155 866 1188 ubi

80 1201 256 1246 roeponsio
279 1208 494 1245 exspectatur
514 1213 639 1245 negans
664 1201 709 1240 id,
736 1201 778 1233 de
799 1212 866 1245 qno

81 1254 154 1282 erat
175 1247 431 1292 interrogatum.
480 1248 604 1280 Verte:
636 1250 700 1280 Wir
724 1250 866 1289 zweiseln

79 1295 160 1328 doch
177 1295 261 1327 nicht
273 1295 289 1326 ¹?
337 1294 379 1328 V.
394 1305 455 1326 nos
467 1293 500 1326 in
517 1294 575 1326 Gr.
595 1294 631 1326 L.
647 1296 674 1339 ξ.
694 1295 767 1336 Ιὸδ,
780 1295 812 1326 3.
829 1293 864 1335 b)

79 1352 114 1385 p.
128 1337 208 1374 442.
222 1339 275 1372 ed.
288 1340 320 1373 2.
369 1339 545 1373 Sententia
568 1340 670 1383 igitur
690 1340 774 1373 haec
793 1347 864 1372 est:

78 1386 170 1420 Num
188 1385 290 1430 igitur
306 1385 507 1425 dubitamus,
533 1387 612 1465 guin
635 1394 724 1419 terra
737 1407 781 1411 —
795 1387 861 1418 ob-

79 1433 209 1474 tineat,
249 1443 291 1465 an
317 1432 419 1465 etiam
444 1433 509 1466 hoc
559 1432 743 1471 ubitamus,
780 1432 867 1465 sicut

82 1478 359 1512 Academicorum
395 1491 490 1512 more
522 1479 699 1524 plerasque
739 1491 790 1511 res
832 1479 865 1511 iu

81 1524 327 1558 dubitationem
351 1536 472 1558 vocare
494 1525 668 1558 solemus?
726 1525 866 1558 Minime

81 1582 186 1610 vex-03
226 1583 305 1604 nam
338 1571 382 1604 de
404 1571 501 1604 huius
530 1571 579 1604 rei
605 1570 746 1604 veritafe
769 1571 865 1604 nobis

82 1616 286 1662 persuadent
319 1617 570 1656 mathematici,
618 1618 672 1662 qui
711 1618 865 1650 nimirum

82 1663 166 1696 nulli
187 1663 288 1697 facile
304 1663 509 1697 dubitationi
528 1664 639 1697 locum
663 1664 866 1709 relinquunt,

81 1708 165 1757 sed,
189 1710 348 1755 quicquid
372 1710 406 1743 iu
430 1722 546 1744 eorum
570 1709 781 1755 disciplinam
807 1723 867 1744 ca-

84 1754 147 1797 dit,
186 1755 230 1789 ad
250 1756 414 1802 liquidum
436 1756 620 1801 perducere
644 1757 767 1789 solem.

153 1806 274 1837 terram
292 1806 326 1837 in
350 1807 456 1838 medio
479 1805 598 1836 mundo
618 1805 729 1848 sitam]
756 1803 865 1836 Nimi-

29 1863 38 1867 ·
64 1846 156 1881 'rum
184 1860 202 1882 e
224 1860 384 1894 perversa
415 1857 568 1884 veterum
592 1849 763 1892 opinione.
815 1850 867 1881 Cf.

83 1895 196 1940 Somu.
219 1895 387 1940 Scipionis
410 1893 443 1930 4.
466 1897 498 1929 ὁ.
530 1896 574 1928 N.
602 1897 640 1930 D.
666 1897 708 1928 Il.
729 1895 784 1929 36.
811 1895 867 1929 39.

26 1939 36 1957 ⁸
82 1947 118 1974 et
135 1941 226 1974 infra
248 1953 277 1975 c.
297 1945 361 1982 26,
387 1941 443 1976 613⁴.
492 1943 666 1974 structura
687 1941 869 1973 accusativi

82 1998 111 2020 e.
131 1986 194 2020 inf.
215 1990 531 2022 terram—obtinere
552 1999 612 2031 per
630 1987 871 2019 attractionem

82 2033 251 2078 quandam
263 2033 392 2078 pendet
409 2046 428 2066 a
443 2035 648 2074 persuadent,
671 2044 741 2064 non
755 2044 774 2064 a
794 2042 871 2064 num

80 2078 185 2124 igitur
218 2082 426 2121 dubitamus;
471 2090 548 2110 nam
581 2085 654 2111 tum
691 2078 871 2110 dicendum

83 2131 176 2158 erat:
199 2128 276 2167 quin
293 2129 434 2158 terra—
447 2127 594 2158 obtineat.
635 2126 676 2159 V.
698 2124 872 2158 Adnotata

84 2171 118 2204 in
142 2172 168 2204 Ι.
181 2170 246 2212 36,
271 2170 329 2205 238.

155 2218 200 2250 ad
220 2219 361 2250 universi
381 2219 461 2250 caeli
477 2218 696 2260 ,complex-um]
737 2217 780 2250 H.
794 2228 823 2249 e.
848 2216 876 2249 si

89 2269 217 2297 terram
242 2273 474 2307 comparamus
509 2275 583 2296 cum
613 2263 758 2296 universi
792 2263 874 2296 caeli

88 2309 278 2362 complexu.
327 2309 539 2354 Praepositio
559 2311 604 2342 ad
624 2309 798 2353 eleganter
818 2309 875 2342 in-

87 2363 194 2389 sernt
211 2355 468 2399 comparationi.
493 2355 569 2388 Liv.
583 2357 700 2396 XXII,
719 2358 782 2389 2¹2:
806 2356 876 2389 ho-

85 2401 171 2435 mini
201 2413 271 2435 non
296 2403 342 2435 ad
367 2409 480 2435 cetera
502 2401 623 2446 punica
645 2402 781 2446 ingenia
803 2402 876 2435 cal—

87 2447 172 2482 lido.
220 2448 316 2482 Infra
335 2460 364 2481 c.
378 2447 446 2487 29,
470 2447 536 2483 70:
574 2448 657 2481 nihil
678 2448 722 2480 ad
739 2448 795 2487 id,
833 2448 876 2481 de

87 2506 156 2540 quo
175 2494 318 2539 agimus.
365 2495 408 2527 V.
423 2495 564 2528 Kiihner.
578 2495 618 2527 L.
635 2494 694 2528 Gr.
709 2495 737 2540 ς.
753 2493 830 2537 119,
845 2494 877 2529 1.

88 2551 125 2586 p.
138 2537 219 2575 245.
237 2540 291 2573 ed.
305 2539 340 2574 2.

156 2590 308 2629 quattuor
327 2605 374 2612 ——-
397 2586 579 2632 corporum]
605 2587 650 2619 Η.
665 2598 694 2622 e.
715 2592 878 2632 quattuor

90 2631 356 2674 elementorum,
389 2644 410 2666 e
433 2633 552 2678 quibus
578 2633 692 2666 omnia
714 2633 876 2666 oriantur.

89 2677 220 2712 Nostro
249 2678 329 2712 loco
362 2678 421 2712 lux
444 2679 586 2723 affulget
616 2691 656 2712 ex
676 2679 877 2714 Academ.1.

90 2721 126 2764 6,
139 2721 204 2759 ⁶24:
232 2725 283 2758 De
304 2731 424 2758 natura
446 2732 618 2759 autem—
631 2726 682 2758 ita
707 2725 878 2768 dicebant,

87 2774 131 2803 ‘ut
148 2781 222 2803 eum
235 2770 430 2804 dividerent
449 2771 485 2804 in
504 2784 559 2805 res
580 2772 682 2804 duas:
719 2779 758 2804 ut
774 2772 880 2805 altera

93 2821 183 2848 unet
203 2816 376 2858 efficiens,
411 2817 518 2852 altera
541 2825 655 2851 autem
676 2818 770 2862 quasi
802 2818 882 2851 huic

94 2870 132 2892 se
161 2862 348 2907 praebens,
386 2875 493 2908 eaque
517 2864 712 2897 efficeretur
743 2864 881 2909 aliquid.

94 2905 135 2938 In
157 2917 220 2949 00,
255 2909 349 2955 quod
369 2909 543 2952 efficeret,
568 2910 638 2943 vim
662 2922 736 2943 esse
759 2922 880 2944 censen

93 2949 179 2984 bant
189 2963 215 3005 ς.
232 2952 270 2986 in
303 2965 346 2988 eo
374 2962 515 2997 autem,
552 2956 646 3001 quod
678 2956 882 2997 efficeretur,

94 3002 271 3031 aetenam
301 3000 490 3043 quandum
525 3001 561 3034 in
591 3009 734 3046 utroque
769 3009 884 3035 tamen

919 877 1171 935 perspicuum
1205 877 1324 920 debet
1358 891 1472 929 esse,
1511 878 1682 931 animos,

904 977 1102 1015 utrumque;
1138 981 1248 1015 neque
1269 970 1357 1003 enim
1381 971 1556 1004 materiam
1579 971 1686 1016 ipsam

905 1017 1085 1050 cohaerere
1110 1017 1276 1061 potuisse,
1302 1017 1329 1049 si
1355 1018 1443 1050 nullu
1469 1017 1498 1050 vi
1525 1019 1685 1051 contine-

903 1071 1015 1103 retur,
1053 1075 1162 1107 neque
1192 1063 1258 1096 vim
1288 1063 1360 1095 sinc·
1388 1064 1497 1109 aliqua
1523 1065 1682 1103 muteria;

903 1109 984 1142 nihil
1016 1116 1068 1142 est
1092 1110 1201 1149 enim,
1240 1110 1330 1153 quod
1364 1122 1431 1142 non
1457 1110 1578 1143 alicubi
1612 1122 1685 1144 esse

905 1163 1061 1199 cogatur3
1098 1155 1157 1188 sed
1180 1156 1271 1200 quod
1297 1167 1336 1188 ex
1363 1164 1523 1201 utroque,
1562 1157 1596 1189 id
1618 1157 1684 1190 iam

903 1213 1023 1245 corpus
1046 1209 1078 1234 et
1101 1202 1194 1246 quasi
1214 1202 1410 1246 qualitatem
1431 1202 1598 1247 quandam
1618 1215 1686 1236 no-

903 1248 1088 1280 minabant.

972 1294 1145 1338 Memento]
1172 1294 1286 1326 Motus
1309 1293 1361 1326 vel
1383 1302 1493 1328 motus
1514 1295 1614 1339 leges.
1640 1296 1683 1328 N.

903 1341 944 1373 D.
967 1341 1008 1374 ll.
1033 1341 1087 1374 ἦθ’.
1109 1353 1179 1384 pr.:
1208 1342 1244 1372 ln
1267 1341 1402 1373 aethere
1426 1349 1514 1374 astra
1539 1342 1685 1374 volvun-

902 1394 967 1423 tur,
988 1399 1073 1431 quae
1094 1399 1131 1419 se
1151 1393 1184 1419 et
1205 1386 1282 1419 nixu
1301 1398 1361 1418 suo
1383 1388 1586 1431 conglobata
1604 1400 1684 1420 con-

902 1433 1025 1472 tinent,
1051 1440 1084 1465 et
1107 1433 1216 1465 forma
1240 1433 1312 1477 ipsa
1337 1433 1505 1477 figuraque
1525 1447 1583 1467 sua
1607 1446 1685 1467 mo-

901 1487 1014 1513 menta
1037 1482 1081 1523 td.
1107 1482 1357 1521 (ileichyeiricht)
1382 1487 1584 1513 sustentant.

969 1542 1077 1578 suopte
1096 1541 1174 1570 nutu
1196 1541 1222 1569 et
1246 1548 1302 1570 suo
1321 1539 1473 1581 pondere]
1510 1538 1552 1570 N.
1578 1539 1615 1570 D.
1643 1539 1685 1572 11.

901 1583 965 1618 39:
993 1583 1313 1626 terra—globosa,
1340 1592 1373 1616 et
1396 1585 1541 1628 undique
1560 1585 1632 1627 ipsa
1652 1584 1686 1617 in

901 1642 974 1662 sese
991 1632 1119 1663 nutibus
1137 1632 1204 1662 suis
1224 1629 1446 1673 conglobata:
1474 1630 1528 1662 ubi
1554 1633 1688 1670 ll'ylten-

902 1678 990 1709 bach.
1012 1676 1045 1708 in
1072 1676 1195 1709 Select.
1220 1676 1333 1708 Scliol.
1359 1689 1391 1720 p.
1409 1676 1485 1709 725¹).
1526 1676 1578 1709 Cr.
1601 1676 1687 1710 haec

902 1722 1016 1755 addit:
1044 1724 1144 1755 xmus
1170 1735 1189 1755 a
1217 1722 1354 1754 Graecis
1379 1723 1514 1764 νεῦσις,
1553 1723 1594 1755 ab
1619 1723 1686 1755 ho·-

903 1769 1028 1801 diernis
1048 1768 1170 1800 dicitur
1190 1770 1359 1807 tendenlia,
1379 1768 1454 1811 quin
1474 1780 1588 1800 omnes
1604 1780 1688 1812 par-

903 1823 952 1847 tes
978 1822 1086 1847 terrae
1118 1814 1150 1846 in
1183 1815 1289 1857 ipsam
1307 1813 1463 1845 tendunt.
1512 1816 1551 1846 Iu
1573 1814 1687 1848 medio

905 1861 1032 1893 debent
1054 1859 1234 1892 convenire
1267 1870 1379 1891 earnm
1402 1859 1515 1903 pulsus
1550 1868 1584 1894 et
1606 1861 1688 1894 effi-

906 1918 980 1939 cere
1005 1917 1118 1937 enrum
1142 1905 1209 1937 vim
1233 1906 1473 1949 centripetam,
1498 1918 1597 1950 quam
1620 1907 1689 1940 ho-

906 1952 1014 1984 dierni
1033 1951 1080 1984 ita
1099 1959 1274 1984 vocarunt.
1318 1952 1367 1984 De
1387 1964 1469 1985 voce
1484 1957 1578 1986 nulus
1592 1965 1690 1998 prae-

905 2005 1000 2030 terea
1031 1997 1075 2030 cf.
1102 1998 1144 2030 de
1166 1996 1342 2037 Fin.1.6‚
1368 1998 1422 2031 20.
1450 2006 1486 2031 et
1518 1999 1560 2032 de
1594 2002 1688 2033 Orat.

905 2045 966 2077 ΙΙΙ.
988 2042 1054 2084 45,
1081 2044 1157 2078 1725.
1208 2045 1259 2076 De
1294 2045 1494 2088 pronomine
1526 2057 1583 2079 suo
1614 2058 1690 2079 cum

906 2090 1062 2123 enclitica
1077 2094 1129 2131 ple
1153 2090 1198 2123 cf.
1223 2090 1266 2123 de
1291 2092 1382 2123 Orat.
1400 2092 1457 2123 111.
1475 2092 1508 2131 3,
1528 2093 1586 2125 10:
1613 2104 1691 2126 sua-

905 2141 958 2179 pte
978 2137 1196 2169 interfectum
1217 2148 1329 2170 manu.
1378 2137 1483 2182 Legg.
1505 2139 1529 2171 1.
1547 2138 1602 2179 18,
1625 2138 1690 2173 49:

907 2188 1020 2224 suaple
1043 2191 1162 2216 natura
1194 2183 1298 2216 rirtus
1324 2184 1503 2228 expetitur.
1554 2185 1606 2217 Cf.
1630 2196 1692 2218 nos

909 2229 943 2262 in
966 2230 1006 2263 L.
1025 2229 1084 2262 Gr.
1108 2232 1137 2275 §.
1155 2228 1211 2264 36.
1235 2230 1316 2262 Not.
1331 2230 1364 2264 3.
1390 2242 1422 2274 p.
1437 2231 1492 2264 55.
1510 2230 1563 2264 ed.
1578 2232 1610 2264 2.

980 2289 1023 2319 ad
1040 2298 1138 2328 pares
1156 2287 1304 2332 angulos]
1332 2287 1374 2319 H.
1392 2299 1420 2320 e.
1441 2287 1485 2320 ad
1504 2296 1617 2322 rectos
1630 2300 1695 2322 an-

909 2332 1006 2378 gulos
1020 2359 1028 2373 ‚
1053 2333 1098 2365 ad
1121 2334 1410 2378 perpendiculum.

977 2393 1053 2424 illae
1079 2391 1269 2435 superiores]
1297 2391 1376 2424 Scil.
1409 2397 1501 2425 terra
1532 2399 1567 2425 et
1596 2403 1694 2436 aqua,

911 2439 970 2470 hae
994 2449 1039 2470 se.
1064 2437 1150 2481 ignis
1175 2445 1209 2469 et
1231 2441 1299 2470 aer.

980 2497 1125 2538 rursum]
1155 2494 1219 2527 Alii
1238 2494 1354 2539 legunt
1373 2506 1522 2537 sursum,·
1543 2493 1602 2526 sed
1615 2493 1694 2538 plu-

911 2541 987 2574 rimi
1001 2540 1100 2574 codd.
1115 2548 1149 2573 et
1161 2542 1281 2584 optimi
1294 2541 1420 2574 habent
1432 2551 1570 2580 rursum,
1595 2551 1696 2584 quam

911 2587 1094 2620 lectionem
1129 2593 1163 2619 et
1195 2588 1238 2621 ob
1270 2587 1423 2621 codicum
1446 2586 1696 2630 auctoritatem,

913 2640 949 2667 et
973 2634 1051 2679 quia
1073 2632 1247 2667 difficilior
1267 2640 1339 2674 est,
1373 2632 1527 2677 praetuli.
1574 2632 1696 2676 Neque

915 2680 1053 2713 omnino
1084 2680 1287 2713 vocabulum
1316 2689 1443 2712 sursum
1473 2677 1697 2711 necessarium

914 2733 989 2766 est,
1025 2737 1126 2771 quum
1149 2732 1333 2771 sequantur
1353 2724 1455 2756 verba
1480 2725 1513 2756 in
1535 2726 1698 2778 craelestem

914 2776 1026 2806 locum.
1064 2775 1205 2805 Rursum
1226 2778 1276 2804 est
1297 2774 1418 2809 contra,
1441 2780 1490 2812 gr.
1511 2780 1568 2804 αυ.
1602 2771 1698 2806 Infra

917 2831 945 2852 c.
964 2819 1022 2859 20,
1038 2815 1102 2851 45:
1124 2825 1158 2850 et
1172 2816 1371 2850 habitabiles
1389 2814 1556 2858 regiones,
1577 2822 1611 2849 et
1624 2826 1700 2851 rur-

916 2875 989 2898 sum
1011 2864 1103 2897 omni
1126 2863 1216 2896 cultu
1229 2867 1455 2894 ——vacantes.
1490 2862 1619 2904 111,15,
1640 2862 1698 2898 33.

916 2911 974 2944 IV.
991 2910 1033 2944 31
1049 2936 1057 2950 ,
1082 2909 1138 2943 65.

986 2958 1061 2997 ipsa
1082 2954 1214 2998 natura]
1250 2952 1329 2986 Scil.
1352 2952 1526 3006 ignearum
1561 2960 1598 2988 et
1623 2954 1699 2989 ani-

920 3001 1058 3034 malium
1082 3000 1240 3045 partium.

1296 3051 1324 3087 5
1346 3045 1371 3072 *
