1859 3149
679 67 854 104 munii
878 69 940 104 111.
962 65 1008 110 9,
1035 64 1090 104 19.
1114 65 1172 102 zo.
1653 59 1734 105 183

233 152 315 198 lx.
376 151 516 210 Itaque
545 165 627 194 non
663 149 807 192 inscite
832 148 1098 192 Heracleotes
1119 146 1343 206 Dionysius
1373 147 1424 191 ad
1454 160 1503 190 ea
1535 149 1724 207 disputat,

121 244 225 289 quae
255 231 359 288 apud
389 229 608 272 Homerum
639 224 821 268 Achilles
852 225 1032 280 queritur
1063 224 1164 277 hoc,
1198 230 1241 266 ut
1271 223 1440 281 opinor,
1474 224 1619 267 modo:

294 309 444 359 Corque
471 317 592 344 meum
617 304 773 356 penitus
804 303 997 353 turgescit
1023 301 1200 340 trisHbus
1230 302 1316 349 e're's,

294 384 416 433 Quum
446 382 582 420 decore
609 385 725 432 atque
754 379 860 416 omni
885 390 943 415 me
971 376 1145 415 orbatum
1178 377 1291 416 laude
1319 377 1518 417 recordor.

118 463 188 500 19.
227 455 337 499 Num
368 469 509 498 manus
541 454 686 496 affecta
711 459 822 494 recte
855 458 941 502 est,
986 466 1104 506 quum
1133 450 1173 492 in
1207 457 1360 493 tumore
1392 452 1485 494 est?
1528 457 1598 493 aut
1628 465 1722 494 num

112 532 218 575 aliud
241 532 452 589 quodpiam
484 529 703 572 membrum
725 527 914 569 tumidum
947 541 993 568 ac
1015 526 1211 581 turgidum
1233 540 1313 567 non
1334 526 1479 568 vitiose
1508 540 1554 569 se
1574 526 1723 570 habet?

114 608 174 651 uic
203 608 326 664 igitur
361 608 521 649 inflatus
551 612 592 647 et
623 612 780 646 tumens
814 603 971 645 animus
1002 602 1043 644 in
1078 601 1176 643 vitio
1205 608 1282 643 est.
1354 600 1556 657 Sapientis
1589 609 1721 645 autem

114 684 271 727 animus
296 697 456 740 semper
483 688 599 724 vacat
621 680 746 732 vitio,
780 694 980 735 nunquam
1006 677 1228 734 turgescit,
1261 690 1462 732 uunquam
1488 684 1639 731 tumet3
1680 685 1722 721 at

112 760 240 803 iratus
270 759 425 802 animus
445 756 639 799 eiusmodi
666 763 751 798 est:
793 769 990 811 uunquam
1021 753 1144 810 igitur
1166 752 1325 808 sapiens
1347 752 1549 795 irascitur.
1612 752 1720 796 Nam

898 829 1109 886 Proprium
1144 836 1207 870 cst
1237 828 1342 870 enim
1377 827 1466 869 irati
1493 843 1664 885 cupere,
1696 843 1718 871 a

1482 903 1562 959 Qui
1585 912 1717 946 autem

111 836 146 879 si
167 835 380 886 irascitur,
423 834 542 876 etiam
575 831 836 889 concupiscit.

109 927 188 969 quo
208 912 343 954 laesus
363 910 562 961 videatur,
595 908 631 950 ei
654 922 768 964 quam
797 906 1014 948 maximum
1040 905 1217 946 dolorem
1238 904 1416 945 inurere.

109 988 148 1030 id
172 986 444 1044 concupierit,
479 998 568 1026 eum
592 997 760 1025 necesse
783 989 870 1034 est,
914 982 947 1023 si
972 982 1010 1022 id
1035 988 1275 1023 consecutus
1299 980 1378 1032 sit,
1423 994 1569 1036 magno
1595 994 1716 1037 opere

109 1062 266 1106 laetari.
324 1061 391 1103 Ex
415 1075 491 1117 quo
514 1060 579 1111 lit,
615 1066 656 1100 ut
680 1059 810 1100 alieno
832 1058 936 1099 mulo
958 1057 1144 1113 gaudeat.
1203 1054 1320 1110 Quod
1341 1056 1525 1111 quoniam
1550 1071 1629 1097 non
1653 1070 1716 1097 ca-

110 1139 166 1181 dit
189 1139 230 1181 in
258 1137 477 1194 sapientem
494 1169 505 1188 ,
550 1149 601 1176 ne
628 1141 670 1176 ut
694 1133 893 1174 irascatur
919 1132 1075 1188 quidem
1103 1132 1222 1173 cadit.
1285 1129 1359 1172 Sin
1391 1137 1522 1172 autem
1556 1131 1716 1173 caderet

108 1215 149 1256 in
169 1213 388 1270 sapientem
408 1210 632 1266 aegritudo,
667 1209 829 1250 caderet
847 1208 965 1249 etiam
986 1207 1207 1248 iracundia.
1266 1206 1356 1261 Qua
1375 1206 1559 1262 quoniam
1578 1213 1713 1259 vacat,

107 1288 357 1347 aegritudine
391 1287 511 1330 etiam
548 1284 721 1326 vacabit.
793 1289 866 1324 20.
903 1281 1064 1323 Etenim
1092 1282 1127 1323 si
1159 1281 1320 1338 sapiens
1354 1281 1394 1322 in
1425 1281 1714 1337 aegritudinem

105 1364 284 1408 incidere
304 1370 456 1421 posset,
490 1368 627 1418 posset
645 1359 761 1401 etiam
784 1359 823 1399 iu
849 1358 1181 1407 misericordiam,
1216 1363 1352 1412 posset
1373 1356 1413 1397 in
1434 1356 1709 1397 invidentiam.

104 1439 203 1483 Non
226 1439 310 1482 dixi
337 1437 587 1493 ininjlicim,
621 1448 721 1491 quae
743 1441 824 1475 tum
851 1440 936 1486 est,
983 1448 1100 1489 quum
1129 1432 1354 1483 invidetur3
1402 1432 1450 1473 ab
1476 1431 1712 1474 incidendo

107 1523 239 1559 autem
265 1513 508 1557 invidentia
533 1518 644 1554 recte
673 1510 749 1552 dici
775 1517 928 1566 potest,
971 1516 1013 1550 ut
1040 1508 1276 1563 effugiamus
1309 1507 1535 1563 ambiguum
1566 1521 1711 1549 nomen

107 1591 329 1640 invidia&
371 1589 474 1646 quod
497 1587 664 1630 verbum
700 1586 858 1627 ductum
884 1592 946 1627 est
968 1600 991 1626 a
1020 1584 1137 1626 nimis
1167 1583 1359 1625 intuendo
1390 1584 1591 1624 fortunam
1615 1583 1712 1625 altc—

105 1667 217 1720 rius,
250 1673 295 1709 ut
324 1673 388 1709 est
416 1665 457 1706 in
488 1661 747 1725 Melanippo:

443 1743 624 1793 Quisnam
644 1741 788 1794 florem
821 1738 979 1776 liberum
1012 1738 1150 1775 invidit
1178 1750 1297 1775 meum
1312 1739 1331 1774 ,7

103 1816 213 1860 Male
242 1815 390 1860 Latine
419 1815 604 1867 videtur,
649 1814 720 1856 sed
750 1812 956 1868 praeclare
989 1810 1162 1861 Accius3
1211 1818 1253 1850 ut
1293 1809 1398 1849 enim
1432 1807 1609 1860 cidere,
1649 1808 1709 1849 sic

996 1896 1130 1939 Corque]
1158 1895 1254 1928 Iliad.
1281 1907 1310 1935 ι,
1336 1892 1426 1928 6-’16ι

972 1939 1057 1978 ἀλλά
1084 1955 1140 1986 μοι
1165 1939 1335 1978 οἰδάνεται
1359 1939 1485 1984 κραδίη
1510 1935 1624 1985 χόλῳ,
1650 1939 1710 1976 ὁπ-

1379 1983 1454 2021 πότ’
1479 1985 1618 2021 ἐκείνων

1289 2030 1323 2077 μ’
1357 2029 1537 2076 οἶσύφηλυν
1573 2032 1606 2068 ἐν
1633 2029 1710 2077 Ἀρ-

1378 2079 1517 2123 γείοισιν
1543 2078 1666 2121 ἔρεξεν.

994 2129 1065 2170 iris]
1091 2129 1141 2160 De
1160 2126 1280 2171 plurali
1296 2138 1436 2158 numero
1455 2138 1485 2158 v.
1507 2125 1551 2158 ad
1564 2128 1664 2166 JV.2‚
1678 2126 1710 2160 3.

105 1916 206 1950 quem
229 1911 386 1949 putamus
408 1913 480 1935 esse
503 1912 567 1934 non
596 1903 653 1934 hili
676 1899 816 1932 dicimus
839 1901 889 1930 ni-

106 1953 182 1994 hita}
206 1951 255 1984 sic
275 1950 309 1983 in
331 1961 397 1994 quo
415 1956 570 1994 putamus
589 1958 660 1979 esse
679 1947 889 1986 nequicquam

106 1997 247 2031 dicimus
263 2006 410 2038 nequam.
441 1995 494 2026 Cf.
507 1995 686 2026 Forcellinii
697 1993 798 2025 Thes.
814 1991 890 2022 Lat.

106 2057 138 2077 v.
159 2053 318 2085 nequam:
342 2041 398 2074 ubi
415 2041 515 2073 etiam
533 2039 644 2083 plures
661 2037 794 2071 collecti
812 2043 889 2069 suut

106 2090 196 2131 loci,
232 2090 265 2122 in
292 2087 411 2132 quibus
444 2088 565 2119 homini
593 2087 678 2127 frugi
705 2083 890 2128 opponitur

105 2138 198 2169 homo
214 2144 363 2176 nequam.
400 2132 467 2165 Sed
487 2139 578 2164 reete
599 2138 716 2164 monet
734 2132 891 2169 Klotzius,

1215 2029 1234 2042 n

973 2033 1150 2081 μνήσομαι
1158 2061 1166 2075 ,
1205 2046 1231 2069 ω
1238 2046 1254 2073 ς

108 2180 367 2226 originationem
389 2179 600 2223 propositam
620 2177 741 2210 falsam
762 2188 834 2208 esse
856 2182 889 2207 et

106 2227 306 2261 vocabulum
328 2228 486 2268 nequitiae
515 2236 589 2258 cum
610 2227 738 2265 nequire
763 2222 889 2256 cohae-

106 2286 180 2308 rere
202 2272 456 2318 significareque
475 2272 761 2313 Nichtsni‘itziyheit.

176 2322 256 2354 nihil
273 2321 405 2362 dicitur]
424 2318 478 2351 Sic
503 2320 559 2352 Or.
573 2329 601 2350 c.
615 2317 654 2349 R.
671 2318 706 2350 P.
727 2316 865 2359 aliisque
881 2328 888 2353 ς

106 2366 156 2400 sic
170 2378 289 2411 graece
309 2362 327 2400 ὅ
341 2362 366 2409 ἦ
383 2361 495 2400 οὐδέν.
528 2364 638 2407 Vulgo
650 2365 741 2397 m'hili
756 2362 890 2406 legitur.

174 2423 295 2447 necesse
317 2416 362 2446 est
384 2422 448 2446 esse
470 2413 678 2454 constantem]
705 2411 747 2443 V.
769 2409 891 2442 Adno-

106 2466 178 2494 tata
203 2459 247 2493 ad
265 2459 321 2492 Ν.
345 2459 409 2499 37,
435 2459 491 2493 ὅθ.

173 2510 202 2540 et
222 2509 296 2540 sunt
317 2507 374 2538 illa
394 2504 562 2546 sapientis]
596 2503 639 2538 V.
659 2502 833 2536 Adnotuta
854 2500 889 2533 in

106 2565 134 2587 c.
155 2550 197 2593 4,
219 2551 260 2586 9:
286 2555 315 2585 et
335 2554 477 2585 omnium
502 2556 567 2583 etc.

173 2599 254 2631 Cn.
264 2599 327 2631 IX.
348 2600 393 2632 ad
405 2608 443 2631 ea
454 2596 611 2640 disputat]
633 2597 740 2639 Supra
759 2596 782 2627 l.
800 2591 834 2634 4,
848 2593 888 2629 7:

46 2648 51 2660 '
106 2647 151 2678 ad
173 2647 210 2678 id
230 2651 289 2677 ant
309 2645 430 2677 sedens
459 2650 518 2676 aut
547 2642 720 2676 ambulans
743 2643 891 2682 disputa-

106 2693 191 2723 bam.
237 2690 399 2724 Similiter
422 2690 513 2723 iufra
534 2691 592 2723 IV.
615 2689 682 2728 21,
703 2693 766 2722 45:
801 2687 891 2728 Quid

107 2737 153 2769 aa
182 2739 241 2770 has
271 2739 502 2779 disputationes
535 2738 655 2778 possint
685 2736 816 2768 dicere?
856 2740 892 2766 et

107 2781 156 2814 ib.
179 2783 245 2823 20,
269 2782 326 2818 46.
359 2783 528 2828 elliptice:
576 2783 765 2826 Exspecto,
810 2780 891 2824 quid

108 2829 155 2860 ad.
175 2829 249 2862 isra.
294 2831 346 2863 Aa
369 2837 420 2862 est
438 2831 473 2863 in
496 2831 630 2871 Reti-eff,
655 2831 688 2862 in
710 2829 892 2868 Ruchsicht,

108 2875 143 2906 ἰπ
161 2875 347 2926 βοήεῖωπρ.
395 2875 452 2908 Sic
475 2877 535 2908 III.
558 2875 614 2914 32,
641 2874 704 2909 76:
730 2876 781 2907 Ad
806 2874 892 2918 Epi-

110 2930 182 2951 cun
204 2923 444 2955 consolationem
468 2921 548 2954 satis
574 2929 626 2953 est
649 2927 728 2953 ante
752 2919 890 2952 dictum.

111 2963 208 3017 Infra
220 2965 264 2998 V.
276 2965 309 3006 7,
331 2968 393 3002 18:
418 2967 616 3011 philosophi
637 2984 685 2991 -——
706 2972 893 3009 congerunt

114 3021 247 3052 omma,
272 3011 335 3044 etsi
358 3011 426 3048 alio
450 3013 529 3046 loco
554 3012 726 3056 disputata
749 3017 840 3044 sunt.

997 2186 1049 2220 w.
1070 2190 1103 2219 at
1116 2187 1233 2228 iratus]
1258 2187 1420 2217 Ernestius
1433 2195 1450 2215 e
1465 2185 1542 2216 Vat.
1558 2186 1646 2224 irati,
1668 2183 1711 2215 ob

923 2232 1161 2267 antecedentia
1193 2234 1345 2273 sapientis
1377 2233 1505 2263 animus
1516 2243 1527 2273 ,-
1563 2237 1596 2262 at
1623 2236 1712 2262 recte

925 2280 1048 2313 dicitur
1065 2283 1168 2312 iratus
1188 2282 1329 2318 animus,
1348 2280 1476 2318 sapiens
1497 2280 1626 2309 animus
1645 2288 1712 2309 non

924 2327 1017 2360 item.
1062 2326 1117 2358 Sic
1147 2337 1175 2358 e.
1199 2325 1239 2364 7,
1264 2325 1314 2357 15.
1352 2326 1557 2356 conturbatus
1587 2325 1714 2355 animus

927 2372 1113 2418 opponitur
1138 2373 1290 2412 sapientis
1313 2373 1435 2402 animo.

995 2431 1052 2464 20.
1077 2431 1215 2472 Etenim}
1245 2427 1435 2468 „particula
1459 2430 1568 2460 etenim
1590 2425 1712 2456 utimur

925 2483 1105 2517 nontam,
1143 2487 1245 2521 quum
1274 2474 1428 2519 proxima
1464 2472 1711 2509 confirmamus,

926 2535 1025 2569 quam
1049 2535 1151 2568 quum
1173 2523 1208 2554 in
1236 2521 1389 2553 universa
1420 2517 1712 2561 argumentatione

925 2570 1180 2615 progredimur,
1206 2575 1244 2600 ut
1270 2579 1372 2611 saepe
1398 2567 1469 2597 sere
1492 2564 1581 2595 idem
1606 2562 1649 2594 sit
1673 2574 1713 2594 ac

923 2628 1038 2659 porro,
1073 2618 1276 2658 praeterea.“
1332 2614 1475 2652 Madvig).
1510 2609 1551 2642 ad
1582 2608 1656 2640 Fin.
1686 2610 1712 2640 I.

928 2664 940 2696 1
960 2690 967 2703 ,
988 2664 1019 2696 3.
1043 2666 1121 2708 p.&.
1149 2672 1259 2704 comp.
1279 2660 1324 2691 N.
1348 2660 1388 2690 D.
1410 2658 1461 2697 11,
1486 2655 1583 2700 §.7⁵12
1602 2654 1712 2687 Divin.

928 2712 978 2751 11,
1005 2709 1106 2754 §.e‘ss
1132 2715 1166 2740 et
1192 2706 1266 2741 142.

996 2778 1078 2809 quae
1107 2770 1173 2798 lum
1195 2767 1258 2803 est,
1291 2770 1388 2803 quum
1406 2759 1581 2801 invidetur]
1609 2758 1711 2799 „Quo

926 2813 1093 2846 vocabulo
1115 2816 1181 2843 tum
1200 2808 1322 2841 rectius
1343 2813 1450 2845 utare,
1477 2816 1578 2849 quum
1614 2804 1711 2837 alicui

927 2861 969 2893 ab
995 2859 1067 2892 aliis
1091 2856 1281 2894 invidetur,
1323 2864 1424 2897 quam
1446 2863 1547 2896 quum
1576 2857 1615 2883 tu
1638 2850 1711 2895 ipse

927 2906 1025 2939 alteri
1058 2903 1227 2937 invideas:
1268 2911 1352 2944 quae
1389 2905 1442 2932 est
1474 2897 1587 2942 potius
1621 2899 1711 2931 invi-

927 2954 1072 2986 dentia.“
1122 2951 1177 2982 Or.

996 3004 1187 3050 invidentia]
1220 3004 1274 3037 Cf.
1299 3004 1356 3036 IV.
1382 3002 1422 3044 7,
1454 3001 1503 3037 16.
