1859 3149
1570 44 1652 87 175

52 148 230 207 profecto
249 147 370 188 animi
387 144 606 195 medicina,
639 141 883 199 philosophia
898 173 908 192 ,
944 140 1056 182 cuius
1081 136 1273 180 auxilium
1297 149 1376 176 non
1391 165 1403 186 ‚
1439 140 1482 175 ut
1502 134 1545 175 in
1564 149 1653 175 cor-

662 61 830 94 LIBER
853 61 912 94 111.
937 60 982 99 3,
1004 57 1039 91 7.

53 222 160 281 poris
190 221 365 274 morbis,
409 219 619 276 petendum
656 223 718 259 est
752 217 870 268 foris,
919 215 1180 269 omnibusque
1215 210 1354 268 opibus
1393 209 1567 260 viribus,
1611 214 1657 250 ut

54 304 211 341 nosmet
233 297 307 353 ipsi
328 295 442 338 nobis
465 293 614 335 mederi
643 291 865 348 possimus,
900 290 1184 332 elaborandum
1205 294 1282 329 est.
1345 283 1581 340 Quanquam
1608 284 1657 325 de

55 373 244 416 universa
269 369 539 428 philosophia,
587 374 734 424 quanto
767 380 887 422 opere
917 372 957 406 et
990 365 1215 420 expetenda
1254 369 1363 404 esset
1396 369 1435 402 et
1470 359 1654 410 colenda,

56 450 179 500 satis,
223 454 266 489 ut
298 445 497 497 arbitror,
544 444 688 485 dictum
727 449 789 483 est
823 441 862 482 in
898 440 1132 482 Hortensio.
1209 437 1272 479 De
1306 437 1491 479 maximis
1526 443 1659 477 autem

56 523 176 566 rebus
215 521 312 564 nihil
349 522 436 563 fere
467 518 753 562 intermisimus
791 523 927 573 postea
962 530 1036 558 nec
1074 515 1300 570 disputare,
1354 527 1427 554 nec
1461 511 1658 553 scribere.

59 597 135 640 His
170 604 302 639 autem
338 596 451 638 libris
485 594 669 651 exposita
710 601 802 635 sunt
846 607 916 643 ea,
971 604 1071 647 quae
1114 604 1136 630 a
1174 589 1288 630 nobis
1331 603 1417 629 cuin
1461 586 1662 628 familiari-

59 673 134 715 bus
156 673 306 714 nostris
324 672 366 713 in
389 670 622 712 Tusculano
644 676 760 710 erant
778 668 991 724 disputata.
1056 664 1137 708 Sed
1160 665 1344 720 quoniam
1368 663 1520 704 duobus
1545 675 1663 718 supe-

60 747 233 790 rioribus
261 747 310 788 de
339 753 467 788 morte
501 753 540 786 et
572 745 619 786 de
645 744 783 786 dolore
807 744 950 784 dictum
979 749 1066 793 est,
1115 741 1255 782 tertius
1280 739 1363 780 dies
1388 736 1665 794 disputationis

63 823 137 865 hoc
170 822 329 864 tertium
355 822 543 863 volumen
571 820 731 862 efficiet.
795 825 837 861 7.
885 817 938 861 [t
978 818 1082 858 enim
1123 817 1161 857 in
1187 814 1448 857 Academiam
1485 821 1665 854 nostram

63 898 367 949 descendimus,
411 896 601 938 inclinato
633 897 708 937 iam
737 895 776 936 in
806 893 1156 951 postmeridianum
1182 899 1336 947 tempus
1371 890 1456 940 die,
1503 886 1667 945 poposci

64 988 203 1016 eorum
239 973 434 1028 aliquem,
480 973 545 1027 qui
574 972 763 1022 aderant,
808 984 988 1011 caussam
1021 967 1259 1010 disserendi.
1336 964 1442 1006 Tum
1480 978 1546 1006 res
1579 969 1667 1005 acta

65 1049 123 1090 sic
153 1055 230 1090 est.

182 1121 259 1165 IV.
1459 1115 1525 1157 M.
1557 1113 1667 1156 Num

68 1199 244 1254 reliquae
272 1211 427 1253 quoque
452 1197 770 1253 perturbationes
797 1196 941 1246 animi,
979 1195 1232 1244 formidines,
1268 1192 1474 1242 libidines,
1510 1191 1669 1232 iracun-

322 1122 376 1163 Α.
411 1121 581 1164 Videtur
599 1121 691 1162 mihi
713 1121 855 1162 cadere
876 1120 914 1160 in
937 1119 1155 1175 sapientem
1177 1117 1400 1172 aegritudo,

68 1274 187 1316 diae?
244 1272 357 1315 Haec
378 1272 482 1314 enim
506 1273 590 1314 sere
615 1279 707 1313 sunt
732 1270 950 1321 eiusmodi,
999 1284 1098 1324 quac
1128 1269 1275 1310 Graeci
1302 1265 1417 1319 πάθη
1444 1266 1666 1322 appellant3

72 1385 286 1425 Sturenburyo
319 1381 353 1414 in
382 1381 605 1414 commentat.
641 1383 665 1414 Ι.
691 1381 732 1413 ad
753 1381 851 1413 Oine.

73 1442 109 1475 p.
124 1430 200 1463 135.
227 1440 357 1462 comma
377 1435 458 1472 post
485 1431 651 1469 paruerint
671 1427 851 1460 delendum

74 1482 110 1509 et
134 1482 213 1519 post
243 1477 436 1508 dubitatione
469 1474 660 1518 ponendum
696 1474 850 1510 videtum

73 1521 297 1565 respiciuntur
317 1521 405 1552 enim
424 1520 527 1552 verba
545 1520 780 1553 antecedentia
799 1522 852 1561 qui·

72 1570 182 1602 curari
199 1577 232 1600 se
244 1570 335 1608 passi
349 1570 431 1607 sint;
454 1579 562 1610 neque
584 1566 652 1599 ullo
674 1567 750 1599 loco
774 1578 853 1598 ver-

74 1614 118 1647 ba
141 1616 208 1646 sine
229 1615 422 1646 dubitatione
447 1613 500 1644 vel
531 1616 596 1645 sine
630 1616 695 1645 ulla
726 1615 853 1645 dubila-

74 1663 156 1693 tione
180 1658 270 1692 idem
288 1659 424 1698 valent,
449 1658 541 1702 quod
561 1662 627 1692 sine
650 1661 745 1691 dubio
766 1661 855 1701 goliae

77 1705 232 1749 Zweifel),
253 1705 313 1738 sed
334 1716 468 1748 semper
488 1705 679 1748 significant
701 1707 778 1738 ohne
797 1707 856 1737 Be-

75 1753 217 1793 denlten,
250 1753 328 1784 ohne
351 1753 428 1784 alles
444 1753 621 1785 Bedenhen.
670 1751 769 1791 Quod
793 1763 856 1782 au-

75 1805 167 1838 tem,
202 1804 240 1830 ut
268 1797 305 1829 id
328 1797 420 1842 quasi
450 1797 658 1841 praeteriens
689 1809 855 1834 moneam,

75 1843 317 1878 recentioribus
338 1855 439 1887 saepe
459 1851 638 1887 usurpatur
657 1845 745 1876 haud
766 1845 858 1875 dubie

76 1902 140 1936 pro
160 1893 227 1924 sine
249 1892 357 1930 dubio,
379 1889 415 1922 id
435 1889 613 1922 barbarum
638 1897 698 1922 est.
747 1889 858 1920 Verba

78 1936 167 1970 enirn
188 1938 276 1970 haud
296 1938 389 1968 dubie
412 1947 431 1967 a
454 1935 623 1968 veteribus
655 1946 788 1978 semper
811 1934 858 1965 ita

78 1990 272 2028 ponuntur,
307 1989 343 2014 ut
364 1982 556 2014 referantur
580 1981 623 2012 ad
646 1993 716 2013 rem
738 1980 856 2023 ipsam,

80 2041 164 2074 quae
187 2035 352 2066 narratur,
378 2027 632 2070 significentque
653 2028 741 2059 haud
761 2028 859 2058 dubia

77 2077 212 2114 ratione,
227 2076 305 2106 salis
318 2077 411 2113 certo,
427 2075 506 2105 salis
526 2077 643 2113 aperte,
665 2080 718 2104 nt:
745 2072 860 2104 hostes

80 2122 169 2154 haud
189 2121 281 2152 dubie
303 2118 395 2157 vicit,
418 2118 451 2151 h.
473 2130 501 2150 e.
525 2118 616 2151 haud
639 2118 776 2150 dubium
797 2124 858 2157 est,

82 2166 160 2211 quin
182 2177 249 2203 -3
273 2164 377 2196 verba
396 2171 508 2196 autem
528 2167 593 2197 sine
614 2166 708 2197 dubio
728 2175 861 2208 semper

80 2213 129 2244 ita
154 2217 376 2254 usurpantur,
414 2217 452 2242 ut
480 2222 550 2242 non
581 2210 625 2242 ad
649 2222 720 2245 rem
742 2210 859 2254 ipsam,

82 2257 142 2291 sed
162 2256 206 2290 ad
226 2256 396 2300 loquentis
415 2256 573 2289 iudicium
594 2256 785 2289 referantur
805 2268 862 2289 re-

82 2303 338 2348 spondeantque
358 2302 458 2346 plane
477 2310 612 2335 nostro:
634 2305 711 2336 ohne
726 2305 862 2344 Zireisel,

84 2357 140 2383 ut:
176 2349 291 2382 hostes
320 2352 386 2382 sine
421 2351 516 2382 dubio
542 2349 639 2389 vicit,
676 2349 710 2381 h.
735 2361 764 2381 e.
791 2361 862 2381 non

82 2395 213 2435 dubito,
234 2395 314 2439 quin
325 2415 370 2419 —
383 2395 438 2427 vel
453 2395 535 2427 mihi
549 2395 712 2439 persuasi,
730 2407 805 2428 eum
817 2415 862 2419 -

82 2442 213 2476 vicisse.
254 2441 528 2474 Enucleatissime
550 2441 592 2474 de
612 2442 676 2474 hac
696 2454 732 2474 re
753 2453 862 2485 expo-

83 2488 150 2521 suit
173 2490 379 2528 Sturenbury.
402 2487 426 2519 l.
447 2487 479 2521 d.

152 2533 186 2568 6.
207 2533 425 2578 omnibusque]
448 2535 498 2566 De
513 2533 679 2578 particula
697 2544 756 2576 que
772 2546 803 2566 v.
820 2533 863 2565 ad

86 2580 114 2613 1.
133 2579 177 2619 2,
200 2579 241 2613 4:
266 2582 438 2620 iacentque.

154 2628 266 2667 opibus
285 2627 420 2668 viribus]
447 2625 503 2658 Sic
526 2625 730 2670 proverbiali
753 2625 864 2658 forma

88 2669 160 2722 sine
182 2671 300 2716 oopula
331 2674 418 2712 equis
441 2674 539 2713 viris,
570 2675 666 2705 remis
687 2674 785 2713 velis,
821 2672 864 2704 de

89 2715 207 2760 qulbus
226 2730 258 2749 v.
280 2717 451 2750 Adnotata
471 2726 587 2750 nostra
607 2718 650 2750 ad
671 2719 712 2750 11.
734 2720 785 2757 11,
807 2719 862 2751 25.

158 2763 196 2794 dc
215 2765 365 2802 universa
381 2764 595 2808 philosophia]
632 2771 683 2796 est
705 2765 743 2796 de
761 2765 865 2804 philo-

90 2808 203 2847 sophia
216 2811 251 2841 in
266 2811 469 2850 universum,
493 2810 542 2842 uti
560 2810 764 2843 recentiores
784 2822 865 2853 per-

90 2862 208 2895 peram
237 2853 349 2886 dicere
378 2856 500 2888 solent.
535 2855 578 2888 de
609 2858 701 2888 Orat.
726 2857 783 2888 111.
808 2855 863 2893 27,

93 2895 170 2931 106.
190 2899 230 2930 de
247 2901 394 2933 universa
414 2911 459 2935 re.
505 2902 562 2934 Sic
581 2904 694 2940 omnis,
720 2909 757 2933 nt
777 2901 866 2933 infra

93 2954 122 2976 c.
139 2941 183 2984 6,
203 2942 264 2977 13ε
297 2956 367 2979 non
388 2946 477 2980 enim
498 2947 541 2980 de
561 2946 772 2991 aegritudine
803 2958 864 2979 so-

888 1380 953 1412 lum
976 1399 1042 1418 ——-,
1080 1377 1139 1410 sed
1163 1377 1205 1410 de
1238 1380 1323 1410 omni
1355 1376 1458 1409 animi
1480 1396 1523 1400 —
1546 1380 1671 1417 periur-

887 1429 1010 1458 batione
1032 1446 1075 1450 —
1099 1424 1286 1468 explicabo.
1336 1424 1376 1455 V.
1402 1434 1462 1455 nos
1486 1423 1520 1455 in
1547 1423 1604 1454 Gr.
1629 1422 1670 1454 L.

890 1476 917 1518 ς’.
933 1474 1016 1507 102»,
1040 1474 1070 1502 ἶ».
1099 1484 1129 1514 p.
1151 1471 1272 1514 litisq.
1295 1469 1393 1502 ed.'.'.

956 1520 1129 1559 expetenda
1151 1522 1241 1559 esset,¹
1283 1517 1330 1548 De
1355 1515 1559 1560 imperfecto
1585 1525 1671 1547 con-

888 1565 1027 1597 iunctis-i
1061 1565 1093 1596 in
1125 1563 1293 1596 sententia
1317 1562 1465 1606 generali
1491 1574 1522 1594 v.
1544 1560 1671 1593 Adnot.

888 1612 920 1643 in
948 1613 971 1643 l.
995 1613 1009 1642 -i
1028 1636 1035 1649 ‚
1062 1612 1088 1643 l.

959 1661 991 1690 in
1012 1655 1189 1698 Hortensio]
1218 1657 1257 1686 V.
1281 1656 1367 1688 Adn.
1391 1655 1424 1686 in
1450 1655 1492 1686 ΙΙ.
1513 1653 1554 1690 2,
1579 1650 1611 1685 4.

961 1704 992 1737 Τ.
1035 1706 1065 1734 in
1098 1703 1318 1743 Academiamss
1361 1700 1449 1732 Villa
1483 1698 1674 1732 Tusquana

893 1750 960 1783 dno
979 1749 1125 1781 habebat
1147 1747 1339 1791 gymnasia,
1365 1746 1517 1789 lyceum,
1543 1744 1635 1788 quod
1654 1756 1675 1777 a

893 1797 994 1836 loco,
1031 1795 1086 1826 ubi
1112 1793 1307 1826 Aiistoteles
1339 1792 1478 1824 Athenis
1515 1790 1674 1831 docebat,

893 1850 927 1873 et
950 1840 1167 1881 academiam,
1194 1850 1278 1883 qnae
1299 1851 1316 1870 a
1332 1838 1483 1870 Platonis
1502 1836 1676 1870 academia

894 1889 986 1920 dicta
1005 1893 1086 1918 erat.
1134 1886 1283 1929 Lyceum
1306 1884 1456 1928 superius
1478 1890 1571 1923 erat3
1595 1883 1676 1917 hinc

893 1934 925 1967 h.
946 1933 969 1965 l.
1000 1934 1228 1965 descendimus.
1280 1931 1331 1963 Cf.
1360 1930 1504 1962 Dii-inat.
1529 1931 1554 1962 Ι.
1576 1931 1616 1971 5,
1641 1932 1675 1963 ὅ.

962 1989 1111 2012 caussam
1134 1979 1322 2019 disserendij
1350 1976 1452 2020 ἓέμα.

965 2025 1117 2056 cmlx&
1147 2026 1313 2063 libidines,
1342 2022 1545 2066 iracundiae]
1584 2021 1676 2054 Alias

894 2073 1064 2105 iracundia
1098 2072 1223 2103 libidini
1256 2069 1431 2102 subiicitur
1463 2082 1482 2101 a
1514 2069 1678 2101 Cicerone

897 2120 942 2162 (v.
969 2117 1057 2149 iufra
1076 2118 1134 2149 IV.
1153 2117 1184 2154 7,
1206 2115 1271 2156 16.)
1287 2142 1296 2158 ,
1321 2115 1592 2159 perturbationes
1614 2126 1676 2146 au-

894 2172 964 2197 tem
981 2170 1140 2207 quattuor
1160 2169 1378 2194 numerantur
1394 2162 1457 2194 hae
1471 2174 1477 2193 1
1499 2162 1677 2202 aegritudo,

896 2215 1016 2250 melus,
1050 2211 1165 2249 libido,
1201 2211 1358 2249 voluptas.
1417 2212 1462 2240 At
1493 2207 1526 2239 h.
1551 2207 1572 2239 1.
1608 2218 1679 2239 non

896 2254 1051 2302 ἀκριβῶς
1075 2255 1205 2288 Tullius
1235 2255 1422 2287 numeravit
1446 2253 1679 2298 perturbatio-

897 2315 977 2341 neS,
1019 2314 1129 2345 comp.
1162 2301 1253 2333 infra
1278 2313 1306 2333 c.
1331 2303 1371 2340 ὁ,
1400 2301 1460 2334 ll:
1498 2299 1603 2332 exisse
1638 2309 1679 2330 ex

895 2355 1068 2392 potestate
1093 2347 1231 2380 dicimus
1255 2359 1331 2384 eos.
1359 2347 1414 2390 qui
1440 2346 1595 2379 effrenati
1622 2346 1679 2376 fe-

897 2402 1017 2427 runtur
1039 2399 1094 2426 aut
1129 2396 1257 2427 libidine
1278 2397 1333 2426 au!
1351 2395 1533 2426 iracundia.
1577 2390 1676 2423 offic.

897 2444 922 2474 Ι.
946 2441 1010 2476 20,
1036 2440 1091 2473 Ἐξ).
1152 2442 1202 2472 De
1233 2441 1475 2471 abstractornm
1507 2437 1679 2470 nominum

897 2487 1018 2532 plurali
1040 2498 1180 2518 numero
1201 2499 1235 2518 v.
1259 2486 1384 2518 Adnot.
1408 2486 1440 2518 in
1467 2487 1523 2517 IV.
1547 2486 1587 2521 2,
1613 2481 1645 2515 3.

966 2535 1043 2565 haec
1057 2532 1154 2577 enim]
1173 2533 1323 2565 Graece:
1348 2533 1458 2565 ταῦτα
1474 2529 1548 2574 γάρ.
1583 2528 1679 2559 Neu*

897 2587 987 2612 trum
1011 2579 1097 2611 enim
1122 2578 1250 2611 numeri
1267 2578 1403 2621 pluralis
1421 2583 1499 2620 post
1519 2574 1680 2606 substan-

898 2626 969 2658 tiva
992 2625 1146 2657 feminini
1170 2625 1301 2668 generis
1325 2623 1484 2667 ponitur,
1519 2631 1619 2664 quum
1645 2625 1680 2651 et

900 2684 938 2705 ea
961 2684 1013 2704 res
1038 2682 1123 2715 quae
1155 2671 1312 2703 dicuntur
1340 2666 1580 2711 impersonales
1614 2664 1678 2697 de·-

901 2718 1050 2756 darant,
1089 2724 1123 2749 et
1147 2729 1215 2749 non
1245 2716 1353 2748 solnm
1376 2726 1427 2745 res
1450 2713 1582 2750 dictae,
1618 2710 1680 2743 sed

900 2764 1091 2796 universum
1123 2774 1235 2794 earum
1265 2772 1367 2803 genus
1399 2757 1542 2801 intelligi
1565 2757 1679 2790 debet.

901 2810 957 2842 Sic
979 2821 1079 2852 supra
1104 2810 1126 2840 I.
1151 2806 1215 2842 24,
1241 2808 1305 2840 56:
1340 2816 1438 2848 quam
1462 2807 1552 2843 vilis,
1578 2814 1679 2847 quam

900 2858 1042 2896 arboris;
1067 2857 1144 2887 haec
1166 2852 1254 2884 enim
1274 2851 1375 2883 etiam
1396 2849 1535 2882 dicimus
1553 2850 1678 2882 vivere.

899 2904 987 2934 Haec
1016 2913 1084 2933 non
1108 2902 1167 2932 has
1189 2896 1300 2942 posuit
1323 2896 1460 2935 Cicero,
1499 2896 1576 2940 quia
1600 2895 1679 2928 uni—

900 2958 1033 2979 versum
1063 2945 1254 2989 plantarum
1282 2954 1387 2986 genus
1418 2941 1564 2987 intelligi
1592 2941 1676 2976 vult.
