1843 3101
167 15 252 60 224

166 106 268 149 stola
291 105 481 162 quadam,
527 115 625 158 quae
653 108 714 143 est
735 101 783 142 ad
806 99 859 155 Q.
881 99 1160 153 Tuberonem,
1203 97 1548 156 Pythagoreorum
1576 98 1750 142 videtur.

165 180 295 224 Multa
323 180 438 222 etiam
465 184 556 219 sunt
580 177 619 217 in
643 176 789 217 nostris
814 174 1004 216 institutis
1030 174 1144 215 ducta
1167 173 1214 215 ab
1239 173 1318 215 illis
1335 205 1346 226 ,
1393 186 1494 229 quae
1525 175 1750 229 praetereo,

166 271 218 300 ne
256 270 327 307 ea,
381 267 480 309 quae
516 251 717 309 peperisse
751 249 826 306 ipsi
862 257 1068 306 putamur,
1123 247 1278 289 aliunde
1309 247 1493 289 didicisse
1530 247 1750 290 videamur.

169 339 211 374 5.
247 329 328 373 Sed
345 361 355 380 ,
390 335 433 369 ut
452 328 499 368 ad
522 325 764 383 propositum
789 324 927 366 redeat
948 323 1097 375 oratio,
1132 336 1246 378 quam
1272 321 1385 365 brevi
1406 329 1581 377 tempore
1601 329 1697 377 quot
1716 329 1756 363 et

711 20 879 54 LIBER
903 19 960 54 IV.
984 18 1027 60 2,
1051 18 1083 53 5.
1107 17 1152 59 3,
1175 17 1208 52 6.

167 405 299 463 quanti
332 409 497 460 poetae,
541 401 606 456 qui
637 407 766 441 autem
800 406 981 440 oratores
1022 396 1288 439 exstiterunt!
1335 396 1448 438 facile
1480 403 1523 438 ut
1548 403 1752 453 appareat,

168 487 325 522 nostros
358 477 490 519 onmia
522 474 709 530 consequi
743 474 946 530 potuisse,
981 472 1095 513 simul
1127 479 1168 513 ut
1199 471 1300 512 velle
1332 470 1568 526 coepissent.

281 551 358 594 Ill.
395 550 476 594 Sed
500 551 546 592 dc
571 550 716 591 ceteris
739 548 877 589 studiis
906 548 982 588 alio
1007 547 1093 588 loco
1119 553 1158 588 et
1186 546 1386 596 dicemus,
1429 544 1463 586 si
1490 558 1584 586 usus
1617 544 1752 597 fuerit,
1811 588 1816 592 ⁴

167 637 208 671 et
237 642 356 685 saepe
382 626 568 668 diximus.
634 622 863 680 Sapientiae
897 622 1066 663 studium
1103 627 1219 662 vetus
1247 620 1285 661 id
1316 619 1471 675 quidem
1507 618 1547 660 in
1579 619 1751 671 nostris,

168 704 238 746 sed
262 710 392 744 tamen
425 708 515 743 ante
536 698 663 741 Laelii
692 705 860 739 aetatem
886 703 925 738 et
946 695 1146 751 Scipionis
1174 709 1252 735 uon
1277 694 1458 749 reperio,
1499 707 1596 749 quos
1624 693 1756 750 appel-

166 779 250 821 lare
293 776 438 834 possim
480 774 724 817 nominatim.
803 770 956 825 Quibus
991 769 1306 811 adolescentibus
1337 766 1516 811 Stoicum
1539 767 1757 824 Diogenen

169 861 210 895 et
226 851 507 894 Academicum
530 847 777 891 Carneadem
798 847 913 887 video
936 845 982 885 ad
1003 842 1194 885 Senatum
1214 843 1261 884 ab
1279 842 1593 885 Atheniensibus
1612 843 1756 884 missos

168 941 259 970 esse
292 927 461 981 legatos.
526 922 605 978 Qui
629 937 746 977 quum
770 920 827 961 rei
851 919 1027 975 publicae
1053 918 1196 959 nullam
1224 932 1395 972 unquam
1422 923 1572 973 partem
1603 916 1756 972 attigis-

169 1009 283 1052 sent,
324 996 506 1054 essetque
535 1011 671 1038 eorum
700 996 800 1036 alter
823 992 1083 1050 Cyrenaeus,
1127 993 1228 1033 alter
1250 990 1519 1048 Babylonius,
1559 1005 1757 1046 nunquam

168 1078 347 1134 profecto
382 1073 527 1116 scholis
563 1078 699 1113 esseut
731 1069 891 1111 excitati
922 1082 1049 1123 neque
1081 1068 1127 1108 ad
1149 1067 1244 1108 illud
1271 1081 1412 1108 munus
1436 1066 1578 1118 electi,
1618 1065 1694 1107 nisi
1716 1065 1758 1107 in

171 1151 398 1208 quibusdam
424 1147 662 1204 principibus
691 1144 930 1201 temporibus
953 1143 1028 1184 illis
1048 1143 1216 1184 fuissent
1240 1141 1368 1183 studia
1396 1140 1615 1182 doctrinae.
1677 1137 1765 1194 Qui.

172 1235 290 1282 quum
325 1231 459 1265 cetera
490 1222 630 1264 litteris
658 1220 911 1270 mandarent,
953 1218 1017 1258 alii
1046 1218 1107 1258 ius
1130 1217 1272 1268 civile,
1320 1215 1386 1257 alii
1415 1215 1617 1256 orationes
1645 1228 1755 1265 suas,

171 1301 234 1342 alii
259 1305 511 1342 monumenta
544 1296 763 1338 maiorum:
809 1294 907 1333 hanc
935 1291 1211 1347 amplissimam
1245 1290 1416 1332 omnium
1444 1289 1612 1342 artium,
1656 1288 1758 1330 bene

171 1374 330 1428 vivendi
348 1372 608 1428 disciplinam,
638 1370 718 1411 vita
743 1368 883 1423 magis,
919 1381 1032 1421 quam
1054 1365 1195 1407 litteris
1213 1364 1409 1421 persecuti
1433 1371 1540 1405 sunt.
1602 1369 1643 1405 6.
1679 1361 1776 1413 Ita-7
1823 1359 1825 1361 ’

174 1463 249 1505 que
284 1448 388 1489 illius
422 1459 541 1487 verae
578 1444 847 1499 elegantisque
873 1440 1166 1497 philosophiae,
1210 1453 1310 1495 quae
1333 1440 1450 1480 ducta
1478 1452 1502 1479 a
1525 1435 1692 1480 Socrate
1716 1438 1759 1478 in

173 1522 449 1578 Peripateticis
474 1520 599 1561 adhuc
626 1517 863 1575 permansit,
910 1524 950 1557 et
973 1516 1074 1557 idem
1108 1516 1184 1557 alio
1206 1515 1322 1556 modo
1349 1513 1570 1555 dicentibus
1591 1511 1757 1566 Stoicis,

1050 1607 1168 1652 Laelii]
1195 1608 1236 1639 V.
1261 1618 1322 1638 nos
1344 1605 1377 1637 in
1396 1605 1483 1638 libro
1505 1604 1537 1637 d.
1560 1615 1593 1649 p.
1609 1604 1666 1638 20.

1049 1655 1155 1695 video}
1180 1654 1222 1684 V.
1247 1651 1290 1684 ad
1314 1663 1340 1684 c.
1357 1650 1423 1691 23,
1449 1652 1503 1684 50.

174 1614 280 1659 epulis
303 1613 345 1646 ad
369 1612 507 1644 deorum
531 1610 737 1655 pulvinaria,
763 1620 862 1652 quum
885 1608 948 1639 fie-

173 1668 250 1694 rent
283 1658 500 1692 lectisternia.
556 1656 702 1690 Ablativi
729 1656 950 1696 pulvinaribus

175 1714 209 1739 et
233 1709 333 1747 epulis
362 1704 549 1747 significant
570 1710 701 1745 tempus
715 1727 722 1740 ,
749 1712 814 1744 quo
836 1699 948 1743 pulvi—

174 1752 266 1785 naria
299 1757 492 1783 sternuntur
526 1754 560 1780 et
593 1748 709 1792 epulae
739 1746 946 1783 exhibentur,

175 1805 213 1830 ut
242 1797 291 1829 dr.
323 1798 573 1838 qladialoribus,
608 1796 701 1826 ludis.
756 1793 796 1824 V.
823 1803 883 1823 nos
913 1790 947 1822 in

178 1845 237 1878 Gr.
255 1845 293 1876 L.
320 1844 349 1886 gi.
370 1843 442 1879 115,
465 1842 512 1873 12.
535 1852 567 1883 p.
580 1841 656 1873 231.
682 1838 734 1871 ed.
749 1838 781 1872 ¹2.

253 1887 537 1931 Pyzhayoreorum]
578 1885 751 1918 Genitivus
784 1882 949 1925 significat

175 1935 276 1979 Appii
312 1946 443 1967 carmen
479 1944 497 1964 a
534 1931 750 1976 Pythagoreis
787 1928 950 1971 originem

176 1981 326 2019 duxisse3
351 1982 579 2020 Pylhafloreum
592 2003 602 2018 ,
626 1976 716 2020 quod
739 1977 793 2007 Or.
811 1987 848 2006 ex
864 1986 950 2018 pau-

178 2025 223 2058 cis
244 2025 463 2058 deterioribus
487 2024 585 2056 codd.
609 2023 734 2060 edidit,
760 2021 802 2053 ad
823 2020 947 2064 Pytha-

178 2083 355 2115 goreorum
392 2070 591 2102 sententiam
615 2068 836 2112 compositum
865 2078 949 2098 esse.

243 2117 411 2160 peperisse]
439 2116 510 2148 Fin.
531 2117 587 2156 111,
613 2115 646 2147 1:
670 2114 765 2146 nobis
783 2131 828 2137 ——
848 2112 949 2143 etiam

177 2162 279 2195 verba
303 2162 460 2205 parienda
480 2168 566 2193 sunt.
604 2162 659 2192 Or.
677 2162 737 2193 32:
764 2158 950 2202 spinosiora

176 2208 281 2241 multa
304 2214 514 2251 pepererunt.
543 2206 585 2238 ad
610 2207 699 2237 Fam.
716 2206 771 2241 IV,
798 2205 856 2237 15:
894 2203 950 2236 illa

178 2254 299 2292 etiam,
326 2265 409 2297 quae
433 2252 503 2295 ipse
529 2251 661 2294 ingenio
685 2251 862 2293 studioque
886 2261 951 2293 pe-

178 2299 305 2345 peristi.
354 2299 397 2331 N.
417 2299 458 2329 D.
475 2299 523 2336 11,
549 2299 604 2329 29.
643 2298 811 2339 Legg.ll,
839 2293 891 2328 14.

249 2347 281 2379 5.
305 2347 359 2386 qui
375 2348 479 2376 autem
495 2343 645 2385 oratores]
668 2342 833 2374 Particula
846 2345 951 2373 autem

179 2391 321 2424 inservit
347 2388 506 2423 orationis
534 2386 720 2430 gradationi
742 2387 949 2426 indicandae,

179 2444 216 2470 ut
238 2437 328 2469 idem
353 2436 423 2467 fere
443 2433 572 2474 valeat,
598 2432 687 2475 quod
710 2435 873 2472 inprimis,
897 2435 952 2464 (Ie-

178 2494 277 2516 mum.
326 2481 380 2514 Sic
399 2480 487 2512 infra
501 2479 610 2517 VOAEO,
631 2477 691 2510 57:
721 2490 782 2520 qua
806 2477 951 2519 pulchri-

179 2529 295 2561 tudine
319 2528 443 2565 urbem,
465 2525 581 2570 quibus
602 2527 707 2554 aulem
724 2523 841 2564 opibus
858 2534 952 2565 prae-

179 2574 284 2607 djtam
306 2573 466 2606 servitute
489 2580 680 2614 oppressam
704 2568 810 2599 tenuit
833 2567 953 2600 civita-

178 2619 268 2652 tem!
318 2620 367 2651 Cf.
386 2619 440 2651 IV.
455 2616 519 2654 36,
546 2615 606 2650 77:
633 2613 703 2658 quis
728 2618 832 2645 aulem
853 2613 952 2644 mali-

179 2665 228 2698 tia
251 2672 285 2697 te
311 2661 533 2708 (superavitss)

250 2713 342 2753 facile
369 2714 403 2742 ut
436 2706 604 2750 appareat]
641 2707 681 2737 V.
715 2703 758 2737 ad
786 2703 868 2743 1.8,
897 2701 949 2736 16.

179 2759 274 2791 simul
305 2761 339 2789 ut
370 2766 431 2799 pro
463 2756 650 2794 simulatque
685 2750 773 2794 apud
803 2749 951 2782 Tullium

179 2814 248 2835 non
270 2814 392 2846 saepe,
424 2800 486 2833 sed
508 2799 620 2844 paucis
638 2804 769 2830 tantum
791 2795 873 2827 locis
896 2794 948 2826 le-

181 2849 279 2891 gitur.

250 2894 327 2925 Cn.
344 2894 404 2925 111.
436 2895 524 2924 vetus
545 2892 579 2923 id
601 2890 802 2932 quidem—,
825 2887 881 2920 sed
901 2889 950 2919 ία-

180 2939 267 2982 men]
289 2940 332 2973 V.
356 2938 480 2972 Adnot.
505 2936 539 2969 in
563 2937 587 2968 Ι.
604 2936 645 2975 3,
669 2933 702 2969 6.

1050 1702 1163 1732 missos
1187 1708 1250 1730 esse
1272 1698 1404 1739 leyntos]
1443 1696 1550 1737 Vide,
1584 1695 1612 1728 si
1634 1695 1758 1740 placet,

983 1744 1024 1776 tle
1058 1744 1121 1776 hac
1144 1744 1332 1786 legatione,
1367 1753 1451 1786 quae
1475 1742 1686 1786 exposuimus
1720 1741 1756 1774 in

981 1791 1068 1822 libro
1093 1790 1125 1821 d.
1149 1802 1182 1833 p.
1197 1791 1218 1823 9
1232 1800 1304 1833 sqq.
1355 1788 1509 1820 Ceterum
1529 1787 1561 1819 h.
1576 1787 1598 1819 l.
1619 1786 1756 1820 tertium

982 1836 1140 1879 legatum,
1164 1835 1349 1867 Critolaum
1364 1833 1632 1878 Peripateticum,
1657 1844 1755 1877 prae-

983 1881 1126 1914 termisit
1152 1881 1279 1913 Cicero.

1055 1926 1247 1970 Cyrenaeus]
1274 1924 1470 1959 Carneades.
1493 1944 1539 1950 —
1563 1926 1757 1965 Babylonius

984 1973 1151 2017 Diogenes
1176 1973 1319 2005 Stoicus.

1049 2021 1160 2052 scholis
1170 2017 1311 2062 excitati]
1329 2015 1529 2061 Exquisitius
1538 2015 1664 2048 dietum
1675 2026 1755 2059 pro:

986 2077 1003 2097 e
1026 2065 1168 2105 scholis,
1207 2064 1240 2096 in
1277 2063 1394 2107 quibus
1423 2063 1528 2096 vitam
1548 2061 1757 2094 umbratilem

984 2111 1147 2154 agebant,
1173 2110 1346 2153 protracti.

1053 2159 1240 2197 temporibus
1260 2157 1338 2197 illisi
1368 2154 1412 2186 H.
1431 2166 1459 2187 e.
1480 2165 1545 2198 pro
1568 2159 1758 2197 temporum

984 2203 1116 2235 illorum
1139 2201 1283 2240 ratione,
1307 2206 1383 2233 aut:
1408 2205 1442 2233 ut
1465 2199 1670 2244 temporibus
1693 2198 1758 2231 illis
1814 2213 1816 2215 >

988 2249 1044 2292 <de
1067 2259 1132 2292 quo
1156 2246 1294 2280 voculae
1316 2251 1350 2279 ut
1372 2257 1431 2278 usu
1453 2246 1497 2279 ad
1518 2248 1597 2285 Ι.ὅ,
1627 2245 1678 2278 15.
1701 2243 1758 2277 di-

985 2294 1116 2333 ximus).
1157 2293 1198 2325 de
1234 2295 1325 2325 Orat.
1341 2292 1385 2324 Il.
1406 2291 1471 2332 23,
1496 2290 1558 2326 98:
1595 2289 1651 2323 vel
1682 2289 1757 2323 elo-

985 2339 1201 2384 quentissimo
1223 2340 1413 2379 temporibus
1435 2339 1507 2371 illis.

1064 2389 1130 2418 vita
1164 2387 1269 2426 ma9is
1301 2394 1398 2424 quam
1429 2383 1552 2425 litteris]
1592 2380 1646 2416 Ad
1676 2380 1758 2413 illu-

984 2431 1158 2463 strandum
1182 2430 1270 2462 hunc
1293 2429 1405 2461 locum
1428 2429 1511 2461 facit
1543 2427 1585 2459 de
1608 2426 1680 2458 Fin.
1694 2427 1755 2458 ΙΙΙ.

985 2476 1018 2517 3,
1048 2478 1098 2509 11.
1137 2477 1200 2517 V.‚-
1215 2474 1242 2507 si
1265 2474 1352 2507 tanti
1369 2481 1429 2514 est,
1454 2485 1514 2506 nos
1535 2473 1570 2504 in
1587 2471 1609 2504 l.
1624 2471 1657 2504 d.
1677 2470 1756 2516 p.9.

1054 2521 1086 2554 6.
1113 2520 1275 2563 elegantis]
1301 2521 1342 2551 V.
1363 2519 1406 2551 ad
1425 2520 1450 2551 I.
1464 2518 1525 2556 23,
1549 2518 1604 2550 55.
1781 2556 1786 2557 ⁷

1054 2569 1137 2598 idem
1153 2569 1215 2598 alio
1230 2566 1338 2608 modo]
1361 2566 1438 2597 Hoc
1452 2561 1605 2602 Zenonis,
1630 2562 1756 2595 stoicae

987 2612 1181 2654 disciplinae
1217 2609 1382 2649 auctoris,
1429 2607 1576 2641 novandi
1610 2608 1757 2640 studium

987 2669 1085 2700 quum
1100 2657 1171 2688 aliis
1185 2655 1279 2696 locis,
1301 2662 1373 2687 tum
1385 2655 1420 2686 in
1435 2653 1599 2697 principio
1612 2653 1687 2686 libri
1698 2655 1756 2687 1V.

986 2702 1028 2733 de
1052 2702 1123 2734 Fin.
1146 2701 1360 2733 vehementer
1379 2699 1560 2744 exagitavit
1577 2705 1612 2732 et
1632 2699 1757 2744 carpsit

988 2747 1116 2780 Cicero.

1065 2793 1261 2834 Academici]
1294 2791 1374 2824 Non
1404 2797 1535 2825 veteres
1566 2789 1758 2824 Academici

984 2838 1193 2881 intelligendi
1225 2844 1319 2877 sunt,
1357 2836 1412 2881 qui
1435 2836 1583 2870 Platonis
1606 2835 1758 2880 magistri

984 2884 1173 2917 doctrinam
1204 2883 1381 2927 genuinam
1414 2888 1452 2915 ut
1481 2882 1659 2927 plurimum
1692 2893 1754 2918 ex-

984 2936 1175 2975 presserunt
1193 2941 1256 2962 nec
1277 2928 1342 2962 nisi
1360 2928 1395 2962 in
1418 2927 1588 2962 nonnullis
1607 2927 1691 2962 locis
1709 2927 1753 2961 ab
