1859 3149
1591 62 1676 107 259

1005 151 1121 207 Quae
1153 152 1188 195 si
1209 152 1374 209 probata
1404 159 1518 205 sunt,
1567 161 1672 197 metu

628 71 797 105 LIBER
821 72 880 106 IV.
905 71 972 114 31,
995 70 1052 107 65.
1074 70 1131 107 66.

77 151 206 209 primo
234 157 277 193 et
295 151 480 208 proximo
509 151 574 193 die
592 151 829 208 disputatum
865 160 944 195 est.

77 240 223 282 magna
251 239 305 268 ex
334 233 446 283 parte
475 226 632 269 liberati
664 241 817 270 sumus.

190 298 362 344 XXXI.
395 307 468 344 65.
501 300 564 344 Ac
586 302 634 344 de
654 302 844 344 malorum
866 302 1053 359 opinione
1077 303 1285 346 hactenus.
1331 301 1549 346 Videamus
1571 318 1675 346 nunc

78 377 126 419 de
150 376 369 429 bonorum,
402 376 440 418 id
466 383 528 418 est
552 377 600 419 de
626 377 776 419 laetitia
803 385 843 419 et
866 378 914 419 de
937 378 1164 435 cupiditate.
1227 377 1329 420 Mihi
1351 379 1507 434 quidem
1529 379 1570 421 in
1593 386 1677 422 tota

77 452 232 494 ratione
261 465 333 503 ea,
383 466 481 508 quae
506 453 678 509 pertinet
708 453 755 494 ad
779 453 898 495 animi
923 453 1285 510 perturbationem,
1330 469 1408 495 una
1434 469 1498 496 res
1519 455 1677 497 videtur

77 540 259 568 caussam
286 527 518 580 continere,
560 542 698 569 omnes
723 542 791 569 eas
816 543 906 570 esse
929 529 968 570 in
995 537 1131 570 nostra
1157 535 1352 585 potestate
1369 561 1380 580 ‚
1415 544 1553 572 omnes
1578 530 1677 572 iudi-

77 601 140 643 cio
168 608 401 658 susceptas,
444 617 585 645 omnes
609 603 870 646 voluntarias.
936 603 1011 646 Hie
1043 605 1163 660 igitur
1195 619 1312 646 error
1340 612 1402 646 est
1430 605 1674 661 eripiendus,

78 676 178 719 haec
198 677 440 719 detrahenda
462 679 620 735 opinio,
664 686 806 735 atque,
854 687 896 721 ut
927 680 966 721 in
991 681 1105 721 malis
1130 680 1302 736 opinatis
1328 680 1575 733 tolerabilia,
1620 681 1678 724 sie

78 751 120 793 in
139 752 256 794 bonis
277 753 477 796 sedatiora
498 762 592 796 sunt
611 755 816 796 efficienda
839 769 901 806 ea,
935 770 1034 811 quae
1051 770 1193 811 magna
1212 762 1252 797 et
1274 755 1473 797 laetabilia
1492 757 1678 815 *ducun-

77 834 156 870 tur.
231 827 366 885 Atque
409 829 482 871 hoc
516 830 672 885 quidem
706 845 915 873 commune
951 832 1143 873 malorum
1185 838 1225 873 et
1254 830 1472 882 bonorum,
1525 839 1590 884 ut,
1642 832 1676 873 si

75 902 155 946 iam
175 903 328 946 difficile
354 904 406 946 sit
430 905 671 961 persuadere
688 938 698 957 ‚
732 906 828 947 nihil
850 921 984 948 earum
1011 921 1143 949 rerum
1158 939 1169 959 ‚
1215 920 1314 962 quae
1339 906 1572 963 perturbent
1594 907 1679 949 ani-

76 993 207 1031 mum,
241 986 307 1021 aut
330 979 369 1020 in
393 979 506 1022 bonis
521 1012 532 1031 ‚
567 981 692 1021 autin
717 981 828 1023 malis
849 996 939 1023 esse
961 982 1182 1023 babendum
1198 1014 1209 1034 ‚
1245 990 1377 1023 tamen
1394 983 1471 1024 alia
1492 983 1538 1024 ad
1559 983 1678 1024 alium

79 1061 226 1096 motum
254 1055 405 1096 curatio
428 1055 479 1096 sit
497 1055 740 1107 adhibenda,
775 1057 928 1112 aliaque
950 1057 1104 1098 ratione
1128 1057 1371 1108 malevolus,
1407 1057 1483 1098 alia
1504 1065 1675 1111 amator,

79 1128 156 1171 alia
178 1143 319 1171 rursus
341 1129 509 1183 anxius,
545 1130 620 1172 alia
644 1131 800 1172 timidus
832 1132 1108 1188 corrigendus.
1172 1138 1242 1174 66.
1277 1131 1410 1187 Atque
1433 1138 1518 1173 erat
1543 1133 1676 1186 facile,

77 1212 309 1260 sequentem
344 1218 430 1246 eam
456 1205 648 1247 rationem
667 1239 677 1258 ,
730 1213 829 1262 q‘uae
854 1208 1025 1248 maxime
1052 1208 1241 1262 probatur
1273 1207 1319 1247 ‹le
1342 1207 1456 1248 bonis
1482 1214 1521 1248 et
1545 1208 1675 1260 malis,

79 1293 229 1336 negare
260 1276 430 1336 unquaffi
459 1280 608 1322 laetitia
638 1282 736 1322 affici
769 1296 886 1337 posse
916 1282 1195 1338 insipientem,
1244 1282 1346 1337 quod
1381 1282 1477 1323 nihil
1506 1297 1678 1338 uuquam

76 1353 242 1396 haberet
266 1354 374 1396 boni.
1340 1355 1432 1399 Sint
1467 1372 1563 1399 sane
1602 1358 1680 1399 ista

76 1428 208 1482 bona,
254 1443 354 1486 quae
381 1438 594 1487 putantur,
642 1432 841 1484 bonores,
883 1433 1070 1485 divitiae,
1114 1433 1363 1488 voluptates,
1412 1440 1570 1485 cetera3
1618 1440 1677 1474 ta-

441 1353 522 1398 Sed
551 1357 748 1412 loquimur
782 1372 886 1398 nunc
920 1371 1032 1399 more
1062 1357 1276 1398 communi.

79 1534 106 1566 1.
128 1543 163 1577 p.
179 1529 258 1567 649.
281 1534 328 1566 E:
347 1530 469 1578 εὐτελῆ
490 1546 529 1569 τε
548 1535 608 1569 καὶ
627 1532 859 1579 ἀσινεστέραν.

79 1579 170 1612 Xen.
185 1579 233 1610 M.
249 1580 282 1611 S.
300 1580 340 1612 Il.
366 1580 397 1619 7,
427 1583 484 1614 10:
511 1580 676 1616 κάλλιστα
698 1582 756 1615 καὶ
781 1594 860 1625 πρε-

77 1624 281 1668 πωδέστερα
304 1625 395 1670 (sehr
414 1627 520 1660 scho'n
542 1628 609 1660 uud
643 1628 686 1660 im
708 1628 860 1661 holieren

81 1671 196 1704 Grade
215 1671 443 1715 geziemend):
470 1673 525 1705 ubi
547 1686 577 1706 v.
602 1675 775 1707 Adnotata
794 1686 860 1706 no—

81 1723 162 1750 stra.
188 1718 285 1750 Plura
296 1718 324 1750 si
333 1718 436 1763 cupis.
451 1719 528 1752 vide
539 1720 583 1752 sis
593 1732 655 1753 nos
666 1721 699 1752 in
711 1722 860 1754 Gramm.

83 1764 213 1797 Graeca
227 1764 268 1796 T.
281 1765 324 1797 II.
341 1765 458 1810 §.⁴:³9l.
475 1777 507 1809 p.
518 1765 595 1799 261.
632 1767 781 1811 Denique
800 1768 861 1799 ob-

79 1809 280 1842 servandum
304 1818 374 1850 est,
400 1811 502 1845 verba
526 1816 559 1845 ut
578 1815 611 1846 in
634 1815 729 1845 malis
748 1816 861 1854 opina-

78 1858 122 1889 tis
140 1859 317 1889 tolerabilia
335 1869 377 1890 ex
397 1858 548 1891 membro
567 1859 746 1902 opposito:
779 1869 861 1903 quae

79 1911 201 1944 magna
229 1907 257 1935 et
287 1905 451 1935 laetabilia
477 1906 636 1937 ducunlur
661 1904 861 1948 complenda

81 1959 153 1981 esse
169 1947 235 1981 sic:
270 1959 352 1989 quae
374 1952 491 1990 gravia
520 1954 547 1983 et
566 1953 668 1982 tristia
692 1952 861 1983 ducuntur.

80 1993 243 2026 Similiter
257 1994 367 2026 Tacit.
381 1994 469 2027 flist.
481 1996 522 2035 11,
540 1997 603 2028 20:
630 1997 859 2035 Germanicus,

81 2039 174 2084 quod
195 2039 355 2079 arduum,
393 2043 454 2073 sibi
477 2043 537 2085 (sc.
558 2042 689 2078 sumsitl
705 2068 712 2081 ‚
750 2050 860 2075 cetera

80 2085 200 2129 legatis
218 2088 372 2126 permisit.
421 2087 513 2120 Haec
535 2086 650 2131 figura,
674 2100 738 2132 qua
758 2101 861 2133 prae-

81 2131 231 2164 dicatum
251 2132 430 2175 posteriori
450 2140 580 2166 tantum
598 2136 750 2168 membro
775 2135 860 2168 ada-

81 2184 199 2221 ptatur
221 2184 255 2209 et
274 2189 314 2210 ex
338 2190 378 2211 eo
402 2179 631 2223 praedicatum
657 2181 861 2214 contrarium

82 2222 283 2256 eliciendum
314 2231 348 2257 et
376 2224 410 2257 in
441 2226 556 2269 priore
590 2227 742 2261 membro
777 2240 861 2272 sup-

82 2269 243 2313 plendum
255 2276 316 2311 est,
338 2271 506 2305 vocitatur
519 2285 537 2305 a
548 2274 774 2317 grammaticis
786 2286 862 2310 συν-

83 2315 292 2359 εζευγμένον.
346 2318 387 2350 V.
407 2330 468 2352 nos
491 2319 526 2351 in
547 2320 588 2352 L.
603 2321 661 2352 Gr.
685 2323 714 2366 §.
732 2321 807 2360 162,
832 2333 860 2353 c.

82 2373 116 2406 p.
128 2362 207 2396 ¹455.

151 2409 179 2440 si
199 2410 282 2451 iam]
309 2409 457 2443 Attende
476 2410 519 2443 ad
540 2412 790 2456 exquisitiorem
811 2412 860 2445 si—

81 2453 332 2502 gnificationem
362 2456 501 2489 voculae
522 2459 611 2499 iam,
646 2470 730 2503 quae
763 2459 861 2502 plane

82 2500 268 2544 respondet
289 2508 408 2535 nostro
419 2515 431 2538 t,
450 2513 542 2536 werm
564 2507 661 2538 sehon
683 2517 744 2548 pro
768 2515 861 2538 werm

82 2547 175 2578 auch.
222 2547 278 2579 Sic
295 2559 323 2580 c.
337 2547 392 2590 35,
414 2548 477 2583 75:
503 2552 531 2583 si
548 2553 616 2583 iam
632 2551 705 2595 ipsa
725 2551 782 2583 illa
800 2563 861 2584 ac-

85 2602 200 2624 cusare
223 2593 322 2626 nolis,

154 2642 210 2670 aul
230 2641 266 2672 in
285 2642 390 2681 bonis,
415 2645 471 2673 aut
491 2644 522 2674 in
542 2644 651 2685 malis]
680 2642 734 2675 Sic
755 2645 810 2675 Or.
833 2655 861 2676 c.

87 2683 238 2716 omnibus
259 2685 332 2718 fere
352 2686 474 2726 codd.;
507 2688 568 2720 sed
588 2688 766 2732 pleraeque
784 2689 860 2722 edd.

87 2733 169 2761 vett.
193 2736 228 2762 eb
247 2731 360 2766 Duisb.
381 2733 476 2765 Mon.
500 2733 616 2778 legunt
639 2740 695 2767 aut
714 2737 862 2768 initialis

88 2775 191 2806 autin
211 2777 318 2810 bonis:
343 2790 427 2822 quae
443 2779 547 2813 lectio
565 2781 700 2814 minime
718 2781 862 2814 absurda

87 2815 230 2852 dicenda
255 2829 317 2854 est.
363 2824 415 2857 Cf.
439 2837 539 2869 supra
565 2839 593 2859 c.
615 2828 678 2865 20,
699 2827 761 2860 b'l:
799 2840 862 2860 nec

87 2866 179 2896 mala
199 2884 244 2890 —
264 2878 329 2901 nec
349 2871 440 2904 bona.
465 2872 536 2904 Fin.
559 2874 617 2904 III.
638 2874 701 2910 21,
724 2872 788 2905 69:
813 2876 862 2905 in-

87 2913 253 2944 commoda
282 2921 393 2948 autem
423 2923 458 2949 et
479 2920 655 2951 commoda.
702 2917 864 2951 Similiter

86 2960 191 2989 noctes
210 2962 244 2989 et
262 2959 347 3000 dies,
368 2967 405 2993 ut
425 2963 466 2994 V.
483 2963 549 3004 25,
574 2964 628 2997 70.
652 2962 718 3002 39,
746 2963 819 2997 113.

152 3003 224 3036 alia
244 3004 370 3050 rursus]
394 3014 523 3041 contra.
557 3010 599 3042 V.
617 3008 662 3042 ad
677 3010 704 3041 1.
721 3008 762 3042 17
774 3034 783 3049 ,
803 3006 861 3042 40.

963 1536 1019 1572 65.
1042 1541 1140 1578 Atque
1155 1541 1221 1570 erat
1238 1536 1346 1580 facile]
1370 1537 1409 1568 V.
1425 1536 1469 1568 ad
1485 1538 1508 1568 I.
1521 1535 1576 1577 49,
1601 1535 1675 1570 116.

965 1596 1155 1637 sequentem]
1194 1595 1236 1626 H.
1254 1606 1282 1626 e.
1317 1593 1374 1628 τὸν
1410 1591 1585 1637 ἐπέμενον.
1631 1593 1673 1626 V.

897 1640 1070 1674 Adnotatu
1095 1641 1128 1673 in
1156 1642 1180 1673 I.
1203 1641 1266 1679 δῦ,
1293 1639 1348 1673 Ol.

965 1710 1035 1732 earn
1067 1700 1235 1741 rationem]
1273 1697 1350 1729 Scil.
1373 1697 1582 1737 Stoicorum,
1618 1696 1674 1741 qni

896 1745 978 1778 nihil
1006 1745 1067 1777 nisi
1093 1745 1271 1777 honestum
1293 1744 1325 1775 in
1349 1743 1467 1783 bonis,
1503 1742 1586 1775 nihil
1611 1742 1674 1775 nisi

897 1799 994 1835 turpe
1016 1791 1049 1822 in
1073 1790 1167 1822 malis
1190 1790 1367 1822 ducebant.
1417 1790 1464 1821 Ex
1490 1789 1554 1823 hac
1573 1788 1675 1832 igitur

896 1838 1027 1870 ratione
1051 1836 1222 1879 iusipiens.
1250 1835 1326 1880 quia
1350 1835 1432 1867 nihil
1454 1835 1556 1868 habet
1579 1835 1673 1879 boni,

896 1883 986 1915 nulla
1010 1883 1140 1915 laetitia
1165 1882 1256 1914 affici
1281 1882 1419 1926 poterit.

962 1941 1101 1983 haberet]
1131 1938 1369 1972 Coniunctivus
1393 1939 1586 1983 imperfecti
1607 1949 1674 1982 po·

894 1986 976 2019 situs
1000 1993 1072 2025 est,
1104 1986 1180 2029 quia
1204 1985 1323 2018 verba:
1349 1987 1434 2026 quod
1456 1987 1533 2018 nihil
1551 1987 1676 2018 liaberet

895 2036 967 2066 boni
987 2044 1062 2076 pars
1085 2040 1162 2065 sunt
1183 2031 1423 2076 propositionis
1444 2043 1529 2075 quae
1551 2031 1676 2064 dicitur

895 2077 1121 2121 ὗποὶἳετικῆςε
1160 2090 1245 2122 quae
1281 2078 1380 2122 plena
1415 2085 1448 2110 et
1468 2077 1600 2121 integra
1626 2077 1674 2110 sic

895 2137 967 2158 sese
989 2125 1146 2158 haberet:
1173 2127 1240 2158 Nisi
1259 2136 1346 2156 nunc
1366 2127 1563 2166 loqueremur
1580 2135 1675 2157 more

898 2171 1085 2210 communi,
1110 2173 1204 2212 facile
1229 2175 1297 2204 erat
1322 2190 1363 2196 —
1390 2182 1514 2214 negare.
1539 2178 1606 2202 etc.

964 2232 1160 2270 voluptates,
1188 2227 1304 2272 celera]
1342 2228 1397 2260 Sic
1427 2234 1520 2260 recte
1553 2227 1676 2270 legitur

896 2287 936 2308 ex
963 2282 1124 2308 consueto
1150 2274 1319 2307 Ciceronis
1351 2286 1411 2306 usu
1443 2274 1477 2306 in
1506 2273 1676 2318 plerisque

897 2321 1015 2357 codd.;
1042 2321 1139 2365 pauci
1160 2320 1344 2353 deteriores
1367 2320 1496 2353 habent
1516 2324 1544 2352 et
1563 2323 1673 2351 celera.

895 2368 1006 2400 Verba
1031 2368 1118 2400 enim
1140 2369 1271 2408 reliqui,
1295 2370 1397 2407 ceteri,
1421 2368 1489 2406 alii,
1514 2367 1604 2397 multi
1625 2363 1675 2395 si-

896 2414 1052 2458 miliaque
1083 2409 1281 2451 οἷσυνδέτως
1311 2411 1588 2445 antecedentibus
1609 2408 1675 2441 ad·-

896 2461 1088 2503 iunguntur‚
1115 2472 1216 2504 quum
1234 2461 1428 2492 collectivam
1448 2457 1516 2488 vim
1536 2455 1672 2494 habent,

895 2507 928 2539 h.
943 2518 972 2538 e.
999 2518 1098 2550 quum
1124 2507 1157 2538 iu
1181 2505 1325 2550 plurium
1356 2515 1466 2536 rerum
1496 2513 1674 2534 enumera-

893 2553 988 2585 tione
1004 2565 1053 2591 ea,
1079 2564 1164 2597 quae
1183 2558 1357 2593 praeterea
1381 2546 1675 2582 commemoranda

898 2606 1011 2636 erant,
1047 2597 1346 2642 comprehendunt.
1394 2594 1494 2635 Quod
1524 2593 1578 2625 ubi
1604 2603 1673 2625 non

897 2652 970 2687 est,
996 2645 1117 2689 copula
1143 2643 1287 2676 addatur
1309 2652 1447 2673 necesse
1470 2646 1531 2671 est.
1567 2640 1675 2682 Supra

898 2704 925 2724 c.
947 2691 1014 2734 27,
1039 2691 1100 2724 59:
1136 2690 1177 2721 ad
1201 2694 1347 2726 metum,
1378 2685 1575 2723 libidinem,
1599 2686 1674 2716 reli-

896 2747 986 2779 quas.
1046 2737 1136 2768 Infra
1158 2736 1198 2765 V.
1221 2733 1285 2770 37,
1313 2732 1394 2766 107:
1436 2730 1672 2771 Clitomachus,

898 2783 1010 2821 Philo,
1046 2780 1247 2817 Antiochus,
1282 2777 1502 2816 Posidonius,
1524 2779 1672 2809 innume-

896 2831 1014 2861 rabiles
1036 2830 1103 2860 alii.
1152 2824 1251 2857 Offic.
1273 2825 1328 2856 III.
1356 2824 1406 2862 10,
1428 2820 1490 2856 43:
1517 2822 1674 2863 honores,

897 2874 1034 2907 divitiae
1047 2899 1054 2910 ,
1076 2872 1266 2915 voluptates
1280 2896 1288 2910 ,
1313 2873 1415 2902 cetera
1434 2869 1564 2912 generis
1584 2868 1675 2901 eius-

897 2920 985 2952 dem.
1020 2921 1060 2951 V.
1078 2921 1177 2951 Kritz.
1195 2917 1237 2948 ad
1253 2915 1333 2948 Sall.
1350 2915 1420 2948 Cat.
1434 2915 1512 2955 XV,
1530 2915 1559 2948 1.
1575 2927 1608 2959 p.
1619 2914 1674 2948 75.

896 2966 1026 3003 XLIII,
1035 2964 1067 2997 3.
1079 2976 1112 3006 p.
1123 2963 1201 2996 200.
1221 2964 1361 2995 Kithner.
1372 2962 1412 2995 L.
1425 2961 1484 2995 Gr.
1494 2959 1630 3007 §.lsstss’
1640 2960 1671 3004 e)

897 3022 931 3054 p.
943 3010 1022 3044 352.
1047 3009 1101 3041 ed.
1119 3009 1152 3041 2.

1241 3064 1338 3108 17*
