1859 3149
535 57 705 93 menn
729 57 772 91 v.
794 55 861 98 33,
884 54 941 90 95.
966 52 1024 90 96.
1045 53 1114 98 34,
1136 51 1195 89 97.
1582 45 1670 91 315

67 157 141 188 us
162 141 415 199 voluptates,
447 140 496 182 de
520 140 662 196 quibus
685 138 808 181 multa
831 137 881 180 ab
902 137 982 180 illis
1004 136 1172 179 habetur
1188 133 1334 187 oratio,
1368 133 1522 187 faciles,
1562 152 1669 179 com-

66 232 207 262 umnes
223 250 236 272 ,
282 217 322 259 in
347 216 478 258 medio
503 215 601 257 sitas
628 228 719 256 esse
743 215 900 265 dicunt,
944 227 1090 268 easque
1112 212 1144 253 si
1168 218 1310 253 natura
1337 209 1540 265 requirat,
1590 227 1670 254 non

65 307 244 350 genere,
275 299 346 335 aut
369 292 458 333 loco
474 323 486 344 ‚
520 297 590 332 aut
612 290 752 332 ordine
769 322 782 342 ,
813 289 884 330 sed
911 289 1063 338 forma,
1097 294 1229 329 aetate
1246 318 1258 338 ‚
1292 286 1419 341 figura
1445 285 1671 328 metiendas

67 375 224 426 putant,
255 367 305 410 ab
328 367 455 423 iisque
477 366 679 408 abstinere
703 364 863 406 minime
889 376 980 405 esse
1001 362 1182 413 difficile,
1214 361 1247 403 si
1271 369 1340 403 aut
1362 360 1570 414 valetudo„
1604 370 1673 404 aut

68 443 263 495 officium,
306 450 375 485 aut
399 443 502 483 fama
527 441 724 498 postulet,
769 439 1009 494 omninoque
1034 452 1160 494 genus
1188 437 1261 479 hoc
1284 436 1531 492 voluptatum
1558 445 1674 494 opta-

68 519 149 561 bile
171 531 289 571 esse,
327 517 363 560 si
384 531 471 559 non
490 516 621 567 obsit,
1160 517 1232 554 95.
1268 510 1498 567 Totumque
1522 512 1602 554 boc
1625 513 1674 555 de

69 593 274 651 voluptate
294 592 353 635 sic
373 592 439 634 ille
456 591 672 649 praecipit,
720 598 763 632 ιιι
777 589 1020 646 voluptatem
1038 588 1162 644 ipsam
1183 601 1254 644 per
1269 600 1313 628 se
1328 619 1339 638 ‚
1375 587 1466 643 quia
1485 587 1675 644 voluptas

665 515 856 572 prodesse
880 527 1097 569 nunquam.

68 668 145 722 sit,
190 681 351 725 semper
373 667 583 724 optandam
609 665 954 723 expetendamque
990 671 1100 721 putet
1123 663 1342 718 eademque
1381 662 1535 706 ratione
1560 664 1676 706 ‹1010-

68 758 155 786 rem
177 743 229 786 ob
250 744 290 786 id
309 743 438 800 ipsum
453 775 464 795 ‚
498 742 588 799 quia
609 741 723 783 dolor
746 741 823 792 sit,
857 754 1016 796 semper
1038 753 1129 781 esse
1154 738 1406 794 fugiendum3
1439 738 1573 794 itaque
1606 738 1676 781 hac

70 833 236 862 usurum
272 818 598 874 compensatione
635 816 881 873 sapientem,
933 822 978 857 ιιι
1009 823 1049 856 et
1083 814 1327 871 voluptatem
1362 813 1511 869 fugiat,
1558 814 1598 856 si
1630 828 1679 856 ea

71 894 264 938 maiorem
285 893 463 936 dolorem
485 893 677 935 effectura
698 892 776 944 sit,
809 899 849 934 et
870 891 1046 934 dolorem
1068 889 1260 945 suscipiat
1282 888 1476 930 maiorem
1500 890 1680 932 effic-ien-

71 976 153 1012 tem
176 969 444 1027 voluptatem,
490 968 700 1023 omniaque
726 967 923 1019 iucunda,
967 980 1188 1022 quanquam
1215 979 1337 1007 sensu
1365 964 1544 1021 corporis
1573 965 1681 1007 iudi—

71 1052 242 1098 centur,
282 1045 330 1086 ad
352 1043 524 1086 mimum
546 1043 689 1085 referri
717 1050 875 1094 tamen3
917 1047 988 1084 96.
1024 1041 1210 1097 quocirca
1229 1055 1374 1097 corpus
1394 1040 1570 1096 gaudere
1601 1047 1681 1082 tam

72 1104 186 1174 dius
219 1121 310 1163 dum
338 1125 594 1176 praesentem
628 1118 798 1160 sentiret
827 1117 1095 1174 voluptatem,
1147 1116 1319 1158 animum
1352 1123 1395 1157 et
1422 1123 1680 1172 praesentem

78 1196 286 1253 percipere
310 1194 459 1252 pariter
481 1208 570 1235 cum
589 1207 775 1250 corpore,
809 1199 848 1235 et
870 1191 1099 1249 prospicere
1118 1191 1364 1243 venientem,
1399 1204 1472 1231 nec
1496 1205 1590 1247 prae
1604 1198 1682 1233 ter-

75 1270 171 1313 ium
203 1270 489 1328 praeterfluere
529 1269 687 1321 sinere3
730 1269 786 1310 ita
815 1276 1024 1324 perpetuas
1061 1273 1100 1309 et
1128 1273 1342 1308 contextas
1379 1266 1611 1322 voluptates
1602 1292 1612 1308 ‚
1642 1267 1684 1309 in

75 1346 262 1404 sapiente:
275 1347 369 1388 fore
385 1358 571 1401 semper,
615 1358 733 1400 quum
765 1343 1014 1400 exspectatio
1039 1349 1285 1399 speratarum
1313 1341 1560 1397 voluptatum
1587 1355 1686 1399 per-

79 1428 281 1478 ceptarum
311 1421 504 1463 memoria
533 1420 781 1476 iungeretur.

188 1494 407 1538 XXXIV.
436 1501 508 1538 97.
542 1495 676 1550 Atque
711 1494 774 1536 his
804 1493 955 1536 similia.
976 1493 1025 1534 ad
1048 1492 1197 1535 victum
1217 1492 1337 1534 etiam
1356 1492 1603 1534 transferunt
1620 1506 1683 1544 ur,

77 1578 400 1628 extenuataeque
425 1570 716 1627 magnificentia
747 1576 787 1611 et
808 1575 987 1624 sumptus
1011 1568 1239 1624 epularum,
1285 1567 1389 1622 quod
1416 1581 1540 1623 parvo
1570 1568 1687 1610 cultu

78 1653 222 1689 natura
250 1653 436 1689 contenta
463 1647 532 1688 sit.
1306 1642 1517 1685 desideriis
1547 1642 1688 1684 omnia

78 1721 158 1764 ista
179 1722 363 1764 condiri-⁴?
420 1720 571 1764 Darius
594 1722 635 1763 in
660 1721 775 1777 fuga,
820 1735 938 1776 quum
965 1735 1106 1776 aquam
1129 1719 1324 1761 turbidam
1351 1726 1393 1760 et
1415 1718 1688 1760 cadaveril'ms

80 1805 218 1845 ffatim
250 1807 460 1837 attenuantur
495 1802 652 1847 opposita
688 1801 858 1839 videntur,

84 1855 120 1881 ut
141 1848 224 1882 haec
247 1844 292 1882 sit
310 1849 499 1882 sententia.
538 1849 599 1880 etsi
623 1847 775 1891 Epicurei
805 1859 860 1878 eas

84 1894 298 1940 voluptates,
337 1907 477 1940 quarum
498 1906 621 1938 genera
643 1894 715 1937 ipsa
739 1893 860 1936 (trien)

592 1644 753 1688 Etenim
787 1645 874 1701 quis
906 1645 981 1686 hoc
1012 1659 1091 1685 non
1122 1643 1258 1695 videt,

964 1803 1008 1833 ad
1034 1803 1178 1832 animum
1200 1802 1312 1841 referri
1334 1804 1439 1832 lamen
1492 1800 1541 1832 De
1568 1812 1625 1831 co
1624 1798 1688 1830 10-

898 1848 1030 1881 cati‹·›n‹
1058 1860 1088 1877 ι
1114 1851 1217 1878 tamen
1244 1845 1666 1883 v.ad1.1-,-.“.s›xt.r

966 1894 1022 1927 2⁸0.
1048 1896 1187 1934 sentiret
1215 1891 1689 1931 Ernestius,aueto1essent-

85 1952 157 1974 non
173 1948 403 1979 contemnunt
429 1940 576 1984 singulas
597 1946 790 1979 extenuant,
805 1946 862 1971 ta-

81 1999 161 2020 men
191 1987 395 2031 singularum
426 1987 639 2038 voluptatum
670 1985 861 2017 multitudi-

84 2045 162 2066 nem
184 2033 232 2066 ita
254 2041 438 2078 quaerunt,
470 2039 508 2065 ut
530 2044 570 2065 ex
594 2032 634 2064 iis
658 2031 863 2075 perpetuitas

86 2079 250 2124 quaedam
263 2079 446 2124 voluptatis
458 2078 596 2111 exsistat
608 2079 652 2122 k(-
661 2078 743 2112 953.
763 2077 865 2118 Quod

85 2133 198 2158 autem
232 2132 313 2170 post
349 2126 519 2169 passivum
552 2129 761 2158 extenuantur
796 2135 864 2156 non

85 2172 238 2216 pergitur
251 2175 416 2214 quaeritur
429 2177 534 2205 lamen
555 2174 659 2212 copia,
682 2170 719 2202 id
736 2182 776 2202 eo
797 2169 866 2202 mi-

87 2230 150 2251 nus
173 2217 354 2251 offensioni
374 2225 491 2262 potest
512 2229 604 2257 esse,
632 2216 754 2261 quod
745 2229 811 2249 lam
829 2216 865 2248 in

87 2264 321 2298 enuntiatione
340 2264 555 2298 secundaria:
592 2274 731 2305 quarum
750 2274 781 2305 9.
803 2274 865 2295 non

87 2315 290 2344 contemnunt
315 2311 462 2343 activum
486 2309 632 2355 positum
658 2317 719 2342 est.
769 2309 869 2342 Plura

87 2356 220 2389 activae
241 2363 431 2390 structurae
452 2357 487 2389 in
511 2356 677 2401 passivam
707 2355 865 2394 transitus

92 2403 246 2446 exempia
270 2403 471 2436 contulimus
495 2414 595 2446 supra
612 2401 867 2440 ad11.16‚37.

113 2478 116 2482 ,
159 2453 189 2482 et
201 2449 382 2494 obscoenus]
400 2450 502 2482 etiam
515 2449 698 2481 obscoenas
714 2447 867 2490 volupta

88 2500 141 2527 ιω
165 2494 258 2527 facili
281 2495 419 2538 negotio
454 2495 597 2537 tfacilest
625 2494 734 2541 parari
756 2505 866 2536 posse,

93 2540 286 2574 communes
310 2548 346 2573 et
368 2541 475 2574 ubivis
498 2541 538 2572 in·
557 2543 692 2584 promtu
718 2551 801 2572 ωδε.

120 2630 124 2633 -
157 2591 214 2620 aut
235 2589 326 2629 loco,
349 2591 407 2620 met
428 2587 552 2631 ordine]
590 2587 700 2618 Locus
723 2593 759 2618 et
782 2584 866 2618 ordo

93 2633 224 2679 species
245 2641 338 2665 sunt
347 2633 488 2677 generis.

147 2678 215 2714 95
238 2681 502 2723 compensatiom]
523 2678 595 2710 Fin.
613 2680 653 2715 [1
672 2678 735 2711 30:
764 2678 867 2710 Com-

95 2725 299 2768 pensabatur
329 2745 376 2751 —-—
406 2737 481 2758 cum
520 2725 657 2757 summis
695 2723 869 2757 doloribus

95 2770 236 2803 laetitia.
261 2772 304 2803 N.
330 2773 370 2804 D,
391 2773 428 2812 1,
445 2772 488 2806 9:
513 2773 564 2804 Ita
587 2771 690 2803 multa
713 2778 792 2803 sunt
813 2772 870 2802 in·-

98 2816 277 2850 commoda
298 2817 334 2849 in
350 2817 437 2857 wita,
462 2824 499 2850 ut
520 2830 560 2850 ea
580 2817 749 2861 sapientes
777 2828 872 2849 com-

98 2861 278 2894 modom
311 2863 585 2908 compensatione
611 2863 752 2896 leniant.
797 2863 873 2894 Hoc

99 2913 214 2940 amem
229 2917 328 2951 quem
343 2910 590 2952 praemanibus
612 2909 774 2942 habemus
799 2909 872 2940 loco

101 2953 335 2997 compensatio
357 2962 408 2987 est
432 2955 640 2999 comparatio
664 2955 751 2987 inter
776 2954 875 2986 volu-

102 3005 231 3042 'ptatem
255 3006 290 3032 et
312 2999 466 3033 dolorem
487 3001 651 3033 instituta.

897 1940 984 1979 leio,
1010 1938 1106 1971 dedit
1127 1941 1262 1978 seruiat,
1286 1937 1377 1970 nulla
1403 1945 1516 1969 tamen
1539 1944 1689 1981 urgente

898 1985 1118 2023 necessitate3
1143 1996 1220 2017 nam
1243 1984 1343 2016 facile
1361 1991 1521 2016 sexcenta
1542 1982 1690 2016 excitari

898 2039 1040 2076 possunt
1062 2031 1236 2075 exempla,
1272 2030 1307 2062 in
1330 2030 1448 2074 quibus
1474 2037 1551 2073 post
1577 2041 1690 2074 pnic-

899 2090 998 2118 sens,
1024 2077 1115 2122 quod
1138 2077 1283 2121 perfecti
1303 2077 1393 2109 vices
1415 2077 1581 2118 sustinet,
1606 2090 1627 2120 p
1642 2076 1689 2108 ri-

899 2136 989 2157 mum
1021 2131 1206 2168 sequuntur
1235 2123 1449 2167 praesentia,
1489 2131 1560 2155 tum
1585 2123 1689 2155 inie-

899 2179 1018 2204 ιιιιιιιιι·
1046 2170 1269 2214 imperfecta,
1311 2181 1351 2201 ac
1384 2169 1410 2201 si
1444 2170 1690 2201 antecessisset

900 2217 1101 2262 perfectum.
1152 2216 1246 2248 Idem
1280 2215 1449 2248 Bentleius
1484 2215 1604 2247 eadem
1647 2215 1689 2246 dc:

901 2276 1014 2296 caussa
1037 2263 1150 2307 pauilo
1175 2269 1253 2306 post
1274 2273 1337 2305 pro
1358 2265 1540 2303 iun9erelur
1560 2262 1633 2304 lege
1649 2273 1690 2292 u-

901 2310 979 2342 dum
1005 2317 1120 2341 censet
1150 2311 1307 2350 iungetur.
1355 2312 1401 2340 At
1421 2308 1533 2351 lapsus
1560 2320 1593 2339 e

901 2367 1050 2399 magnus.
1089 2356 1176 2387 ham
1197 2362 1249 2387 to
1239 2366 1271 2386 ta
1297 2354 1484 2386 enuntiatio
1508 2366 1526 2385 a
1550 2325 1650 2385 xerbs

900 2404 946 2435 ila
957 2383 1146 2443 ”perpetuas
1178 2421 1224 2425 --
1253 2402 1433 2440 iunqerezur
1469 2398 1552 2433 ’Ξῖ-ε,
1534 2404 1571 2417 ⁸·
1559 2398 1690 2436 ετικιῦς

902 2444 988 2481 elata
1012 2455 1085 2480 est·
1118 2446 1210 2492 qnod
1234 2446 1288 2478 vel
1310 2447 1459 2478 intusum
1479 2448 1564 2486 sore,
1589 2457 1641 2488 qu
1635 2443 1690 2475 ul

901 2494 1084 2526 infinitivus
1122 2501 1175 2526 est
1210 2492 1394 2537 praesentis
1431 2492 1622 2524 condition
1618 2490 1689 2528 ιῐὶε,

903 2548 1019 2585 aperte
1044 2539 1264 2574 demonstrat.

970 2590 1123 2619 memoria
1143 2584 1335 2627 iun9ereiur]
1357 2582 1631 2623 Verbaiungemu
1657 2588 1690 2613 et

902 2635 1111 2673 coniunqendi
1142 2630 1335 2674 saepissime
1361 2628 1451 2671 apud
1486 2629 1690 2661 Ciceronem

904 2691 979 2712 cum
997 2679 1123 2711 abiam
1127 2690 1145 2709 o
1163 2682 1410 2709 construuntur.
1448 2675 1538 2705 emt.
1553 2675 1649 2705 XLI
1657 2674 1687 2712 ιῖ,

908 2724 988 2759 152:
1011 2725 1308 2766 defensione'iuncla
1323 2720 1536 2752 —laudatia
1554 2719 1597 2751 ad
1612 2723 1651 2752 At
1666 2726 1690 2751 t.

906 2772 970 2810 IX,
997 2772 1054 2803 10:
1082 2768 1249 2801 infinitum
1270 2766 1393 2798 bellum
1414 2769 1554 2798 iunctum
1574 2768 1691 2800 miser-

906 2820 991 2850 rima
1011 2818 1100 2857 fuya.
1511 2854 1515 2858 Ι

980 2862 1057 2893 C.=.1›.
1073 2860 1240 2891 XXXIV.
1265 2857 1321 2891 97.
1344 2859 1510 2890 desideriis
1529 2860 1591 2890 ista
1611 2869 1691 2891 cmi-

910 2910 973 2940 diri
1016 2907 1089 2939 Fin.
1103 2907 1147 2944 11,
1163 2904 1227 2938 25:
1253 2906 1426 2936 Socratem
1446 2903 1546 2936 analio
1565 2903 1692 2937 dicet·-

911 2961 991 2988 tem,
1017 2952 1080 2983 cibi
1098 2950 1349 2983 condimentum
1370 2962 1442 2982 esse
1458 2950 1593 2990 samem,
1617 2962 1692 2995 po·-

1631 2306 1690 2338 'tir

851 3000 863 3009 ²
912 2999 1014 3031 tionis
1037 2997 1137 3029 sitim.
