1843 3101
193 24 277 70 286

190 117 304 159 huius
323 114 544 158 sententiae
567 112 653 168 quis
687 119 749 154 est
770 112 836 154 illo
857 112 945 154 viro
969 110 1151 168 dignior?
1193 127 1267 155 nos
1293 119 1424 155 tamen
1446 119 1676 168 teneamus,
1721 121 1766 157 ut

188 192 241 234 sit
267 191 368 232 idem
399 188 663 231 beatissimus.

299 263 402 306 XII.
472 262 527 303 Et
563 262 597 303 si
629 261 742 302 Zeno
774 258 952 313 Citieus,
1002 260 1155 302 advena
1189 260 1341 316 quidam
1380 268 1420 303 et
1457 261 1640 318 ignobilis
1673 276 1765 304 ver—

188 342 325 384 borum
348 338 506 394 opifex,
546 336 771 377 insinuasse
788 349 831 377 se
858 335 898 376 in
922 335 1119 390 antiquam
1140 335 1421 391 philosophiam
1441 336 1619 389 videtur,
1652 336 1766 378 huius

736 31 907 65 mana
931 30 1061 73 v.12,
1085 31 1142 66 35.
1165 29 1221 66 36.

187 414 407 459 sententiae
423 411 597 467 gravitas
615 425 637 451 a
654 408 830 452 Platonis
851 410 1085 452 auctoritate
1105 417 1322 466 repetatur.
1381 410 1496 467 Apud
1515 425 1629 466 quem
1646 424 1766 467 saepe

187 492 284 532 haee
310 486 436 529 oratio
460 493 643 541 usurpata
670 492 756 536 est,
805 492 845 526 ut
869 484 962 525 nihil
989 491 1146 540 praeter
1167 485 1350 526 virtutem
1376 485 1574 526 diceretur
1598 485 1760 526 bonum.

185 564 308 607 Velut
329 563 368 603 in
393 560 543 615 Gorgia
569 558 782 611 Socrates,
816 573 933 614 quum
955 566 1062 600 esset
1083 573 1137 600 ex
1159 573 1205 600 eo
1229 559 1472 614 quaesitum,
1505 558 1760 611 Archelaum,

184 638 400 682 Perdiccae
426 636 568 687 filium,
612 634 676 690 qui
700 641 779 674 tum
806 633 1139 675 fortunatissimus
1163 634 1397 685 haberetur,
1444 647 1575 675 nonne
1604 633 1763 674 beatum

185 713 364 769 putaret?
422 718 493 752 55.
528 709 642 751 Haud
666 708 771 759 scio,
816 708 964 762 inquit;
1009 722 1205 763 nunquam
1229 708 1331 749 enim
1358 722 1445 748 eum
1477 721 1524 748 eo
1547 707 1764 749 collocutus

185 803 288 830 sum.
314 811 372 817 —
412 785 506 826 Ain'
537 786 605 825 tu?
647 798 695 824 an
716 783 830 824 aliter
859 782 895 822 id
921 782 1024 823 seire
1044 797 1122 823 non
1142 784 1279 838 potes?
1306 807 1358 813 —
1401 781 1523 823 Nullo
1547 782 1677 822 modo.
1707 804 1764 812 -

186 862 252 903 Tu
270 861 390 916 igitur
411 873 460 900 ne
484 859 530 899 de
553 857 765 899 Persarum
788 856 941 911 quidem
970 870 1066 910 rege
1089 870 1231 910 magno
1254 863 1365 912 potes
1390 856 1538 909 dicere,
1570 856 1764 897 beatusne

185 937 251 978 sit.
282 959 339 965 —
367 933 434 975 An
458 947 532 987 ego
557 933 700 987 possim
716 963 726 982 ,
770 945 884 985 quum
907 930 1108 984 ignorem,
1155 944 1270 985 quam
1292 931 1344 971 sit
1365 930 1526 981 doetus,
1568 944 1681 984 quam
1700 930 1764 972 vir

182 1011 339 1052 bonus?
369 1031 423 1037 —-
461 1004 592 1060 Quid?
625 1013 663 1045 tu
682 1004 721 1045 in
742 1018 789 1045 eo
808 1004 920 1044 sitam
944 1003 1063 1044 vitam
1081 1003 1234 1044 beatam
1255 1005 1394 1060 putas?
1423 1028 1480 1034 —
1520 1002 1581 1045 Ita
1601 1018 1763 1060 prorsus

184 1084 393 1139 existimo,
438 1081 564 1121 bonos
593 1079 753 1129 beatos,
797 1078 997 1134 improbos
1025 1078 1208 1120 miseros.
1242 1102 1297 1109 —
1341 1077 1470 1119 Miser
1488 1092 1583 1133 ergo
1608 1076 1763 1119 Arche-

183 1160 295 1201 laus?
324 1181 382 1188 -—
412 1153 556 1207 Certe,
588 1154 620 1195 si
640 1153 823 1194 iniustus.
888 1152 1107 1195 Videturne
1129 1166 1285 1194 omnem
1311 1152 1373 1193 hie
1398 1153 1552 1194 beatam
1577 1152 1697 1194 vitam
1721 1152 1763 1193 in

183 1248 262 1276 una
283 1232 431 1274 virtute
455 1230 628 1286 ponere?
687 1234 758 1270 56.
792 1227 897 1283 Quid
919 1229 1044 1270 vero?
1088 1227 1130 1268 in
1151 1226 1361 1283 Epitaphio
1387 1241 1463 1282 quo
1490 1227 1604 1268 modo
1630 1227 1763 1268 idem?

185 1349 212 1381 1.
237 1348 292 1386 52,
314 1346 368 1380 78.
392 1346 432 1377 V.
456 1344 509 1385 12,
532 1339 596 1376 34:
624 1341 713 1385 apud
737 1353 834 1385 quem
854 1353 953 1384 saepe

185 1395 262 1427 haec
285 1391 392 1424 oratio
416 1395 571 1431 usurpata
598 1395 647 1419 est
661 1413 669 1428 ,
694 1392 728 1419 ui
750 1387 832 1418 nihil
854 1399 954 1430 prae-

185 1445 239 1471 ter
265 1437 422 1469 virtutem
447 1437 599 1467 diceretur
620 1434 756 1465 bonum.
793 1434 834 1464 N.
862 1434 901 1464 D.
927 1434 952 1464 Ι.

186 1482 255 1522 34,
278 1482 343 1516 95:
377 1480 586 1514 retinendum
611 1481 667 1512 hoc
690 1490 782 1517 esse,
810 1480 897 1510 Deus
923 1482 955 1510 ul

185 1529 304 1563 beatus
327 1547 371 1551 »-
395 1530 444 1559 sic.

252 1579 433 1613 teneamus,
456 1572 503 1615 ut]
540 1570 628 1602 Alibi
651 1576 728 1614 post
754 1570 890 1601 verbum
914 1573 956 1601 Ie-

184 1623 280 1654 nendi
301 1619 448 1662 sequitur
469 1624 612 1650 accusat.
633 1628 660 1648 c.
682 1615 755 1654 inf„
781 1615 808 1647 si
822 1614 955 1658 quidem

185 1679 238 1700 res
264 1671 319 1698 aut
344 1676 424 1702 esse,
450 1670 506 1695 aut
531 1662 646 1701 fuisse,
671 1668 727 1693 aut
751 1662 860 1693 futura
884 1672 954 1692 esse

185 1710 380 1756 simpliciter
403 1708 612 1746 enuntiatur3
650 1708 714 1740 hoc
746 1714 857 1738 autem
880 1706 955 1738 loco

185 1758 322 1802 ponitur
350 1760 405 1797 ut,
439 1755 529 1799 quod
550 1766 621 1786 rem
649 1753 851 1796 cogitatione
875 1752 955 1784 effi-

187 1803 338 1837 ciendam
367 1808 423 1834 aut
446 1800 556 1833 auimo
578 1798 825 1832 informandam
848 1797 956 1841 signi-

186 1850 274 1882 ficat.
321 1850 426 1891 Supra
447 1848 471 1878 Ι.
495 1844 556 1884 42,
581 1846 662 1878 100:
690 1845 760 1877 Nos
784 1851 894 1875 autem
913 1847 955 1876 ie-

185 1905 336 1935 neamus,
369 1898 403 1926 ut
423 1892 506 1924 nihil
527 1901 708 1924 censeamus
736 1902 807 1922 esse
833 1889 955 1921 malum

188 1947 252 1973 etc.
287 1941 327 1971 V.
352 1938 522 1971 Adnotata
542 1937 575 1969 in
596 1938 652 1968 ΙΙΙ.
674 1936 713 1977 3,
733 1938 774 1969 5:
802 1938 864 1976 Oui
882 1946 956 1968 vero

184 1987 316 2027 probari
336 1988 453 2024 potest,
476 1987 508 2015 ui
532 1990 595 2015 etc.

255 2030 352 2073 idem]
380 2029 456 2060 Scil.
483 2028 623 2071 sapiens

258 2076 335 2107 CAP.
350 2075 429 2106 XII.
455 2076 493 2106 Ei
511 2077 538 2106 si
559 2076 638 2106 Zeno
660 2092 703 2097 -—
725 2075 752 2117 ᾗ.
766 2072 820 2106 37.
843 2083 956 2105 mana-

187 2125 231 2155 bit
252 2120 366 2164 oratio]
391 2119 503 2151 Solam
524 2119 682 2151 virtutem
701 2118 833 2150 beatam
853 2118 955 2150 vitam

187 2167 341 2206 efficere,
378 2165 442 2197 hoc
469 2176 537 2197 non
560 2166 649 2196 Zeno
682 2164 804 2207 primus
829 2164 952 2201 docuit,

185 2212 245 2245 sed
268 2211 381 2249 Plato,
419 2222 436 2241 e
460 2222 525 2253 quo
556 2216 711 2253 tanquam
745 2210 840 2242 fonte
873 2209 955 2241 haec

186 2257 294 2292 omnis
313 2256 465 2289 doctrina
485 2255 547 2287 erit
566 2255 757 2287 haurienda.
786 2258 876 2288 Zeno
899 2254 953 2286 di-

186 2305 272 2338 citur
294 2302 441 2340 advena,
479 2300 500 2332 i.
518 2312 544 2332 e.
565 2301 778 2344 peregrinus,
813 2301 888 2344 quia
914 2312 954 2332 ex

189 2349 296 2387 Citio,
327 2348 408 2380 urbe
431 2345 573 2390 quadam
598 2346 718 2388 Cypri,
746 2345 834 2378 cuius
856 2346 954 2378 inco—

187 2396 240 2428 lae
269 2400 363 2427 erant
389 2391 585 2437 phoeniciae
609 2390 760 2433 originis,
798 2391 954 2423 oriundus

191 2447 274 2474 erat.
322 2438 471 2472 Eandem
505 2437 547 2469 ob
578 2448 723 2468 caussam
744 2436 859 2469 Cicero
883 2449 957 2469 eum

188 2488 362 2520 Poenulum
389 2483 546 2527 appellat.
590 2484 729 2514 Neidius.

255 2534 421 2564 verborum
444 2528 562 2572 opifex]
594 2527 663 2559 Fin.
682 2528 740 2558 Ill.
762 2526 803 2565 2,
825 2527 865 2559 5:
902 2529 956 2558 Ze-

188 2588 229 2610 no
247 2596 292 2601 -
315 2587 378 2609 non
399 2580 466 2607 tam
485 2584 589 2607 rerum
610 2575 748 2605 inventor
767 2573 838 2612 fuit,
862 2582 957 2612 quam

186 2625 351 2656 verborum
370 2631 542 2660 novorum,
574 2618 750 2661 multisque
777 2617 848 2648 aliis
875 2617 955 2648 locis

190 2668 306 2700 Cicero
344 2667 409 2699 hoc
444 2664 587 2699 Zenonis
626 2662 773 2696 novandi
810 2661 956 2694 studium

188 2713 345 2757 exagitat.

256 2761 434 2791 insinuasse
465 2758 511 2799 se]
547 2757 641 2788 Unus
665 2756 724 2787 Ox.
748 2752 891 2785 Mon.‘2.
921 2759 955 2784 et

189 2804 318 2837 Nonius
342 2816 374 2847 p.
397 2803 480 2842 457,
502 2801 556 2835 26.
591 2802 695 2833 Mero.
724 2798 881 2832 omittunt
913 2808 955 2831 se.

189 2849 276 2881 Hinc
299 2851 431 2882 Orellius
461 2847 551 2879 uncis
580 2846 722 2879 inclusit.
770 2846 955 2887 Utrumque

189 2894 278 2938 apud
300 2894 492 2926 Ciceronem
514 2891 635 2924 dicitur
654 2898 687 2924 et
703 2893 865 2924 insinuare
884 2889 955 2921 sine

191 2950 243 2980 se,
267 2945 301 2970 et
317 2949 348 2971 se
365 2942 546 2979 insinuare,
570 2944 606 2970 ut
627 2937 669 2970 de
687 2939 741 2969 Or.
761 2938 786 2969 Ι.
805 2936 867 2976 20,
889 2934 951 2969 90:

990 1348 1023 1373 et
1040 1341 1194 1380 blandiri,
1219 1348 1252 1373 et
1269 1343 1430 1373 insinuare
1455 1340 1506 1372 iis.
1539 1340 1618 1373 ibid.
1642 1342 1683 1374 11.
1703 1339 1760 1380 35,

992 1387 1054 1420 149
1069 1400 1074 1419 :
1102 1394 1136 1418 ut
1151 1387 1303 1429 (animus)
1319 1387 1451 1430 penitus
1468 1389 1601 1419 insinuet
1619 1386 1653 1419 in
1668 1398 1761 1419 caus-

989 1445 1068 1464 sam.
1099 1432 1141 1464 ad
1160 1434 1251 1465 Fam.
1273 1433 1329 1471 IV,
1355 1432 1413 1465 13:
1441 1438 1475 1464 et
1498 1432 1531 1464 in
1556 1432 1658 1476 ipsius
1682 1443 1762 1465 con-

989 1478 1198 1510 suetudinem
1213 1499 1258 1503 —
1272 1479 1449 1510 insinuabo.
1484 1476 1568 1510 Phil.
1587 1477 1608 1509 l.
1628 1477 1680 1510 d.:
1706 1489 1761 1510 ec-

990 1524 1041 1556 cui
1070 1531 1218 1567 potestas
1252 1524 1284 1555 in
1313 1524 1423 1555 forum
1455 1525 1642 1556 insinuandi
1675 1523 1761 1562 fuit3

992 1577 1128 1602 contra:
1163 1571 1256 1601 Verr.
1278 1570 1336 1601 111.
1353 1568 1417 1607 65,
1449 1569 1529 1603 157:
1565 1579 1596 1601 se
1616 1571 1761 1602 insinuet.

990 1628 1021 1658 p.
1041 1615 1136 1647 Caec.
1159 1616 1197 1647 5:
1235 1627 1273 1647 ac
1300 1625 1331 1646 se
1359 1614 1391 1645 in
1414 1613 1480 1646 eius
1500 1614 1761 1647 familiaritatem

987 1664 1184 1693 insinuasset.
1206 1660 1238 1694 d.
1260 1660 1325 1703 leg.
1347 1671 1414 1702 agr.
1438 1660 1479 1698 ΙΙ,
1504 1661 1544 1692 5:
1578 1671 1679 1704 quum
1706 1660 1759 1692 fa-

988 1706 1161 1739 miliariter
1196 1717 1243 1738 me
1278 1706 1311 1737 in
1337 1716 1451 1737 eorum
1471 1716 1656 1737 sermonem
1679 1707 1760 1738 insi-

988 1762 1129 1784 nuarem.
1165 1751 1256 1783 Lael.
1277 1751 1316 1783 21
1331 1775 1341 1790 ‚
1363 1749 1426 1783 99:
1450 1761 1492 1782 ne
1511 1760 1542 1783 se
1561 1753 1706 1784 insinuet.

1054 1800 1088 1830 in
1107 1798 1238 1839 Goryia]
1265 1809 1296 1840 p.
1310 1795 1386 1830 470.
1411 1797 1451 1827 D.
1474 1797 1511 1828 E.

1058 1853 1158 1875 nonne
1177 1862 1221 1867 —-
1239 1841 1378 1885 putaret]
1415 1841 1583 1873 Ernestius
1608 1841 1762 1873 tentabat

991 1898 1071 1921 anne
1095 1888 1149 1921 vel
1170 1899 1275 1921 annon
1297 1907 1342 1912 —-
1362 1890 1507 1927 putaret.-
1531 1886 1622 1930 quod
1644 1887 1685 1919 ab
1707 1887 1761 1919 la-

992 1934 1125 1966 tinitate
1147 1934 1317 1966 abhorret.
1341 1933 1381 1965 V.
1396 1943 1455 1965 nos
1469 1932 1502 1964 in
1517 1932 1576 1965 Gr.
1587 1933 1627 1964 L.
1642 1932 1761 1976 §.158‚

990 1980 1022 2014 6.
1042 1992 1076 2023 p.
1090 1977 1168 2012 444.
1189 1979 1284 2013 ed.2.
1325 1977 1426 2011 Acad.
1441 1979 1482 2010 11.
1494 1975 1549 2018 24,
1562 1978 1624 2013 76:
1650 1989 1690 2010 ex
1707 1989 1761 2010 me

990 2025 1175 2070 quaesieras
1190 2051 1198 2065 ‚
1222 2035 1322 2058 nonne
1348 2030 1510 2068 puta-rem.
1546 2023 1619 2056 Fin.
1639 2024 1682 2056 ΙΙ.
1707 2026 1759 2063 1ὅ,

990 2074 1053 2105 bo:
1080 2083 1118 2103 ex
1140 2078 1175 2102 te
1198 2082 1332 2115 quaero,
1357 2080 1457 2102 nonne
1477 2068 1655 2112 intelligas.
1700 2070 1760 2101 ΙΙΙ.

991 2116 1023 2153 4,
1045 2117 1101 2150 13:
1122 2128 1256 2160 quaero,
1276 2126 1376 2149 nonne
1390 2114 1453 2147 tibi
1469 2115 1660 2147 faciendum
1673 2114 1761 2147 idem

990 2163 1042 2194 sit.
1080 2164 1170 2195 Orat.
1188 2161 1251 2201 63,
1282 2160 1368 2194 214:
1407 2162 1557 2202 Quaero,
1591 2171 1692 2194 nonne
1724 2160 1760 2193 id

990 2219 1141 2240 numerus
1168 2207 1329 2240 effecerit.

1057 2253 1110 2287 35.
1147 2255 1243 2286 Haud
1266 2251 1345 2296 scio]
1383 2251 1466 2283 Cum
1487 2251 1594 2284 ironia
1616 2251 1759 2295 quadam

989 2299 1073 2331 dixit
1094 2301 1181 2331 haud
1201 2301 1265 2331 scio
1291 2298 1357 2342 (ich
1380 2296 1473 2329 weiss
1495 2309 1530 2329 es
1554 2300 1626 2330 eben
1652 2298 1762 2340 nicht),

989 2357 1056 2378 non
1077 2344 1272 2388 simpliciter
1288 2346 1388 2376 nescio
1413 2342 1480 2386 (ich
1496 2342 1588 2375 weiss
1603 2355 1636 2375 es
1652 2344 1760 2386 nicht).

992 2392 1028 2422 1n
1063 2390 1259 2429 sententiis,
1297 2400 1379 2433 quae
1404 2400 1478 2421 cum
1508 2388 1616 2420 ironia
1639 2388 1760 2432 profe·-

991 2443 1126 2475 runtur,
1152 2435 1288 2479 propria
1310 2433 1473 2478 quaedam
1494 2433 1590 2466 sedes
1610 2440 1661 2465 est
1681 2445 1762 2476 par·-

990 2481 1113 2513 ticulae
1148 2483 1255 2522 haud,
1291 2482 1385 2521 (nicht
1418 2482 1510 2520 eben,
1545 2489 1608 2511 non
1638 2478 1761 2521 ferme),

992 2538 1075 2569 quae
1102 2538 1233 2569 semper
1255 2525 1445 2561 dubitanter
1467 2531 1502 2561 et
1522 2535 1595 2556 cum
1616 2523 1761 2556 fluctua-

991 2571 1084 2603 tione
1118 2572 1260 2614 quadam
1294 2582 1365 2602 rem
1397 2576 1498 2612 negat
1535 2571 1578 2612 (v.
1609 2567 1694 2600 Adn.
1725 2569 1760 2601 in

992 2628 1019 2648 c.
1036 2619 1077 2655 ὅ,
1097 2617 1165 2657 25.)
1181 2642 1189 2657 ,
1214 2617 1360 2659 itemque
1384 2615 1440 2646 ubi
1462 2615 1500 2654 is,
1525 2613 1579 2658 qui
1600 2613 1758 2657 loquitur,

991 2672 1064 2693 cum
1095 2661 1283 2694 urbanitate
1318 2660 1460 2704 quadam
1483 2671 1522 2691 ea
1542 2670 1626 2703 quae
1658 2659 1761 2692 sentit

990 2706 1144 2750 profert5
1186 2707 1264 2740 hinc
1295 2705 1330 2738 in
1360 2705 1417 2737 illa
1447 2704 1635 2737 locutione:
1673 2707 1762 2738 haud.

988 2754 1052 2784 scio
1074 2762 1128 2784 an.
1173 2753 1211 2785 V.
1236 2753 1438 2792 Stiirenbury.
1470 2751 1513 2783 ad
1534 2750 1631 2783 Offic.
1657 2751 1761 2783 Com-

988 2804 1090 2830 ment.
1110 2799 1134 2829 1‘.
1155 2809 1188 2840 p.
1206 2797 1278 2830 125.
1302 2794 1375 2829 144.

1057 2845 1129 2876 Ain'
1149 2847 1182 2875 iu
1193 2843 1225 2886 ?]
1261 2841 1389 2874 Verba:
1425 2843 1497 2874 Ain'
1525 2843 1586 2874 tu?
1619 2841 1760 2874 eandem

988 2889 1061 2922 sere
1077 2888 1145 2921 vim
1163 2888 1298 2927 habent,
1318 2899 1416 2931 quam
1435 2888 1580 2920 Graeca:
1603 2886 1645 2921 τί
1663 2886 1758 2925 δαίς

990 2937 1049 2967 Est
1068 2934 1256 2968 admirandi
1274 2933 1418 2966 formula
1438 2932 1481 2966 de
1502 2944 1558 2974 re,
1583 2943 1670 2979 quae
1689 2943 1756 2966 no·
