1843 3101
185 40 267 84 156
770 54 938 88 Lim-:R
963 56 1006 91 11.
1029 54 1094 98 20,
1118 55 1174 90 46.

181 145 255 173 nos
275 131 474 174 doloribus
498 134 695 189 podagrae
722 135 949 176 crucientur
969 138 1167 179 maximis.
1232 136 1312 179 Sed
1343 138 1461 180 homo
1495 145 1633 181 cautus
1663 153 1764 181 uun-

181 219 294 260 quam
319 208 503 248 terminat
524 222 595 248 nec
619 209 919 262 magnitudinis,
967 225 1039 252 nec
1063 212 1327 253 diuturnitatis
1349 212 1528 265 modum,
1562 219 1606 254 ut
1622 214 1760 266 sciam,

182 282 271 335 quid
299 297 489 323 summum
515 282 618 322 dicat
647 282 687 322 in
715 283 873 335 dolore,
922 285 1009 339 quid
1038 286 1162 327 breve
1193 288 1232 327 in
1258 293 1448 342 tempore.
1523 283 1761 329 Omittamus

180 354 282 396 hunc
313 356 434 410 igitur
468 356 561 397 nihil
592 371 755 412 prorsus
788 358 981 400 dicentem
1016 375 1279 416 cogamusque
1315 361 1516 413 confiteri,
1562 376 1641 403 non
1673 376 1763 404 esse

180 428 228 469 ab
253 443 299 470 eo
324 429 469 470 doloris
494 431 665 472 remedia
689 434 939 487 quaerenda,
983 435 1047 489 qui
1071 435 1244 475 dolorem
1270 436 1458 476 malorum
1482 436 1654 478 omnium
1682 450 1764 478 ma-

178 503 326 543 ximum
350 504 521 556 dixerit,
555 507 732 560 quamvis
755 508 855 548 idem
879 508 1098 550 forticulum
1124 524 1167 550 se
1188 509 1227 550 in
1252 509 1484 551 torminibus
1508 511 1607 552 etin
1635 518 1763 552 stran-

179 577 292 631 guria
316 592 384 619 sua
409 579 611 633 praebeat.
673 581 846 623 Aliunde
871 583 990 638 igitur
1014 592 1075 624 est
1100 585 1324 638 quaerenda
1349 585 1567 636 medicina,
1616 592 1657 626 et.
1681 600 1762 626 ma-

176 651 284 693 xime
304 653 481 708 quidem,
515 655 571 707 si,
605 656 694 711 quid
714 657 884 698 maxime
905 666 1212 699 consentancum
1236 659 1310 711 sit,
1344 659 1594 714 quaerimus,
1627 659 1676 700 ab
1694 659 1759 711 iis,

179 727 318 781 quibus
334 760 344 779 ,
389 730 489 783 quod
514 730 720 771 honestum
744 732 818 783 sit,
854 746 1046 772 summum
1069 732 1211 773 bonum
1229 765 1239 784 ,
1275 734 1376 788 quod
1400 741 1534 790 turpe,
1568 748 1761 775 summum

177 801 336 843 videtur
355 803 514 844 malum.
577 803 651 845 His
688 812 727 845 tu
752 807 1024 861 praesentibus
1048 822 1207 862 gemere
1243 815 1281 848 et
1303 808 1451 849 iactare
1473 815 1511 849 te
1543 823 1621 849 non
1641 809 1761 849 aude-

176 876 237 918 bis
268 879 460 933 prolecto.
522 877 729 934 Loquetur
760 882 862 921 enim
896 895 1033 922 eorum
1064 896 1162 922 voce
1195 881 1333 923 Virtus
1365 883 1449 938 ipsa
1480 890 1633 924 tecum:

290 950 394 993 XX.
431 960 499 994 46.
528 953 661 1005 Tunc,
689 968 803 1009 quum
826 969 968 1010 pueros
988 954 1308 1007 Lacedaemone,
1333 957 1604 1003 adolescentes
1623 955 1761 1012 Olym-

177 1026 286 1082 piae,
334 1027 524 1068 harbaros
553 1029 592 1068 in
617 1042 735 1068 arena
757 1029 905 1070 videris
934 1030 1179 1085 excipientes
1200 1030 1455 1085 gravissimas
1484 1031 1616 1087 plagas
1644 1038 1685 1073 et
1704 1032 1760 1071 fe-

176 1108 311 1142 rentes
338 1102 494 1143 silentio
509 1136 518 1153 ,
553 1103 584 1144 si
609 1110 646 1144 te
666 1105 767 1144 forte
787 1103 898 1144 dolor
915 1104 1054 1158 aliquis
1076 1105 1323 1160 pervellerit,
1357 1105 1598 1147 exclamabis
1617 1113 1659 1147 ut
1676 1120 1760 1146 mu-

176 1174 278 1216 lier?
322 1191 399 1217 non
422 1185 652 1218 constanter
689 1185 727 1219 et
762 1179 898 1219 sedate
920 1180 1052 1219 seres?
1083 1204 1136 1209 —
1178 1177 1289 1220 Fieri
1319 1194 1397 1220 non
1421 1187 1573 1235 potest3
1620 1187 1782 1221 natura-

176 1264 254 1291 non
274 1251 431 1306 patitur.
465 1277 522 1282 ——
551 1252 700 1294 Audio.
764 1252 884 1294 Pueri
904 1254 1033 1294 serunt
1054 1254 1179 1308 gloria
1200 1254 1328 1305 ducti3
1363 1255 1495 1294 serunt
1512 1254 1658 1309 pudore
1675 1254 1756 1306 alii,

176 1325 286 1365 multi
310 1333 438 1376 metu,
483 1335 521 1367 et
550 1334 679 1368 tamen
705 1342 916 1380 veremur,
964 1335 1004 1368 ut
1027 1328 1124 1378 hoc,
1169 1328 1269 1382 quod
1294 1342 1317 1369 a
1344 1335 1419 1369 tam
1444 1328 1574 1369 multis
1597 1335 1636 1369 et
1658 1329 1759 1383 quod

176 1405 235 1439 tot
265 1400 361 1440 locis
392 1401 637 1455 perferatur,
684 1409 822 1442 natura
858 1402 1055 1457 patiatur?
1114 1400 1187 1443 llla
1216 1417 1314 1443 vero
1342 1417 1420 1444 non
1453 1403 1567 1461 modo
1597 1403 1756 1459 patitur,

176 1495 256 1539 quid
291 1508 426 1528 necesse
463 1504 511 1529 est
545 1505 621 1530 cett.
656 1498 697 1529 de
728 1498 944 1532 Senect.115:

173 1544 307 1575 Possum
327 1543 480 1586 persequi
501 1544 604 1575 multa
626 1544 871 1577 oblectamenta
890 1553 947 1576 ress

175 1599 248 1620 rum
272 1589 487 1620 rusticarum:
513 1589 572 1621 sed
595 1602 632 1622 ea
655 1590 736 1632 ipsa,
762 1603 844 1634 quae
867 1591 946 1630 dixi,

982 1510 1047 1531 non
1078 1511 1118 1531 ex
1141 1499 1241 1542 ipsius
1266 1499 1399 1540 habitu,
1435 1500 1495 1532 sed
1519 1512 1559 1533 ex
1583 1500 1693 1545 aliqua
1717 1512 1753 1533 re

982 1553 1117 1577 externa
1142 1545 1292 1578 iudicet?

1049 1594 1195 1631 quamvis
1228 1610 1274 1615 —
1298 1594 1462 1634 praebeat]
1501 1591 1649 1624 Eandem
1684 1603 1755 1624 rem

175 1633 278 1665 fuisse
305 1634 412 1665 sentio
447 1635 606 1678 longiora.
656 1637 696 1668 V.
719 1636 888 1668 Adnotatu
913 1638 945 1668 iu

175 1681 203 1712 I.
220 1677 274 1717 49,
295 1678 367 1712 116.
390 1686 423 1712 et
445 1682 485 1712 ΙΙ.
507 1681 557 1720 13,
575 1682 630 1714 30.
668 1683 830 1725 Imprimis
847 1694 946 1726 saepe

174 1725 221 1757 ita
238 1724 359 1757 dicitnr
375 1730 539 1766 poteram:
565 1726 606 1758 de
629 1739 694 1771 qno
719 1740 747 1760 v.
770 1728 893 1760 Adnot.
913 1729 946 1760 in

174 1772 232 1803 111.
254 1775 286 1809 4,
306 1771 346 1809 7,
373 1771 427 1802 ubi
451 1772 550 1804 etiam
573 1772 749 1805 discrimen
770 1774 856 1805 inter
874 1785 946 1814 pos-

175 1827 244 1849 sum
270 1823 303 1848 et
326 1821 468 1858 poteram
490 1819 677 1861 expositum
703 1825 764 1850 est.
816 1820 866 1851 Cf.
892 1820 947 1850 in—

176 1863 228 1895 fra
247 1863 289 1893 V.
313 1864 375 1901 ¹52,
401 1865 455 1895 90.
505 1866 596 1904 Quos
627 1872 738 1896 autem
762 1865 794 1896 h.
814 1865 836 1896 l.
865 1865 949 1897 dixit

175 1910 269 1941 bonos
286 1910 380 1948 ciros,
405 1909 611 1952 intelligendi
631 1910 787 1942 videntur
805 1911 838 1946 ii,
860 1922 947 1954 quo—

174 1965 247 1986 rum
266 1954 374 1985 verbis
397 1954 477 1986 fides
494 1956 607 1987 haberi
630 1956 745 1999 possit.
784 1957 872 1989 Hinc
892 1958 948 1989 fa-

175 1998 240 2036 §jle
268 1998 453 2042 intelliges,
491 2013 548 2032 cur
578 2009 734 2045 sequatur
762 2005 948 2044 crucientur,

173 2055 242 2077 non
268 2048 457 2077 cruciantur.
495 2047 603 2078 Verba
627 2048 714 2079 enim
737 2051 791 2088 qui
814 2068 858 2072 —
878 2060 949 2081 cru-

174 2092 293 2123 cientur
314 2102 353 2121 ex
368 2090 498 2122 illorum
513 2092 676 2124 bonorum
694 2093 838 2125 virosum
855 2106 947 2126 men-

175 2142 211 2167 te
235 2134 325 2167 dicta
357 2143 452 2171 sunt,
490 2144 524 2168 ut
545 2138 749 2180 significent:
786 2143 839 2180 qui
863 2151 946 2172 com-

170 2183 280 2222 plures
311 2192 411 2214 annos
437 2184 595 2216 doloribus
620 2186 784 2225 pociayrae
811 2188 949 2218 cruciari

174 2237 207 2259 se
239 2230 391 2259 maximis
421 2230 596 2268 affirmant.
643 2231 683 2261 V.
706 2230 830 2262 Adnot.
851 2231 885 2262 iu
904 2232 945 2263 V.

172 2271 238 2311 21,
264 2271 319 2306 62.
374 2293 381 2307 ς

165 2317 174 2321 ’
257 2319 348 2351 homo
382 2318 517 2362 cautus]
563 2320 691 2352 Nonius
731 2321 812 2364 legit
848 2326 947 2354 catus.

174 2365 220 2396 At
243 2368 355 2396 cautus
375 2365 506 2408 egregie
527 2364 560 2396 iu
581 2366 757 2407 Epicurum
780 2367 945 2407 convenit,

177 2409 243 2453 qui,
269 2420 369 2453 quum
389 2422 555 2453 nunquam
575 2411 768 2443 terminaret
788 2424 849 2444 nec
871 2425 947 2444 ma—

175 2455 368 2498 gnitudinis,
391 2467 454 2488 nec
472 2455 697 2488 diuturnitatis
714 2457 862 2499 modum,
884 2457 947 2490 sibi

177 2508 333 2544 caveret,
368 2513 410 2533 ne
432 2502 608 2534 absurdum
629 2502 785 2545 quiddam
808 2504 946 2546 profer-

176 2553 242 2579 ret.
298 2548 417 2591 Neque
451 2559 530 2580 vero
558 2547 640 2579 illud
672 2548 947 2591 praetermitten-

175 2591 275 2630 dum,
306 2593 473 2625 Ciceronis
497 2600 608 2625 aetate
639 2593 834 2626 vocabulum
860 2598 948 2626 catus

176 2637 365 2671 obsoletum
386 2639 507 2678 fuisse,
543 2651 605 2672 nec
636 2650 772 2683 usquam
805 2639 845 2671 ab
871 2639 946 2682 ipso

177 2683 338 2717 Cicerone
372 2684 433 2717 nisi
463 2697 535 2718 cum
560 2685 770 2717 excusatione
805 2685 946 2728 quadam

175 2737 367 2773 usurpatum
391 2743 473 2763 esse.
520 2731 631 2763 Etiam
661 2730 702 2762 de
722 2731 804 2774 Rep.
826 2731 859 2770 Ι,
884 2733 943 2763 Ῑὸε

175 2775 257 2818 „qui
277 2777 409 2819 egregie
430 2776 585 2809 cordatus
608 2783 642 2808 et
663 2783 754 2809 catus
775 2775 863 2807 fuit⁴‘
881 2775 946 2807 ad—

176 2818 300 2854 duntur
320 2834 339 2854 a
358 2822 474 2856 Laelio
498 2823 618 2856 verba:
645 2827 699 2864 „el
716 2824 756 2854 ab
775 2824 875 2856 Ennia
897 2823 946 2853 di·

177 2868 243 2897 ctus
262 2870 341 2899 est.“
363 2867 406 2900 ad
428 2869 533 2912 Legg.
549 2870 575 2901 Ι.
598 2867 658 2908 16,
682 2865 744 2901 45:
775 2866 856 2908 Quis
878 2866 946 2910 igi-

176 2915 232 2941 tur
250 2912 447 2954 prudentem
469 2921 523 2956 et,
558 2918 592 2947 ut
610 2916 657 2948 ita
676 2915 801 2954 dicam,
829 2916 945 2953 calum,

981 1636 1109 1669 Tullius
1140 1637 1181 1667 de
1206 1637 1277 1668 Fin.
1302 1639 1341 1669 ll.
1364 1637 1419 1670 30.
1453 1637 1525 1669 init.
1549 1649 1586 1670 ex
1612 1637 1755 1681 epistola

982 1682 1114 1725 Epicuri
1141 1682 1183 1713 ad
1207 1682 1467 1720 Hermarchum3
1496 1683 1648 1715 Laertius
1672 1695 1753 1716 vero

980 1729 1035 1767 X,
1060 1728 1114 1760 22.
1148 1740 1187 1759 ex
1220 1728 1362 1771 epistola
1394 1728 1436 1760 ad
1460 1728 1675 1761 Idomeneum
1698 1741 1754 1761 re-

982 1775 1060 1806 feit.
1109 1774 1157 1805 De
1189 1785 1218 1804 v.
1242 1775 1405 1814 forticulus
1436 1785 1544 1818 comp.
1576 1774 1665 1807 infra
1692 1776 1752 1807 111.

985 1819 1047 1858 17,
1068 1819 1132 1851 35:
1169 1821 1335 1852 acriculus.
1361 1821 1417 1851 ΙΙΙ.
1448 1819 1505 1859 19,
1536 1817 1598 1853 46:
1638 1819 1753 1853 demus

981 1864 1152 1897 scutellam
1165 1866 1339 1898 dulciculae
1350 1864 1506 1909 potionis.
1533 1865 1640 1897 Plaut.
1651 1867 1752 1898 Poen.

982 1912 1008 1942 1.
1030 1910 1062 1949 2,
1089 1910 1170 1944 177:
1201 1912 1376 1944 dulciculus
1393 1922 1515 1944 caseus.
1550 1910 1599 1942 ld.
1619 1911 1689 1943 Cas.
1710 1913 1751 1943 11.

982 1956 1025 1995 ὅ,
1053 1957 1114 1989 ὃῦτ
1150 1958 1327 1989 molliculae
1352 1968 1457 1990 escae.
1505 1956 1751 1990 CatuchXVI:

981 2003 1132 2034 molliculi
1154 2013 1277 2033 versus.

1051 2050 1091 2079 ab
1115 2049 1169 2089 iisj
1196 2047 1327 2080 Stoicis.

1047 2096 1167 2126 iactare
1191 2095 1232 2135 le]
1258 2094 1301 2128 H.
1322 2105 1349 2126 e.
1374 2105 1455 2137 prae
1478 2093 1597 2126 dolore
1619 2093 1685 2127 huc
1708 2094 1753 2127 it-

980 2138 1034 2171 luc
1059 2151 1095 2170 sc
1117 2150 1264 2171 movere.

1053 2185 1132 2216 CAP.
1152 2185 1233 2216 XX.
1255 2182 1310 2218 46.
1337 2185 1436 2229 Tune]
1457 2186 1565 2229 Saepe
1587 2181 1628 2218 tu>
1641 2192 1675 2218 et
1696 2189 1750 2218 tu-

981 2240 1018 2263 ne
1057 2230 1089 2261 in
1124 2229 1222 2262 initio
1259 2231 1419 2262 enuntiati
1455 2243 1529 2263 eum
1561 2243 1681 2275 magna
1719 2231 1752 2264 vi

981 2282 1162 2319 ponuntur.
1225 2276 1380 2308 Academ.
1406 2277 1447 2308 It.
1469 2276 1531 2316 19,
1554 2276 1617 2310 61:
1656 2279 1752 2318 Tune,

983 2333 1082 2365 quum
1092 2319 1191 2352 tantis
1205 2320 1356 2353 laudibus
1368 2321 1614 2366 philosophiam
1627 2322 1753 2355 extule-

981 2367 1034 2405 ris,
1057 2386 1101 2391 --
1125 2378 1196 2397 eam
1219 2366 1467 2409 philosophiam
1485 2379 1642 2412 sequere,
1668 2378 1751 2411 quae

982 2412 1160 2444 confundit
1192 2423 1269 2444 vera
1301 2424 1375 2444 cum
1406 2412 1525 2445 falsis?
1573 2413 1628 2445 Sic
1658 2422 1751 2454 egone

983 2470 1009 2490 c.
1028 2459 1086 2496 15,
1113 2457 1168 2490 42.

1047 2513 1160 2544 pueros
1179 2505 1426 2546 Lacedaemone]
1461 2515 1488 2536 c.
1511 2500 1570 2543 14,
1595 2500 1657 2537 34:
1695 2503 1750 2535 ubi

981 2560 1013 2579 v.
1034 2548 1158 2581 Adnot.
1178 2550 1384 2581 adolescentes
1397 2551 1563 2589 Olympiae
1585 2560 1612 2582 c.
1628 2548 1680 2590 17,
1693 2546 1749 2582 40.

980 2590 1034 2626 41.
1058 2596 1208 2625 barbaros
1231 2595 1259 2638 §.
1275 2592 1330 2625 41.

1044 2639 1233 2682 pervellerit]
1273 2638 1365 2671 Infra
1387 2640 1446 2671 III.
1473 2638 1532 2679 17,
1557 2638 1622 2672 36:
1660 2640 1750 2684 (for-

980 2685 1072 2724 tuna)
1103 2686 1271 2724 pervellere
1303 2690 1338 2715 te
1362 2683 1504 2716 forsitan
1535 2685 1684 2728 potuerit
1716 2693 1751 2718 et

980 2740 1140 2773 pungere,
1165 2740 1233 2760 non
1249 2728 1360 2772 potuit
1376 2735 1465 2761 certe
1480 2729 1566 2762 vires
1585 2730 1750 2775 frangere.

1049 2777 1132 2807 Fieri
1157 2775 1358 2819 nowpolest]
1397 2775 1537 2807 Gravius
1557 2775 1682 2809 dictum
1700 2783 1752 2810 est

980 2831 1063 2864 pro:
1089 2819 1160 2851 fieri
1175 2831 1242 2851 non
1262 2826 1385 2863 potest,
1405 2827 1442 2853 ut
1461 2827 1579 2854 natura
1592 2822 1749 2865 patiatur,

980 2866 1079 2910 plane
1099 2872 1137 2897 ut
1155 2875 1214 2897 nos
1234 2865 1392 2898 dicimus:
1417 2873 1468 2899 est
1486 2866 1529 2899 ist
1547 2868 1750 2912 unmoglich.

1049 2910 1166 2955 Audio]
1199 2910 1254 2943 Sic
1275 2923 1375 2956 saepe
1395 2912 1494 2946 audio
1513 2914 1650 2958 ponitur
1676 2925 1750 2948 cum
