1843 3101
190 26 270 69 160

185 131 254 159 sus
285 124 345 158 est
373 117 503 158 omnia
535 115 688 171 potius,
734 128 848 168 quam
882 114 1063 156 conscios
1091 115 1278 157 delendae
1308 114 1528 172 tyrannidis
1551 116 1767 170 indicaret3

774 33 942 66 LIBER
966 35 1009 67 n.
1034 32 1098 76 22,
1123 33 1178 68 53.

187 192 234 233 de
258 191 504 232 Anaxarcho
527 189 774 231 Democritio
808 190 1026 245 cogitetur,
1071 190 1135 245 qui
1173 206 1288 246 quum
1314 188 1437 246 Cypri
1465 190 1506 231 in
1536 205 1674 233 manus
1693 191 1770 234 Ni-

186 266 407 308 cocreontis
442 266 547 319 regis
571 265 798 316 incidisset,
845 265 990 306 nullum
1012 279 1136 320 genus
1161 265 1339 321 supplicii
1363 265 1596 321 deprecatus
1620 274 1681 308 est
1700 280 1769 308 ne·

564 336 739 380 Calamis
769 338 912 391 Indus,
961 340 1140 380 indoctus
1172 354 1216 380 ac
1243 340 1458 392 barbarus,
1505 340 1545 382 in
1573 341 1769 383 radicibus

1387 413 1500 467 Nos,
1534 415 1567 456 si
1588 429 1656 471 pes
1675 430 1770 457 con-

184 355 258 396 que
287 339 500 380 recusavit.

184 413 355 456 Caucasi
377 420 492 454 natus
507 445 517 464 ,
552 427 621 453 sua
641 414 841 454 voluntate
864 415 977 456 vivus
1001 415 1228 456 combustus
1250 421 1325 455 est.

182 490 328 539 doluit,
375 489 408 529 si
435 489 555 539 dens,
605 489 673 529 sed
702 489 762 529 sac
789 496 910 529 totum
937 489 1070 530 dolere
1097 503 1263 544 corpus,
1309 490 1414 530 serre
1439 504 1518 531 non
1542 504 1766 546 possumus.

182 562 327 619 Opinio
346 570 405 603 est
424 564 526 603 enim
545 563 729 617 quaedam
749 563 974 604 effeminata
992 578 1036 604 ac
1055 563 1169 615 levis,
1195 577 1267 603 nec
1285 564 1323 604 in
1340 564 1475 605 dolore
1492 564 1632 620 magis,
1653 580 1769 620 quam

181 639 316 680 eadem
351 639 389 678 in
418 638 639 693 voluptate,
684 651 759 692 qua
789 652 904 692 quum
931 638 1181 692 liquescimus
1207 638 1439 693 fluimusque
1466 639 1651 691 mollitia,
1683 640 1768 695 apis

1230 719 1300 754 55.
1334 711 1391 753 At
1408 727 1505 754 vero
1528 711 1576 755 C.
1593 711 1765 766 Marius,

178 789 402 830 rusticanus
421 787 498 839 vir,
532 787 600 827 sed
619 786 731 842 plane
755 786 832 837 vir,
868 801 982 840 quum
1006 793 1226 837 secarctur,
1258 794 1436 842 utsupra
1454 787 1552 839 dixi,
1577 788 1769 844 principio

179 714 357 755 aculeum
386 713 472 754 sine
501 712 672 753 clamore
704 713 808 753 serre
840 727 918 752 non
944 726 1167 766 possumus.

178 863 303 904 vetuit
317 876 359 903 se
374 861 525 915 alligari
541 878 550 911 3
579 875 650 901 nec
665 860 867 915 quisquam
882 868 971 901 ante
986 860 1158 901 Mau-ium
1176 861 1328 902 solutus
1344 862 1486 902 dicitur
1503 876 1593 903 esse
1616 870 1766 905 sectus.

179 935 264 979 Cur
285 951 380 991 ergo
404 943 540 991 postea
565 935 656 975 alii?
687 933 822 975 Valuit
845 935 1075 975 auctoritas.
1127 933 1303 975 Videsne
1327 935 1462 990 igitur,
1491 935 1686 991 opinionis
1705 951 1768 979 es-

178 1025 237 1062 se,
265 1026 343 1052 non
368 1017 532 1051 naturae
561 1009 728 1049 malum?
760 1007 814 1048 Et
836 1016 963 1049 tamen
987 1008 1108 1049 fuisse
1128 1023 1258 1049 acrem
1280 1024 1454 1050 morsum
1475 1010 1637 1064 doloris,
1665 1012 1769 1054 idem

176 1084 329 1126 Marius
351 1084 545 1135 ostendit3
580 1097 669 1123 crus
693 1083 797 1125 enim
816 1083 980 1124 alterum
1005 1098 1082 1123 non
1104 1083 1297 1138 praebuit.
1337 1081 1398 1125 Ita
1414 1091 1453 1125 et
1471 1085 1556 1126 tulit
1572 1086 1765 1139 dolorem,

177 1166 219 1201 ut
236 1160 312 1210 vir,
341 1168 394 1210 et,
423 1166 463 1199 ut
484 1158 615 1210 honio,
643 1158 829 1198 maiorem
852 1159 955 1198 serre
976 1158 1061 1199 sine
1084 1172 1224 1199 caussa
1246 1159 1474 1200 necessaria
1494 1160 1633 1201 noluit.
1681 1159 1767 1202 Το-

177 1241 257 1275 tum
291 1234 411 1288 igitur
441 1233 479 1273 in
515 1248 562 1274 eo
585 1239 668 1283 est,
714 1239 755 1272 ut
784 1232 851 1272 tibi
878 1232 1063 1287 imperes.
1129 1230 1296 1273 Ostendi
1329 1239 1482 1285 autem,
1523 1235 1626 1289 quod
1657 1243 1765 1276 esset

176 1308 395 1364 imperandi
419 1321 568 1362 genus,
604 1314 720 1360 atque
747 1307 840 1347 haec
867 1306 1074 1360 cogitatio,
1119 1307 1207 1361 quid
1232 1307 1441 1362 patientia,
1489 1309 1579 1363 quid
1606 1309 1762 1350 sortitu-

177 1382 283 1433 dine,
313 1382 402 1436 quid
419 1381 683 1435 magnitudine
701 1381 816 1420 animi
836 1381 1105 1435 dignissimum
1123 1381 1189 1432 sit,
1221 1396 1299 1421 non
1317 1382 1442 1422 solum
1465 1382 1638 1424 animum
1655 1397 1763 1425 com-

176 1456 330 1513 primit,
365 1456 433 1496 sed
456 1455 581 1510 ipsum
605 1455 719 1495 etiam
743 1455 941 1507 dolorem,
977 1456 1112 1496 nescio
1134 1470 1208 1510 quo
1232 1462 1368 1510 pacto,
1404 1457 1600 1498 mitiorem
1620 1457 1729 1499 facit.

178 1542 276 1574 dinae
304 1541 405 1574 cludis
428 1540 589 1572 memoria
609 1552 676 1572 non
701 1543 816 1573 animis
835 1541 950 1581 modo,

175 1587 235 1620 sed
257 1599 363 1631 prope
396 1586 499 1618 oculis
523 1589 756 1618 obversabatur.
804 1590 847 1618 At
871 1599 950 1619 vero

175 1634 374 1665 vocabulum
405 1635 473 1664 viro
501 1632 532 1663 h.
552 1631 573 1663 l.
599 1631 799 1675 ἐμφατικῶς
824 1632 950 1664 dictum

175 1686 246 1712 est:
284 1678 374 1722 quod
394 1677 510 1709 suadet
535 1689 633 1721 quum
667 1678 867 1709 antecedens
889 1689 951 1710 non

172 1727 284 1765 virile,
307 1731 378 1756 tum
405 1724 512 1755 omnis
534 1723 663 1759 oratio,
691 1735 753 1766 qua
777 1723 885 1766 agitur
908 1723 950 1755 de

172 1770 330 1808 homine,
366 1770 399 1802 in
425 1781 490 1813 quo
523 1775 572 1799 est
604 1771 721 1809 virlus,
759 1781 842 1812 quae
876 1781 949 1801 eum

173 1828 241 1849 non
263 1816 388 1860 patitur
411 1823 506 1858 turpe
526 1814 720 1858 quicquam,
746 1814 947 1858 languidum,

172 1874 242 1895 non
267 1862 360 1893 virile
385 1862 507 1893 facere.
556 1860 680 1892 Eadem
706 1860 735 1891 vi
758 1860 823 1892 hoc
845 1872 948 1892 voea-

175 1908 288 1939 bulum
321 1907 441 1939 dicitur
466 1906 568 1941 (ἱ..“)3;
606 1906 789 1937 rusticanus
815 1907 866 1938 vir
888 1907 948 1938 sed

174 1953 273 1996 plane
296 1955 354 1984 vir.
383 1950 479 1990 0:34,
499 1951 561 1985 57:
590 1951 643 1983 vix
666 1964 740 1983 eum
763 1955 867 1984 virum
892 1952 947 1983 ‹li-

174 1998 289 2030 xerim.
339 1999 377 2027 V.
410 1997 452 2028 ad
479 1998 534 2029 IV.
561 1997 618 2034 19,
643 1995 698 2030 43.
724 2018 768 2022 —
819 1999 865 2029 De
892 2001 947 2030 Ze-

174 2054 273 2083 none,
296 2045 507 2082 Anaxarcho,
529 2045 743 2083 Nicocreonte,
771 2045 890 2076 Calano
914 2056 945 2075 v.

174 2089 279 2122 Indic.
305 2089 382 2120 hist.

244 2137 349 2167 omnia
365 2136 479 2175 polius,
499 2144 596 2174 quam
612 2153 656 2157 ——
674 2136 841 2177 indicaret]
862 2136 904 2166 H.
916 2147 943 2166 e.

174 2191 353 2224 perpessus
386 2186 437 2211 est
466 2179 575 2211 onmia
608 2179 739 2222 potius,
780 2192 877 2223 quam
912 2183 946 2212 id

175 2229 255 2268 egit,
279 2230 313 2257 ut
337 2244 378 2249 --
402 2224 576 2256 indicaret.
621 2226 672 2256 Cf.
695 2225 760 2258 Cic.
783 2226 884 2257 Acad.
905 2228 944 2258 ll.

174 2273 207 2311 ὅ,
228 2272 295 2304 25:
322 2270 372 2302 vir
394 2270 499 2302 bonus
521 2269 637 2301 statuit
660 2283 792 2302 omnem
816 2271 946 2303 crucia—

173 2323 245 2349 tum
267 2316 417 2360 perferre
436 2318 554 2357 polim,
578 2326 675 2356 quam
701 2318 759 2359 (sc.
787 2317 946 2349 commit-

173 2362 260 2405 tere)
282 2367 316 2395 ut
333 2364 473 2403 officium
489 2362 614 2401 prodat.
662 2361 716 2393 Sic
737 2362 836 2393 Corn.
860 2363 945 2405 Nep.

174 2410 313 2441 Pausan.
336 2409 402 2446 Ill,
426 2409 468 2439 2:
507 2406 702 2449 epulabatur
736 2406 942 2445 luxuriosius,

175 2466 274 2498 quam
304 2453 359 2498 qui
390 2453 529 2485 aderant
554 2452 686 2495 perpeti
710 2459 856 2494 possent.
904 2454 944 2484 V.

173 2502 317 2534 Bremius
349 2498 392 2532 ad
422 2500 560 2530 Eumen.
591 2498 664 2536 XI,
691 2497 723 2530 4.
759 2509 793 2541 p.
810 2495 878 2530 254
894 2510 943 2542 sq.

174 2548 274 2578 Krilz.
305 2545 348 2578 ad
380 2544 461 2577 Sall.
485 2545 555 2586 lug.
578 2542 669 2582 CVI,
694 2542 725 2575 3.
758 2554 790 2584 p.
805 2542 871 2576 573
893 2555 942 2587 sq.

174 2593 313 2624 Kilhner.
334 2592 373 2623 L.
397 2591 455 2622 Gr.
477 2589 506 2625 (ἵ.
521 2588 592 2623 157.
622 2589 704 2620 Not.
720 2585 770 2620 14.

243 2639 277 2669 in
298 2638 459 2669 radicibus
484 2635 634 2676 Caucasi]
680 2633 841 2665 Caucasus
875 2644 943 2665 non

174 2682 356 2726 porrigitur
375 2680 524 2725 usquein
541 2679 685 2717 [udiam3
703 2678 763 2710 sed
778 2678 843 2710 fuit
860 2678 944 2710 haec

175 2728 358 2760 eommunis
377 2726 538 2771 quaedam
552 2732 702 2757 veterum
725 2724 848 2767 opinio.
891 2724 943 2756 Cf.

174 2773 262 2806 infra
283 2775 324 2807 V.
345 2773 400 2814 27,
426 2773 479 2807 77.
515 2771 604 2814 „Hic
626 2782 695 2803 non
714 2776 765 2802 est
784 2769 840 2801 ille
854 2769 943 2801 Cau-

177 2830 269 2851 casus
290 2819 325 2851 in
345 2810 505 2862 Scythico
533 2827 709 2860 exsurgens
737 2815 811 2848 solo
834 2827 941 2855 mons,

176 2863 235 2894 sed
257 2864 291 2896 in
313 2864 428 2897 Indico
451 2863 596 2897 confinio
615 2874 650 2894 se
671 2861 840 2900 attollens,
865 2861 943 2893 Ma—

177 2908 340 2942 cedonum
355 2910 464 2949 armis,
489 2916 526 2942 ut
542 2907 658 2942 scribit
669 2906 801 2947 Strabo,
829 2906 941 2940 orien-

986 1547 1055 1573 tem
1079 1540 1306 1583 subigentibus
1331 1541 1452 1584 prioris
1479 1542 1613 1575 Caucasi
1638 1551 1761 1576 nomen

989 1587 1168 1629 adoptans*
1219 1590 1347 1619 Tur-neb.
1375 1588 1513 1620 Advers.
1540 1589 1621 1629 VH,
1647 1587 1700 1622 16.

1054 1635 1108 1665 sed
1127 1635 1179 1673 sac
1201 1637 1297 1664 totum
1319 1635 1422 1666 dolere
1442 1636 1567 1677 corpus]
1595 1634 1650 1666 Sic
1668 1640 1761 1667 recte

987 1691 1100 1710 omnes
1124 1678 1196 1710 fere
1221 1677 1340 1715 codd.;
1377 1679 1410 1710 in
1443 1679 1556 1722 paucis
1580 1679 1759 1713 deteriori-

985 1724 1045 1755 bus
1080 1723 1178 1756 codd.
1211 1723 1350 1766 legitur:
1392 1727 1420 1756 si
1452 1729 1570 1757 tactum
1602 1728 1708 1758 dolore
1731 1737 1757 1759 c.

985 1769 1158 1801 Sententia
1190 1769 1284 1801 huius
1316 1769 1381 1801 loci
1413 1777 1464 1802 est
1493 1771 1596 1803 haec:
1633 1770 1669 1803 Si
1698 1783 1757 1815 pes

985 1815 1166 1853 condoluit,
1191 1815 1218 1846 si
1237 1815 1338 1852 dens,
1365 1816 1454 1847 serre
1476 1827 1543 1848 non
1560 1828 1755 1860 possumus;

983 1861 1041 1893 sed
1058 1862 1130 1901 fac,
1156 1867 1265 1893 totum
1282 1860 1395 1893 dolere
1421 1873 1538 1905 corpus
1552 1887 1559 1901 ‚
1584 1862 1663 1906 quid
1683 1869 1756 1896 tum

983 1905 1170 1939 faciemus?
1219 1907 1328 1938 Verba
1358 1909 1412 1940 sed
1443 1909 1495 1948 fac
1526 1911 1624 1940 tolum
1654 1910 1757 1942 dolere

980 1964 1094 1993 corpus
1125 1964 1199 1984 cum
1223 1952 1253 1984 vi
1278 1952 1419 1996 quadam
1439 1953 1586 1997 reliquae
1610 1953 1755 1986 orationi

980 1998 1231 2041 παρενξῐετικῶς
1254 1998 1377 2030 intulit.
1424 1999 1517 2031 Loco
1550 1998 1599 2031 sic
1626 2000 1757 2032 consti-

981 2052 1075 2082 tuto,
1099 2046 1173 2084 pedi
1194 2050 1227 2075 et
1248 2046 1332 2076 denti
1351 2045 1484 2087 egregie
1506 2045 1688 2088 opponitur
1708 2049 1754 2078 to-

981 2095 1045 2122 tum
1066 2100 1197 2130 corpus:
1231 2101 1329 2134 quam
1351 2090 1600 2134 oppositionem
1620 2097 1755 2123 senten-

980 2136 1026 2168 tia
1053 2135 1237 2167 necessario
1269 2136 1402 2168 videtur
1425 2136 1622 2180 efflagitare.
1678 2137 1753 2169 Huc

981 2181 1129 2218 accedit,
1155 2181 1245 2224 quod
1264 2181 1353 2212 nulla
1376 2181 1513 2214 omnino
1538 2181 1586 2214 vis
1612 2181 1700 2214 inest
1720 2181 1755 2214 in

979 2226 1035 2258 illa
1058 2226 1218 2258 orationis
1241 2226 1422 2258 varietate:
1465 2229 1623 2260 condoluit
1643 2233 1677 2260 et
1699 2231 1754 2260 ta—

979 2277 1062 2304 ctum
1079 2274 1194 2303 dolore.
1229 2271 1291 2302 Vix
1307 2271 1451 2304 dubitari
1464 2279 1588 2315 potest,
1610 2272 1687 2317 quin
1701 2272 1755 2305 Ci-

981 2328 1067 2356 cero,
1088 2317 1115 2348 si
1132 2318 1217 2348 lianc
1237 2316 1422 2359 significare
1436 2317 1594 2350 voluisset
1612 2325 1752 2350 senten-

979 2363 1079 2401 tiam,
1105 2362 1151 2393 sic
1171 2362 1353 2404 scripturus
1377 2362 1495 2394 suerit:
1520 2366 1548 2395 si
1565 2373 1620 2403 pes
1639 2365 1753 2395 condo-

978 2410 1046 2448 luit,
1072 2410 1099 2439 si
1123 2409 1209 2448 dens,
1231 2411 1257 2439 εἰ
1272 2412 1370 2439 totum
1383 2410 1514 2448 denique
1533 2419 1655 2448 corpus.
1678 2408 1752 2440 Ne-

979 2465 1043 2497 que
1061 2464 1140 2485 vero
1163 2465 1193 2484 v.
1209 2457 1310 2485 tactus
1331 2453 1372 2484 de
1388 2453 1452 2485 levi
1471 2453 1589 2485 dolore
1605 2452 1753 2496 ponitur.

1049 2501 1161 2539 Opinio
1181 2502 1224 2530 est
1245 2500 1342 2541 enim]
1370 2500 1410 2529 V.
1433 2498 1476 2530 ad
1499 2499 1521 2530 t.
1545 2498 1610 2535 27,
1635 2497 1691 2531 66.

1058 2547 1243 2584 fluimusque
1271 2545 1418 2585 mollitia]
1452 2543 1570 2575 Vellei.
1593 2544 1617 2575 Ι.
1641 2541 1681 2582 6,
1707 2543 1749 2576 2:

979 2588 1129 2620 mollitiis
1153 2589 1320 2620 fluentem.
1369 2586 1488 2627 11.2:8‚
1515 2588 1558 2620 2:
1600 2588 1750 2621 mollitiis

978 2634 1093 2665 fluens.
1121 2633 1194 2665 Liv.
1208 2635 1280 2665 Vll.
1297 2634 1352 2670 29,
1369 2635 1408 2666 5:
1437 2634 1622 2677 (Campani)
1640 2634 1750 2667 fluen-

977 2685 1028 2711 tes
1052 2679 1140 2710 luxu.
1188 2680 1238 2710 De
1258 2678 1362 2711 verbo
1385 2681 1572 2720 liquescendi
1588 2692 1619 2712 v.
1639 2679 1683 2712 ad
1706 2682 1748 2714 V.

978 2726 1000 2758 b
1014 2749 1023 2767 ‚
1050 2724 1102 2757 16.

1044 2768 1099 2803 53.
1125 2771 1303 2802 rusticanus
1325 2770 1389 2812 vir]
1425 2771 1571 2803 Rusticus
1595 2770 1749 2815 appella-

977 2821 1032 2847 tur
1063 2815 1198 2847 omnino
1221 2814 1267 2853 is,
1303 2815 1358 2858 qui
1380 2815 1447 2847 ruri
1471 2815 1576 2856 vivit,
1611 2828 1681 2849 non
1713 2816 1760 2856 in,

978 2860 1079 2899 urbe;
1118 2863 1295 2893 rusticanus
1323 2860 1373 2900 is,
1412 2860 1467 2904 qui
1498 2861 1566 2894 ruri
1602 2862 1648 2906 (h.
1663 2861 1687 2894 l.
1711 2861 1748 2895 in

977 2918 1058 2950 agro
1080 2905 1252 2950 Arpinate)
1277 2912 1373 2939 natus
1396 2906 1621 2952 educatusque
1643 2907 1750 2941 vitam
