1859 3149
577 90 747 124 menn
772 89 829 122 xv.
855 85 1080 130 38,83.84.
1542 76 1628 120 269

40 177 150 220 nobis
173 176 248 218 hoe
270 175 477 232 quatriduo
507 172 700 227 disputata
725 177 831 212 sunt.
893 167 1029 209 Morte
1053 167 1158 209 enim
1180 173 1403 223 contempta
1431 174 1470 208 et
1490 167 1626 211 dolore

39 253 85 294 ad
112 251 334 309 patiendum
357 250 514 298 levato,
562 245 812 287 adiunximus
836 244 1080 284 sedationem
1108 242 1366 298 aegritudinis
1383 275 1393 294 ‚
1441 256 1514 297 qua
1539 243 1626 284 nul-

40 328 117 368 lum
138 325 281 368 homini
302 324 442 365 malum
466 321 591 363 maius
616 328 691 362 est.
752 318 841 360 Etsi
862 318 963 359 enim
987 318 1114 359 omnis
1133 317 1251 358 animi
1273 317 1516 373 perturbatio
1535 331 1626 372 gra—

42 402 101 444 vis
134 408 194 443 est
228 413 302 441 nec
333 398 496 439 multum
534 397 665 437 differt
700 394 748 436 ab
779 393 977 444 amentia,
1029 400 1158 433 tamen
1191 393 1245 434 ita
1278 400 1460 444 eeteros,
1507 407 1626 447 quum

38 483 130 518 sunt
154 475 196 516 in
217 474 347 529 aliqua
368 471 663 529 perturbatione
686 476 754 511 aut
774 475 924 519 metus,
971 474 1036 508 aut
1054 467 1252 519 laetitiae,
1297 474 1364 508 aut
1383 467 1624 522 cupiditatis,

39 556 256 592 commotos
283 548 398 590 modo
423 554 463 589 et
487 545 736 603 perturbatos
760 544 891 585 dicere
915 542 1113 593 solemus3
1148 548 1186 582 at
1214 556 1308 594 eos,
1343 542 1407 596 qui
1432 556 1476 582 se
1499 542 1629 597 aegri-

40 625 164 666 tudini
200 623 456 674 dediderunt,
513 621 704 671 miseros,
763 619 951 670 afflictos,
1011 630 1294 668 aerumnosos,
1354 617 1623 658 calamitosos.

41 706 111 742 85.
144 697 282 754 Itaque
304 712 383 738 non
406 696 568 737 fortuito
592 695 734 736 factum
758 693 937 744 videtur,
984 692 1053 733 sed
1080 705 1101 732 a
1127 698 1163 732 te
1189 691 1342 732 ratione
1366 691 1625 747 propositum,

43 781 85 816 ut
106 773 315 830 separatim
345 772 391 812 de
420 769 668 826 aegritudine
703 775 741 810 et
774 769 820 809 de
853 767 999 808 ceteris
1023 766 1381 822 perturbationibus
1410 766 1629 822 disputare-

41 863 154 900 mus3
197 847 238 889 in
261 861 308 888 ea
332 853 393 888 est
415 846 518 888 enim
548 846 634 886 sons
660 844 906 885 miseriarum
931 849 972 882 et
994 848 1123 897 caput.
1188 838 1268 882 Sed
1291 848 1330 882 et
1352 842 1627 896 aegritudinis,

42 930 82 965 et
102 923 342 978 reliquorum
364 921 480 962 animi
502 920 730 961 morborum
753 933 830 960 uua
854 917 1008 959 sanatio
1029 924 1106 969 est,
1141 931 1278 958 omnes
1304 917 1519 973 opinabiles
1540 932 1632 959 esse

42 1005 80 1039 et
114 996 389 1048 voluntarios,
434 1009 482 1036 ea
521 1008 643 1050 reque
681 993 853 1048 suscipi,
901 992 1003 1047 quod
1039 992 1091 1032 ita
1122 1000 1273 1033 rectum
1310 1006 1399 1033 esse
1431 993 1628 1034 videatur.

43 1072 160 1114 Hunc
186 1085 380 1122 errorem,
415 1070 526 1125 quasi
549 1069 721 1110 radicem
748 1068 939 1108 malorum
963 1067 1151 1119 omnium,
1186 1067 1363 1123 stirpitus
1386 1067 1631 1123 philosophia

41 1161 86 1189 se
122 1153 390 1189 extracturam
429 1144 650 1200 pollicetur.
728 1148 798 1184 84.
834 1141 984 1184 Demus
1014 1142 1134 1197 igitur
1166 1156 1237 1182 nos
1269 1141 1357 1182 huie
1385 1142 1630 1184 excolendos

42 1221 316 1278 patiamurque
352 1234 425 1261 nos
460 1218 607 1260 sanari.
670 1217 744 1259 His
783 1217 886 1259 enim
915 1216 1026 1257 malis
1064 1216 1348 1268 insidentibus,
1403 1231 1481 1258 non
1512 1217 1628 1259 modo

41 1295 171 1349 beati,
203 1296 273 1337 sed
292 1309 341 1337 ne
359 1295 444 1336 sani
466 1294 620 1350 quidem
643 1306 731 1334 esse
754 1306 978 1347 possumus.
1040 1291 1124 1332 Aut
1145 1291 1264 1345 igitur
1282 1305 1488 1346 negemus,
1522 1293 1631 1347 quie-

43 1385 157 1426 quam
182 1370 337 1412 ratione
359 1370 497 1412 confici
514 1402 525 1421 ‚
574 1383 688 1424 quum
714 1375 853 1409 contra
887 1366 980 1425 nihil
1015 1366 1101 1407 sine
1121 1366 1276 1406 ratione
1297 1374 1406 1407 reete
1434 1367 1517 1407 fieri
1539 1381 1631 1422 pos·

43 1446 118 1498 sit,
165 1453 255 1498 aut,
302 1460 418 1501 quum
452 1443 697 1501 philosophia
732 1456 784 1484 ex
812 1442 1008 1483 rationum
1033 1441 1243 1482 collatione
1268 1449 1446 1493 constet,
1488 1442 1534 1483 ab
1562 1457 1627 1495 ea,

45 1520 79 1562 si
100 1527 140 1561 et
158 1520 252 1561 boni
275 1529 314 1561 et
333 1519 438 1561 beati
463 1519 647 1566 volumus
671 1531 783 1569 esse,
817 1517 949 1558 omnia
970 1517 1196 1558 adiumenta
1219 1524 1257 1557 et
1279 1516 1427 1558 auxilia
1451 1524 1629 1573 petamus

44 1595 146 1637 bene
176 1594 369 1650 beateque
398 1594 574 1637 vivendi.

117 1701 172 1738 84.
209 1715 271 1737 non
291 1706 384 1737 modo
408 1707 457 1745 b.‚
493 1705 546 1737 sed
568 1713 605 1736 ne
626 1713 650 1737 s.
675 1702 816 1747 quidem]
920 1703 1045 1733 auxilia
1066 1712 1099 1742 p.
1123 1703 1196 1733 bene
1226 1703 1369 1742 beateque
1398 1703 1540 1744 vivendi]
1579 1703 1630 1734 De

47 1751 89 1784 V.
113 1749 284 1783 Adnotata
307 1749 340 1782 in
364 1752 389 1782 Ι.
413 1749 476 1791 36,
502 1750 557 1784 57.
854 1747 999 1791 eleganti
1021 1747 1198 1779 verborum
1219 1746 1442 1779 collocatione
1461 1759 1492 1780 v.
1515 1759 1576 1780 nos
1594 1748 1628 1781 in

112 1797 286 1841 rationum]
313 1797 355 1828 H.
370 1807 397 1828 e.
422 1795 683 1837 sententiarum,
721 1807 738 1827 e
762 1807 817 1827 ra·
857 1794 1005 1828 Gramm.
1024 1794 1064 1825 L.
1090 1793 1215 1838 §.102
1239 1794 1267 1825 l.
1297 1798 1330 1825 et
1353 1791 1386 1826 6.

49 1842 143 1875 tione
166 1842 231 1877 vel‘
245 1841 449 1886 cogitatione
473 1848 636 1875 natarum.
