1843 3101
178 14 262 58 312
730 29 898 62 LIBER
917 30 958 63 v.
983 29 1047 73 31,
1073 29 1129 64 aa.
1155 28 1208 64 89.

185 102 429 162 Speusippo,
472 105 688 149 Polemone
716 109 967 162 auctoribus,
1001 124 1074 152 nec
1099 125 1184 152 eam
1210 110 1358 152 *minis
1384 117 1451 152 aut.
1478 110 1753 155 blandimentis

185 187 366 235 corrupta
387 181 557 223 deseret.
618 181 768 224 Eadem
787 181 1043 240 Calliphontis
1063 184 1392 240 eritDiodorique
1412 186 1624 238 sententia,
1658 200 1753 239 quo-

183 266 270 293 rum
286 260 449 309 uterque
469 255 714 298 honestatem
734 257 791 298 sic
813 258 1097 314 complectitur,
1131 267 1174 300 ut
1193 259 1338 311 omnia,
1372 273 1471 315 quae
1490 259 1576 301 sine
1595 273 1642 301 ea
1657 260 1750 312 sint,

183 325 297 381 longe
325 335 363 368 et
393 336 499 369 retro
531 332 709 384 ponenda
740 340 916 372 censeat.
977 332 1137 388 Reliqui
1167 333 1313 374 habere
1344 347 1387 374 se
1416 333 1601 375 videntur
1631 348 1754 389 angu-

183 400 304 452 stius3
339 409 500 443 enatant
522 410 677 445 tamen:
711 404 931 461 Epicurus,
965 405 1234 463 Hieronymus
1258 415 1297 448 et
1320 408 1353 448 si
1377 408 1440 462 qui
1463 415 1570 460 sunt,
1603 408 1666 463 qui
1689 409 1772 455 de-v

181 480 328 515 sertum
359 475 464 517 illum
497 475 744 520 Carneadem
778 488 916 522 curent
946 482 1173 522 defendere.

183 547 402 591 *verorum
437 551 630 594 honorum
667 555 835 596 animum
867 563 975 611 putet
1008 569 1095 596 esse
1128 555 1295 596 iudicem
1328 569 1492 610 eumque
1520 557 1754 597 condocefa·

1235 481 1366 522 Nemo
1398 489 1460 523 est
1489 482 1616 533 enim,
1662 483 1754 538 quin

182 622 272 673 ciat,
306 631 348 664 ut
364 638 427 676 ea,
455 640 552 680 quae
569 627 671 668 hona
690 629 841 670 malave
858 630 1079 680 videantur,
1105 629 1511 683 possitcontemnere.
1558 635 1628 672 88.
1647 629 1753 671 Nam

181 710 279 750 quae
314 697 379 739 tibi
400 698 560 756 Epicuri
583 702 760 756 videtur,
795 705 929 744 eadem
954 704 1029 744 erit
1052 703 1285 759 Hieronymi
1310 711 1348 744 et
1369 702 1590 745 Carneadis
1611 719 1755 746 caussa

180 776 220 810 et
249 770 407 814 hercule
442 776 612 816 omnium
639 777 893 832 reliquorum.
957 778 1056 832 Quis
1093 778 1193 818 euim
1227 792 1359 833 parum
1393 785 1453 818 est
1483 785 1620 819 contra
1648 793 1752 820 mor-

181 850 255 885 tem
280 854 344 887 aut
370 848 542 890 dolorem
569 853 756 906 paratus?
789 850 1001 893 Ordiamur
1022 852 1069 892 ab
1094 866 1140 892 eo
1157 883 1167 902 ‚
1202 852 1234 891 si
1259 851 1406 905 placet,
1441 866 1554 906 quem
1576 853 1747 906 mollem,

179 932 291 973 quem
318 922 578 977 voluptarium
603 926 780 966 dicimus.
845 924 976 979 Quid?
1016 925 1049 966 is
1074 925 1141 965 tibi
1166 932 1383 964 mortemne
1406 924 1584 977 videtur,
1616 940 1666 967 an
1684 927 1752 968 do-

179 991 302 1033 lorem
328 995 494 1037 timere?
524 998 587 1052 qui
611 1012 698 1038 eum
719 1000 844 1050 diem,
879 1015 955 1054 quo
975 999 1154 1050 moritur,
1188 998 1341 1039 beatum
1363 999 1531 1054 appellat
1551 1000 1752 1041 maximis—

180 1080 254 1121 que
285 1068 484 1112 dolorihus
518 1072 682 1113 affectus
710 1088 778 1114 eos
808 1073 914 1129 ipsos
949 1073 1199 1114 inventorum
1228 1086 1388 1114 suorum
1415 1073 1602 1114 memoria
1627 1081 1666 1115 et
1687 1088 1751 1116 re-

178 1141 407 1184 cordatione
432 1147 631 1199 consutat,
678 1161 750 1188 nec
785 1147 881 1188 haec
914 1147 970 1188 sic
1007 1146 1112 1202 agit,
1161 1153 1202 1187 ut
1237 1160 1289 1188 ex
1314 1154 1488 1203 tempore
1520 1147 1631 1203 quasi
1654 1149 1751 1190 effu-

178 1214 251 1256 tire
281 1216 474 1259 videatur.
536 1218 598 1261 De
634 1229 761 1262 morte
796 1222 898 1262 enim
939 1222 991 1262 ita
1019 1220 1162 1272 sentit,
1207 1228 1274 1273 ut,
1319 1221 1507 1263 dissoluto
1532 1222 1746 1275 animante,

177 1301 336 1331 sensum
372 1293 610 1334 exstinctum
638 1303 769 1350 putet,
813 1296 914 1349 quod
949 1303 1077 1336 autem
1113 1309 1233 1336 sensu
1266 1303 1422 1346 careat,
1466 1295 1560 1337 nihil
1595 1297 1642 1337 ad
1675 1311 1748 1338 nos

176 1362 214 1403 id
249 1364 394 1407 iudicet
425 1367 639 1421 pertinere.
709 1367 807 1410 Item
839 1370 886 1410 de
918 1369 1053 1410 dolore
1084 1377 1193 1410 certa
1224 1368 1363 1420 habet,
1411 1383 1511 1424 quae
1542 1377 1744 1424 sequatur,

176 1437 288 1479 cuius
331 1441 638 1496 magnitudinem
676 1443 869 1484 brevitate
908 1444 1161 1494 consolatur,
1208 1443 1531 1499 longinquitatem
1568 1444 1745 1486 levitate.

178 1516 248 1553 89.
284 1511 363 1566 Qui
393 1516 547 1556 tandem
571 1516 636 1557 isti
662 1518 906 1573 grandiloqui
928 1526 1066 1562 contra
1089 1519 1184 1560 haec
1218 1519 1293 1560 duo
1308 1549 1319 1570 ,
1367 1532 1465 1573 quae
1486 1518 1656 1560 maxime
1678 1533 1748 1560 an-

175 1643 325 1679 ticorum.
346 1648 507 1681 descendet
528 1651 561 1682 in
581 1653 730 1691 taurum,
763 1649 834 1683 scil.
855 1650 945 1684 Pha-

174 1689 184 1721 l
226 1689 269 1722 ·d,
1046 1654 1199 1684 memoria
1234 1655 1262 1684 et
1295 1651 1522 1692 recordatione]

187 1701 233 1722 an
260 1703 296 1722 ls.

980 1709 1009 1730 c.
1031 1697 1075 1731 2¹6
1085 1723 1092 1736 ,
1115 1695 1167 1731 74.

1574 1651 1616 1683 V.
1650 1661 1750 1694 supra

242 1738 330 1778 lonye
352 1742 380 1770 et
395 1742 475 1772 retro
492 1742 653 1785 ponenda]
679 1741 780 1786 longe
799 1743 944 1786 postha-

175 1781 295 1814 benda.

241 1830 419 1874 angustius]
444 1830 591 1874 pluribus
612 1832 864 1866 difficultatibus
884 1845 942 1866 ur-

174 1881 305 1915 gentur.
352 1877 513 1909 Erneszius
535 1877 623 1910 Clav.
647 1879 679 1911 h.
692 1891 722 1911 v.
760 1879 842 1911 Dein
867 1890 943 1913 ena-

175 1921 242 1951 tant
265 1926 315 1951 est
338 1920 396 1953 has
421 1921 637 1956 difficultates
661 1931 828 1968 superant.

239 1967 409 2009 desertum]
448 1968 522 2012 quia
557 1969 625 2001 eius
662 1970 863 2002 sententiam
900 1970 942 2002 de

174 2020 303 2042 summo
335 2010 424 2044 bono
449 2024 549 2046 nemo
575 2014 846 2048 Academicorum
866 2023 944 2059 post

177 2065 251 2087 eum
284 2056 448 2091 defendit.
490 2061 628 2093 Neidius.
663 2061 750 2094 Hinc
772 2062 813 2094 de
834 2061 941 2094 Finib.

175 2101 241 2139 IV,
264 2101 323 2134 173:
355 2103 444 2142 Quid
469 2116 579 2137 censes
605 2118 662 2138 eos
687 2118 758 2139 esse
782 2108 940 2145 facturos,

175 2145 232 2189 qui
267 2147 402 2180 omnino
434 2149 590 2183 virtutem
624 2164 642 2184 a
678 2152 844 2185 bonorum
879 2153 943 2184 fine

175 2199 449 2235 segregaverunt,
475 2195 668 2237 Epicurum,
688 2198 943 2242 Hieronymum,

174 2236 250 2268 illos
270 2237 369 2269 etiam
384 2238 411 2270 si
429 2239 483 2283 qui
498 2240 721 2275 Carneadeum
740 2243 841 2276 finem
858 2244 945 2276 tueri

176 2282 303 2315 volunt.
327 2290 362 2315 et
380 2285 430 2324 ΙΙ,
454 2285 513 2317 12:
549 2286 709 2319 Reiicitur
737 2289 837 2321 etiam
859 2290 942 2322 Car—

175 2327 297 2360 neades
309 2340 317 2366 3
335 2340 396 2361 nec
408 2329 472 2362 ulla
483 2329 525 2362 de
536 2342 664 2364 summo
677 2332 766 2366 bono
778 2335 873 2375 ratio,
888 2341 944 2366 aut

177 2373 378 2416 voluptatis,
403 2387 471 2407 non
491 2375 668 2409 dolendive
688 2380 865 2422 particeps,
886 2387 943 2412 aut

176 2418 361 2451 honestatis
383 2432 499 2464 expers
521 2422 724 2465 probabitur.
748 2425 788 2455 V.
811 2425 852 2456 de
874 2426 941 2457 eius

176 2464 342 2497 sententia
357 2477 455 2509 supra
468 2479 494 2499 c.
506 2467 560 2506 30,
572 2466 626 2500 34.
642 2467 752 2511 ibique
763 2469 941 2503 Adnotata.

242 2512 337 2542 Nemo
358 2516 400 2544 est
419 2515 511 2553 enim,
535 2515 609 2554 quin
628 2523 771 2546 verorum
793 2517 941 2547 bonorum

176 2555 333 2599 animum]
354 2556 407 2589 Sic
421 2558 538 2602 scripsi
552 2558 594 2590 de
607 2559 711 2591 Bentl.
725 2559 810 2591 coni.
839 2563 862 2591 V
872 2571 885 2592 e
896 2571 942 2592 ra

177 2602 258 2632 bona
290 2610 504 2645 opponuntur
527 2616 638 2648 seqq.:
675 2615 733 2646 ea,
759 2615 839 2646 quae
862 2607 941 2637 bona

176 2664 222 2670 —
243 2648 485 2682 videantur.
535 2651 655 2682 Omnes
691 2650 761 2682 fere
793 2649 889 2682 codd.
910 2657 944 2681 et

177 2690 266 2722 Non.
281 2703 315 2735 p.
326 2693 382 2735 252,
396 2694 450 2728 27.
471 2694 519 2727 sic
533 2695 666 2738 legunt:
691 2706 780 2728 nemo
794 2699 836 2728 est
849 2698 943 2736 enim,

178 2739 249 2776 qui
266 2747 405 2770 eorum
423 2741 491 2773 bon.
507 2750 550 2782 a.,
568 2741 733 2773 sententia
746 2740 941 2773 reluctante.

242 2785 489 2830 condocefeciat]
514 2786 714 2829 Exquisitius
735 2786 859 2819 dictum
881 2798 942 2830 pro

179 2826 322 2869 vulgari:
344 2829 488 2862 animum
511 2831 673 2864 instituat.

244 2873 299 2906 ὃὸ.
333 2877 561 2922 voluptarium]
599 2878 654 2910 Sic
684 2878 785 2911 etiam
808 2877 882 2910 Fin.
902 2879 942 2910 V.

178 2915 221 2948 25
234 2941 242 2955 ,
265 2916 318 2951 74.
343 2920 523 2963 Epicureos
540 2922 740 2965 'voluptarios
761 2923 918 2968 appellat.

1046 1744 1199 1785 consutatj
1218 1743 1260 1775 H.
1274 1754 1302 1773 e.
1326 1740 1496 1788 reprimit,
1519 1741 1626 1780 sedat,
1648 1753 1745 1774 com—

978 1788 1095 1832 pescit.
1130 1790 1235 1831 Supra
1256 1789 1304 1820 11:
1319 1787 1373 1819 22.
1411 1786 1589 1818 Refutetur
1608 1799 1648 1819 ac
1665 1786 1745 1819 reii-

979 1834 1084 1866 ciatur
1104 1833 1330 1865 Philocteteus
1353 1831 1410 1863 ille
1432 1832 1567 1864 clamor.
1606 1832 1747 1875 Proprie

977 1879 1114 1911 verbum
1133 1880 1317 1920 confutandi
1332 1884 1382 1909 est
1398 1889 1515 1921 aquarn
1533 1877 1747 1910 ebullientem

977 1924 1196 1969 suppn'mere,
1220 1936 1262 1956 ne
1287 1922 1441 1962 exundet,
1466 1922 1513 1955 uti
1535 1922 1621 1956 bene
1637 1923 1746 1956 inter-

977 1977 1128 2014 pretatur
1149 1972 1309 2002 Ernestius
1339 1968 1372 2001 iu
1403 1968 1493 2002 Clav.
1540 1968 1591 2000 Cf.
1620 1971 1748 2002 Forcell.

976 2016 1076 2049 Thes.
1100 2017 1173 2047 Lat.
1207 2018 1346 2047 Mosei-us
1378 2020 1549 2058 comparat
1577 2014 1612 2047 C.
1632 2014 1746 2047 Partit.

979 2061 1039 2095 δός
1065 2061 1235 2094 audaciam
1260 2060 1446 2093 confutare.

1046 2118 1084 2140 ex
1117 2108 1266 2149 tempore]
1310 2117 1375 2137 non
1411 2105 1556 2149 tempori
1588 2105 1770 2145 serviens,v

978 2164 1039 2196 pro
1069 2152 1230 2196 temporis
1255 2151 1447 2184 conditione
1472 2150 1519 2183 ita
1541 2150 1644 2183 sensit
1661 2151 1747 2195 Epi—

983 2210 1094 2236 curuS‚
1120 2197 1180 2230 sed
1206 2204 1296 2229 certa
1321 2197 1408 2229 nisus
1433 2196 1610 2229 sententia.

1046 2247 1083 2276 de
1105 2248 1202 2276 morte
1224 2246 1267 2275 z'ta
1288 2245 1399 2283 sentit,
1426 2243 1460 2274 ut
1483 2261 1527 2267 -
1549 2252 1674 2275 sensum
1692 2252 1747 2275 ex-

977 2293 1122 2322 stinctum
1151 2290 1250 2330 putet]
1290 2294 1340 2319 est
1372 2288 1580 2331 pleonasmus
1614 2287 1749 2331 quidam

980 2335 1092 2367 Tullio
1107 2333 1286 2366 familiaris.
1314 2332 1366 2365 Cf.
1379 2345 1441 2366 nos
1454 2333 1488 2365 in
1503 2334 1561 2365 Gr.
1572 2333 1612 2364 L.
1627 2334 1659 2377 ς.
1671 2332 1747 2367 163.

976 2380 1058 2412 Not.
1072 2382 1103 2412 2.
1128 2378 1249 2423 p.-‘}60.
1273 2378 1325 2411 ed.
1339 2378 1372 2411 2.
1430 2379 1521 2411 Infra
1544 2390 1573 2410 c.
1592 2377 1656 2418 33,
1682 2377 1746 2411 95:

976 2432 1151 2469 totumque
1170 2425 1236 2456 hoc
1255 2424 1296 2456 de
1316 2424 1487 2468 voluptate
1508 2426 1553 2457 sic
1572 2423 1628 2455 ille
1645 2433 1747 2464 prae-

976 2473 1068 2511 cipit,
1106 2478 1142 2502 ut
1173 2470 1380 2514 voluptatem
1412 2470 1517 2513 ipsam
1550 2480 1611 2512 per
1643 2479 1679 2500 se
1702 2487 1748 2493 —

977 2516 1158 2558 optandam
1190 2535 1228 2539 —
1261 2519 1358 2556 putet.
1405 2515 1447 2547 de
1481 2517 1573 2547 Orat.
1605 2514 1656 2551 11,
1682 2512 1745 2546 ὅδε

977 2572 1094 2599 omne,
1130 2560 1220 2604 quod
1249 2561 1450 2604 eloquimur,
1488 2561 1661 2600 eloquimur
1690 2560 1748 2599 sic,

976 2612 1012 2636 ut
1033 2618 1103 2638 esse
1123 2609 1266 2639 dicamus
1287 2606 1343 2648 id,
1368 2612 1426 2638 aut
1443 2616 1511 2638 non
1534 2615 1615 2636 esse.
1638 2603 1681 2635 N.
1704 2604 1746 2635 D.

977 2651 1017 2681 11.
1039 2651 1100 2689 23,
1126 2651 1188 2684 61:
1225 2663 1277 2684 res
1306 2651 1396 2694 ipsa,
1421 2650 1455 2682 in
1483 2661 1546 2694 qua
1575 2648 1624 2680 vis
1657 2648 1746 2680 inest

975 2696 1081 2727 maior
1101 2695 1230 2738 aliqua,
1254 2699 1298 2729 sic
1318 2695 1524 2739 appellatur,
1554 2700 1591 2726 ut
1615 2705 1654 2727 ea
1674 2693 1747 2738 ipsa

975 2744 1150 2774 nominetur
1173 2741 1264 2773 deus.
1514 2760 1517 2763 -
1590 2776 1593 2778 ,

1043 2786 1097 2820 89.
1121 2787 1335 2830 grandiloqui]
1360 2785 1478 2826 Stoici,
1497 2785 1551 2830 qui
1574 2783 1748 2828 magnifice

978 2831 1021 2864 de
1045 2831 1167 2864 virtute
1191 2832 1421 2875 loquebantur.
1452 2834 1626 2866 Ernestius.

1044 2880 1154 2910 melius
1169 2887 1200 2910 se
1216 2879 1342 2918 habent]
1361 2877 1441 2910 Em.
1455 2876 1580 2909 delevit
1595 2885 1641 2917 se,
1657 2874 1749 2919 quod

977 2923 1071 2955 abest
1093 2936 1112 2956 a
1135 2923 1220 2955 Gud.
1234 2923 1265 2956 2.
1288 2922 1386 2957 Viud.
1398 2923 1431 2957 2.
1463 2929 1498 2955 et
1521 2920 1747 2966 compluribus
