1811 3053
129 63 185 105 30
201 43 204 49 ’
740 69 1085 104 PROLEGOMENA.

128 156 280 194 bonum
303 153 468 204 aliquod
490 159 650 205 praeter
672 153 885 202 virtutem,
924 158 1053 190 tamen
1085 151 1240 191 virtute
1259 152 1384 191 vitam
1412 152 1564 191 beatam
1593 153 1693 191 effici

129 229 324 261 censeant.
364 237 398 260 c.
419 225 458 261 8.
486 220 527 273 ᾗ.
550 225 616 260 21.
666 220 891 259 Assentitur
915 221 956 258 in
978 220 1056 259 hoc
1082 220 1218 258 Cicero
1246 221 1476 259 adversario
1497 221 1697 259 ostendit-

130 306 228 342 que,
260 305 376 342 quam
405 291 673 328 inconstantes
706 290 774 328 isti
807 289 1035 342 philosophi
1066 290 1158 327 sint.
1216 290 1332 338 Nam,
1369 289 1439 340 qui
1468 290 1605 328 beatus
1630 295 1698 338 est,

128 360 233 398 nihil
255 360 445 410 requirit,
477 365 522 395 ut
545 359 595 395 sit
617 357 789 408 beatior3
821 358 851 395 si
873 365 929 396 est
952 358 1072 406 enini,
1105 357 1213 408 quod
1235 358 1353 407 desit,
1383 372 1432 396 ne
1452 359 1590 397 beatus
1606 357 1700 409 qui-

128 430 216 468 dem
242 435 311 466 est.
371 429 506 474 Quum
528 440 627 464 vero
656 427 732 464 tria
756 441 897 477 genera
922 426 1113 464 malorum
1141 440 1221 463 esse
1241 426 1394 476 dicant3
1436 427 1504 477 qui
1525 427 1700 464 duorum

127 511 313 548 generum
334 496 443 532 malis
464 495 645 532 omnibus
666 502 866 546 urgeatur,
897 502 935 532 et
959 496 1121 532 fortuna
1145 495 1329 543 adversa,
1360 501 1398 532 et
1418 495 1602 546 corporis
1621 495 1696 532 do-

127 566 301 613 loribus,
332 565 365 601 ei
386 563 509 601 multa
537 563 586 600 ad
609 564 757 601 beatam
781 564 902 601 vitam
927 564 1037 600 deese
1063 563 1255 610 dicemus,
1286 577 1369 600 non
1393 562 1510 600 modo
1532 563 1581 600 ad
1603 564 1699 601 bea-

127 634 328 672 tissimam.
358 630 399 684 §-
421 636 489 670 22.
508 636 575 671 25.
606 633 862 669 Constantior
883 639 986 670 certe
1010 631 1084 668 sihi
1104 638 1161 668 est
1179 631 1491 682 Theophrastus,
1523 631 1591 681 qui
1613 631 1700 668 aliis

127 702 298 740 eiusdem
321 700 554 752 disciplinae
582 700 834 751 philosophis
857 699 1059 738 notandus
1084 714 1163 736 non
1198 706 1300 737 erat:
1341 699 1429 750 qui,
1469 712 1591 750 quun]
1614 705 1699 736 sta-

126 771 286 818 tuisset,
326 769 481 807 dolores
511 769 691 820 corporis
725 775 763 805 et
791 769 977 806 fortunae
1010 782 1121 805 casus
1152 782 1328 819 magnam
1362 768 1443 806 vim
1476 767 1619 805 habere
1651 767 1701 804 ad

124 840 263 877 misere
287 838 522 885 vivendum,
560 844 789 874 constanter
813 837 985 886 dicebat,
1026 850 1108 874 non
1138 851 1268 874 omnes
1290 837 1417 874 bonos
1450 849 1530 873 esse
1552 836 1701 884 beatos,

125 921 247 958 quum
270 907 313 944 in
336 920 468 943 omnes
491 906 617 943 bonos
641 911 678 942 et
702 906 883 956 corporis
904 905 1072 953 dolores,
1104 911 1142 941 et
1164 905 1350 942 fortunae
1372 904 1611 941 calamitates
1632 917 1700 941 ca-

126 976 219 1014 dere
241 982 416 1027 possent.
465 975 584 1011 Immo
608 973 649 1010 id
674 974 892 1010 notandum
914 979 1010 1020 erat,
1042 973 1149 1022 quod
1169 973 1338 1020 dicebat,
1368 972 1446 1009 tria
1468 985 1548 1009 esse
1569 979 1607 1009 et
1624 972 1700 1008 bo-

124 1058 288 1091 norum,
320 1050 358 1080 et
388 1042 583 1079 malorum
613 1055 768 1092 genera.
827 1041 868 1077 Si
901 1040 1003 1078 enim
1024 1040 1057 1077 ei
1077 1040 1331 1089 conceditur,
1361 1039 1481 1091 plura
1502 1040 1703 1078 bonorum

125 1118 164 1149 et
195 1111 388 1148 malorum
414 1124 554 1160 genera
585 1123 683 1158 esse,
726 1115 1032 1146 consentaneum
1061 1115 1136 1157 est,
1178 1115 1223 1146 ut
1255 1107 1535 1158 consequentia
1557 1121 1700 1145 conce-

124 1181 289 1217 dantur.
321 1193 353 1215 c.
372 1182 411 1215 9.
434 1176 475 1229 ᾗ.
494 1181 562 1217 24.
583 1182 651 1216 25.
695 1177 777 1214 Aut
800 1191 881 1214 non
906 1177 1036 1213 minus
1061 1177 1330 1214 inconstantes
1352 1189 1486 1213 sumus
1507 1176 1701 1227 Epicuro:

124 1247 193 1298 qui
216 1247 341 1284 multa
368 1246 572 1297 praeclara
596 1259 710 1296 saepe
733 1245 850 1292 dicit,
881 1245 948 1282 sed
974 1259 1053 1282 non
1078 1258 1227 1295 semper
1252 1243 1535 1282 convenienter
1558 1243 1699 1281 decre-

123 1318 173 1354 tis
199 1315 298 1362 suis,
331 1328 454 1364 quum
477 1321 602 1365 neget,
635 1327 867 1364 quemquam
893 1312 1066 1351 iucunde
1089 1326 1200 1364 posse
1221 1312 1369 1361 vivere,
1401 1312 1475 1350 nisi
1498 1311 1601 1349 idem
1620 1310 1699 1348 ho·

122 1390 230 1421 neste
250 1383 375 1431 vivat,
406 1389 487 1431 aut,
519 1395 640 1432 quum
664 1382 781 1429 dicat,
812 1382 1016 1418 fortunam
1037 1381 1219 1432 exiguam
1244 1380 1491 1419 intervenire
1517 1380 1701 1432 sapienti.

119 1451 161 1504 §-
185 1455 252 1490 26.

236 1530 276 1569 d.
336 1530 377 1567 Si
399 1529 513 1568 nobis
542 1536 722 1567 constare
746 1529 942 1578 voluiiiUS,
975 1529 1184 1567 dicendum
1207 1535 1276 1578 est,
1308 1542 1442 1566 omnes
1463 1529 1605 1577 bonos,
1627 1527 1654 1565 i.
1668 1541 1699 1565 e.

123 1600 303 1638 omnibus
326 1599 550 1636 virtutibus
570 1599 788 1636 instructos
813 1605 851 1635 et
874 1598 1081 1648 sapientes,
1112 1598 1188 1635 nisi
1213 1612 1292 1634 una
1313 1598 1466 1635 virtute
1490 1595 1699 1635 continea-

121 1676 189 1706 tur
220 1668 306 1706 vita
331 1668 462 1715 beata,
500 1681 653 1717 semper
690 1667 824 1704 beatos
857 1680 936 1703 esse
967 1680 1046 1703 non
1079 1680 1205 1716 posse.
1264 1666 1375 1703 Beati
1406 1665 1509 1702 enim
1540 1663 1700 1702 dicendi

120 1744 214 1775 sunt
236 1736 276 1785 ii,
308 1735 376 1786 qui
402 1741 495 1772 sunt
519 1735 561 1772 in
583 1735 710 1781 bonis,
741 1734 853 1771 nullo
879 1734 1068 1772 adiuncto
1093 1734 1208 1771 malo.
1267 1734 1381 1771 Hanc
1403 1740 1534 1770 autem
1557 1746 1698 1770 cumu-

119 1805 237 1842 latam
263 1805 463 1842 bonorum
489 1803 821 1854 complexionem,
862 1803 1019 1840 secretis
1050 1803 1160 1840 malis
1189 1802 1392 1850 omnibus,
1423 1801 1556 1839 virtus
1591 1813 1699 1837 asse-

121 1873 189 1924 qui
214 1886 293 1909 non
317 1878 467 1922 potest,
498 1873 530 1908 si
555 1872 766 1922 quicquan]
785 1878 943 1922 praeter
966 1871 1090 1922 ipsam
1111 1870 1209 1908 boni
1232 1877 1302 1908 est.
1359 1871 1457 1908 Nam
1478 1869 1608 1906 omnia
1631 1868 1700 1906 illa

122 1954 224 1991 quae
254 1940 377 1989 vulgo
413 1940 606 1977 dicuntur
637 1941 763 1987 bona,
807 1939 994 1989 quoniam
1032 1946 1145 1977 extra
1184 1938 1266 1976 eius
1299 1943 1534 1989 potestatem
1567 1936 1700 1988 posita

120 2014 232 2056 sunt,
264 2007 444 2043 amittere
469 2014 622 2057 potest,
654 2014 692 2044 et
715 2007 844 2044 onmia
868 2008 953 2056 illa,
985 2021 1084 2057 quae
1108 2008 1149 2044 in
1176 2006 1287 2044 malis
1313 2012 1585 2054 numerantur,
1617 2019 1699 2042 uno

120 2083 297 2127 tempore
318 2075 358 2111 in
382 2088 469 2111 eum
494 2075 666 2112 incidere
687 2081 867 2125 possunt.
906 2090 938 2112 c.
961 2079 1026 2113 10.
1055 2074 1096 2127 §.
1118 2078 1316 2114 28—50.
1357 2075 1508 2113 Rursus
1531 2072 1699 2126 Epicuri

121 2143 389 2182 inconstantia
418 2142 742 2193 reprehenditur.
786 2141 827 2194 §-
849 2147 916 2180 51.
974 2144 1109 2193 Itaque
1139 2144 1181 2181 in
1204 2144 1280 2181 hac
1303 2143 1461 2194 quidem
1486 2155 1531 2180 re
1566 2140 1698 2192 negari

122 2226 204 2250 non
226 2218 367 2263 potest,
397 2211 551 2248 Stoicos
575 2211 700 2248 multo
726 2210 1015 2247 constantiores
1034 2211 1153 2248 fuisse
1174 2212 1216 2248 in
1239 2210 1519 2248 constituenda
1539 2223 1608 2248 sua
1630 2209 1697 2247 di-

121 2280 310 2332 sciplina,
342 2293 459 2329 quam
480 2279 779 2330 Peripateticos,
811 2291 1037 2328 quanquam
1062 2278 1103 2315 in
1124 2279 1210 2316 aliis
1232 2279 1350 2315 rebus
1371 2278 1478 2315 inter
1501 2279 1697 2315 Zenonem

123 2356 162 2388 et·
181 2347 466 2399 Peripateticos
490 2347 593 2385 nihil
618 2353 778 2399 praeter
804 2347 1023 2384 verborum
1046 2346 1265 2384 novitatem
1290 2347 1478 2384 interesse
1503 2345 1592 2383 iure
1616 2345 1695 2383 diei

122 2423 264 2470 potest.
307 2430 340 2454 e.
370 2420 434 2455 11.

235 2522 268 2546 e.
324 2509 505 2545 Ceterum
531 2520 612 2544 non
636 2507 739 2545 Zeno
761 2505 911 2556 primus
936 2504 1073 2543 docuit
1082 2534 1092 2554 ,
1123 2504 1206 2542 sola
1229 2504 1380 2543 virtute
1399 2504 1523 2543 vitam
1541 2505 1696 2543 beatam

125 2576 286 2626 confici,
315 2576 382 2614 sed
405 2574 524 2613 huius
546 2574 761 2612 sententiae
787 2574 960 2624 gravitas
982 2573 1195 2623 repetenda
1223 2579 1281 2610 est
1306 2587 1328 2610 a
1353 2573 1530 2611 Platonis
1552 2579 1694 2610 aucto-

124 2647 255 2683 ritate.
312 2646 373 2683 Ex
393 2642 472 2692 hoc
500 2643 624 2694 igitur
653 2642 763 2680 fonte
793 2641 890 2679 haec
919 2641 1045 2679 omnis
1076 2641 1250 2679 manabit
1279 2640 1424 2679 oratio.
1461 2655 1495 2679 c.
1518 2645 1584 2680 12.

239 2736 266 2774 f.
311 2735 660 2787 Argumentatio,
693 2746 770 2784 qua
800 2732 1018 2783 probatur,
1050 2733 1201 2768 virtute
1231 2732 1344 2782 effici
1363 2733 1497 2769 vitam
1518 2731 1694 2768 beatam.

171 2812 211 2864 ει)
240 2815 412 2865 Natura,
443 2821 502 2863 ut,
532 2812 721 2865 quicquid
741 2811 890 2863 genuit,
921 2824 1002 2849 non
1026 2810 1144 2848 modo
1166 2810 1320 2859 animal,
1349 2809 1418 2847 sed
1439 2809 1554 2848 etiam
1574 2809 1694 2861 plan-

242 2887 320 2930 tas,
359 2884 402 2921 in
430 2897 503 2922 suo
536 2881 712 2934 quidque
743 2893 884 2932 genere
914 2878 1261 2931 perfectissimum,
1296 2877 1353 2917 sie
1373 2878 1597 2923 hominem,
1629 2879 1698 2916 cai
