1843 3101
168 36 254 82 248

177 134 248 170 50.
280 126 344 170 De
365 126 558 170 Africano
583 125 760 182 quidem,
795 125 886 181 quia
903 124 1036 167 notior
1057 132 1119 167 est
1138 125 1251 167 nohis
1272 132 1433 183 propter
1453 133 1654 169 recentem
1677 142 1762 170 me-

177 202 369 255 moriam,
415 201 481 244 vel
511 201 643 242 iurare
675 214 860 256 possum,
902 214 982 241 non
1012 199 1118 241 illum
1145 199 1347 242 iracundia
1378 208 1459 242 tum
1482 201 1762 244 inflammatum

665 45 837 79 LIBER
861 43 918 79 IV.
943 42 1006 86 22,
1031 44 1087 78 50.
1112 42 1178 86 23,
1202 44 1258 79 51.

179 277 326 329 fuisse,
372 290 487 331 quum
520 275 561 316 in
601 275 687 316 acie
715 273 776 315 Μ.
803 273 1004 316 Allienum
1035 272 1244 329 Pelignum
1280 282 1392 316 scuto
1426 276 1649 331 protexerit
1678 277 1762 332 gla-

1011 347 1073 389 De
1108 347 1160 389 L.
1182 346 1308 390 Bruto
1340 350 1510 392 sortasse
1535 350 1759 404 dubitarim,

177 439 228 467 an
253 430 412 480 propter
430 423 623 465 inlinitum
653 424 783 465 odium
814 423 970 479 tyranni
995 423 1225 464 effrenatius
1257 423 1298 464 in
1319 422 1515 465 Aruntem
1544 425 1759 478 invaserit3

1511 497 1616 552 Quid
1641 499 1763 554 igitur

178 572 254 613 huc
274 572 465 613 adhibetis
484 572 610 613 iram?
655 587 705 614 an
729 571 940 623 fortitudo,
984 571 1059 612 nisi
1082 571 1257 613 insanire
1282 573 1432 629 coepit,
1479 573 1648 629 impetus
1667 587 1762 615 suos

178 351 360 405 diumque
392 349 494 391 hosti
526 350 564 390 in
595 357 730 405 pectus
758 349 948 390 infixerit.

179 498 294 540 video
331 498 434 539 enim
464 506 671 553 utrumque
698 497 875 538 cominus
909 497 990 538 ictu
1013 498 1204 538 cecidisse
1229 498 1446 539 contrario.

178 661 259 687 non
284 646 426 687 habet?
466 648 583 702 quid?
643 646 879 697 Herculem,
927 660 1040 701 quem
1063 646 1102 686 in
1126 647 1278 687 caelum
1300 647 1376 688 ista
1398 647 1506 703 ipsa,
1553 662 1668 702 quam
1689 662 1762 690 vos

176 720 416 762 iracundiam
438 735 528 763 esse
551 722 691 773 vultis,
724 721 883 762 sustulit
906 720 1092 761 fortitudo
1109 752 1119 772 ,
1152 722 1349 762 iratumne
1370 735 1511 762 censes
1532 722 1764 764 conflixisse

177 809 265 836 cum
289 793 550 851 Erymanthio
573 811 666 852 apro
694 803 761 836 aut
780 795 897 836 leone
925 793 1159 836 Nemeaeo?
1205 809 1254 836 an
1277 796 1394 837 etiam
1417 795 1602 837 Theseus
1626 794 1764 838 Mara-

177 868 300 910 thonii
324 870 427 910 tauri
450 884 598 911 cornua
627 870 922 925 comprehendit
943 869 1095 909 iratus?
1154 868 1256 911 Vide
1273 902 1283 921 ‚
1318 884 1367 910 ne
1391 870 1578 911 fortitudo
1603 870 1762 911 minime

177 942 230 984 sit
250 943 427 992 rabiosa,
475 945 601 999 sitque
624 944 826 984 iracundia
850 949 929 983 tota
950 942 1139 983 levitatis.
1201 943 1344 999 Neque
1368 945 1469 986 enim
1499 951 1561 985 est
1580 945 1657 985 ulla
1683 946 1763 986 sor-

179 1016 324 1069 titudo,
359 1032 458 1072 quae
490 1018 653 1059 rationis
686 1024 747 1058 cst
778 1031 940 1072 expers.

291 1090 458 1133 XXIII.
485 1099 555 1133 51.
592 1090 916 1134 Contemnendae
939 1104 1004 1132 res
1024 1090 1217 1133 humanae
1238 1099 1351 1144 sunt,
1399 1092 1634 1148 negligenda
1652 1107 1761 1135 mors

179 1173 262 1218 est,
311 1167 490 1223 patibiles
527 1175 566 1208 et
590 1167 746 1208 dolores
783 1174 822 1207 et
843 1166 1000 1207 labores
1027 1165 1202 1222 putandi.
1264 1165 1376 1207 Haec
1405 1181 1522 1221 quum
1551 1168 1764 1210 constituta

177 1241 256 1281 sint
281 1241 426 1283 iudicio
450 1249 565 1297 atque
586 1241 807 1293 sententia,
855 1247 934 1283 tum
962 1248 1024 1282 est
1048 1240 1209 1282 robusta
1228 1241 1294 1281 illa
1320 1248 1360 1282 et
1381 1241 1533 1282 stabilis
1557 1242 1760 1295 fortitudo,

176 1315 251 1355 nisi
284 1316 384 1357 forte
415 1329 514 1371 quae
543 1316 827 1366 vehementer,
873 1316 1044 1366 acriter,
1090 1315 1268 1356 animose
1297 1315 1415 1367 liunt,
1462 1315 1648 1357 iracunde
1679 1317 1765 1358 fieri

177 1389 438 1444 suspicamur.
500 1388 600 1430 Mihi
638 1404 687 1431 ne
714 1388 848 1445 Scipio
886 1389 1039 1444 quidem
1075 1389 1165 1441 ille,
1214 1390 1393 1445 pontifex
1428 1391 1647 1442 maximus,
1697 1390 1763 1446 qui

177 1492 238 1530 fius
257 1490 506 1534 interpretatur,
532 1495 698 1533 acquisivit
717 1495 786 1532 sibi,
810 1491 870 1523 sed
891 1502 951 1524 πα·
982 1494 1134 1524 vielleicht
1155 1491 1367 1535 interpretari
1390 1491 1573 1536 possimus,
1604 1492 1658 1525 vel
1681 1504 1760 1537 per:

175 1540 242 1568 ctus
261 1541 325 1577 cst,·
359 1537 391 1568 iu
416 1538 519 1569 verbo
542 1540 719 1570 inveniendi
745 1549 811 1569 non
837 1537 948 1575 studii,

175 1581 235 1613 sed
265 1593 357 1614 casus
390 1583 486 1615 notio
521 1583 614 1615 latet.
660 1584 740 1616 Tac.
769 1584 880 1615 Germ.
907 1584 948 1615 2:

172 1629 296 1659 invento
317 1628 451 1661 nomine
475 1629 632 1661 Germani
654 1636 863 1661 vocarentur.
913 1630 950 1660 In

177 1672 295 1704 eadem
320 1685 356 1705 re
387 1674 506 1706 eodem
529 1675 632 1706 verbo
657 1686 732 1706 usus
756 1681 807 1706 est
831 1675 865 1706 C.
885 1673 948 1706 Off.

176 1718 303 1758 HL31,
321 1720 394 1752 112.
421 1720 490 1764 (ubi
505 1723 632 1753 Beierus
644 1732 674 1764 p.
686 1720 764 1753 399.
786 1720 871 1752 bene
895 1731 952 1751 ex-

174 1763 296 1806 plicat:
330 1767 408 1798 data
429 1768 488 1799 hac
506 1768 664 1798 occasione
689 1769 862 1806 Torquatus
888 1776 952 1806 ap-

172 1811 308 1849 pellatus
330 1811 404 1851 θείς)
433 1818 467 1843 et
491 1812 587 1843 Finu.
610 1812 635 1842 Ι.
664 1812 694 1850 7,
720 1813 775 1844 225.
825 1812 875 1842 De
897 1811 953 1842 in-

178 1854 323 1888 dican’vo
352 1859 469 1890 invenit
500 1865 594 1889 extra
615 1856 775 1889 orationis
798 1856 953 1900 obliquae

179 1911 300 1932 nexum
334 1902 447 1944 posito
480 1915 511 1935 v.
546 1914 606 1935 nos
636 1902 670 1935 in
692 1902 749 1934 Gr.
771 1904 808 1934 L.
833 1903 861 1946 ᾗ.
878 1901 952 1936 160.

178 1945 261 1978 Not.
276 1946 307 1980 7.
331 1958 364 1989 p.
377 1945 455 1981 454.
479 1948 531 1980 ed.
548 1948 581 1981 2.

248 1992 303 2023 50.
343 1995 388 2025 De
415 1995 565 2034 Africano
597 2013 642 2018 -
674 1996 781 2026 iurare
813 2003 953 2034 possum,

180 2046 243 2068 non
265 2039 355 2069 illum
377 2057 421 2063 —
442 2039 552 2083 fuisse]
582 2040 632 2072 De
654 2039 717 2072 hac
737 2046 903 2072 structura
923 2051 954 2070 v.

181 2080 351 2114 Adnotata
374 2083 409 2114 in
432 2085 473 2116 V.
497 2086 561 2125 20,
587 2085 642 2118 57.

253 2128 448 2170 dubitarim,
491 2140 533 2162 an
570 2133 751 2170 effrenatius
788 2131 953 2172 invaserit}

181 2171 225 2204 H.
238 2184 267 2204 e.
289 2173 433 2206 fortasse
455 2175 646 2207 effrenatius
670 2176 704 2207 in
721 2179 883 2208 Aruntem
900 2175 954 2206 in-

180 2217 278 2250 vasit.
316 2219 515 2252 Particulam
539 2231 581 2253 an
602 2233 734 2265 semper
756 2221 789 2252 in
811 2221 954 2252 bimem—

180 2262 232 2295 bri
251 2270 381 2297 tantum
402 2264 665 2308 interrogatione
678 2293 685 2306 ‚
712 2274 746 2298 et
768 2267 902 2310 quidem
922 2266 956 2298 in

182 2308 288 2341 altera
307 2309 376 2342 eius
400 2316 515 2354 parte,
550 2311 661 2343 locum
685 2312 828 2351 habere,
855 2324 954 2355 saepe

182 2361 297 2387 autem
315 2355 406 2398 prius
427 2356 612 2388 membrum
636 2357 765 2396 omitti,
790 2370 889 2400 supra
914 2357 957 2390 ad

182 2401 241 2433 ΙΙΙ.
263 2400 302 2441 1,
323 2405 353 2435 1.
374 2401 527 2433 vidimus.
575 2402 669 2434 Idem
700 2402 789 2434 valet
815 2403 856 2434 de
880 2403 957 2435 for-

181 2445 298 2492 mulis:
340 2448 446 2480 dubito
469 2457 532 2488 an,
557 2449 664 2482 ,nescio
691 2458 756 2488 αη,
785 2450 872 2480 haud
894 2451 957 2480 scio

184 2502 249 2533 an,·
283 2492 318 2524 in
338 2492 377 2524 iis
402 2491 490 2524 enim
512 2492 602 2536 prius
628 2493 812 2524 membrum
836 2496 957 2534 negati-

181 2547 280 2578 vum,
304 2549 366 2581 per
384 2549 481 2579 num,
503 2548 618 2571 numne
634 2537 870 2577 inducendum,
897 2550 958 2570 cu-

182 2581 232 2614 ius
256 2583 390 2626 negatio
423 2583 535 2616 animo
565 2590 744 2627 praecepta
769 2590 839 2621 est,
874 2594 949 2625 sup-

183 2639 335 2672 pressum
360 2635 431 2664 est;
467 2629 607 2661 alterum
628 2628 728 2672 igitur
760 2628 956 2667 membrum,

184 2673 289 2716 priori
306 2675 508 2717 oppositum,
531 2677 759 2717 affirmativum
781 2680 842 2713 est,
867 2673 900 2705 h.
914 2685 956 2713 e.‚

183 2720 384 2751 sententiam
410 2721 525 2764 ponit,
559 2721 610 2753 cui
632 2720 772 2752 alterum
801 2730 958 2751 assensu-

183 2775 258 2796 rum
282 2777 353 2797 esse
379 2765 586 2799 confidimus.
633 2765 688 2798 Sic
709 2766 742 2797 h.
756 2765 779 2797 l.
801 2764 958 2796 enuntia-

184 2809 235 2842 tio
255 2809 354 2852 plene
375 2811 423 2843 sic
447 2819 518 2844 erat
539 2811 727 2844 efferenda:
753 2812 790 2843 de
809 2812 846 2842 L.
862 2813 958 2843 Bruto

185 2855 316 2894 sortasse
335 2857 519 2899 dubitarim,
542 2867 690 2890 numne
713 2858 835 2889 aliud
855 2857 958 2896 quid

184 2900 326 2933 dicam
340 2926 350 2942 ‚
383 2912 426 2935 an
447 2921 493 2927 —
513 2905 674 2935 invaserit.
720 2901 808 2934 Hinc
829 2901 886 2940 fit,
921 2907 958 2932 ut

182 2947 304 2985 nescio,
327 2948 415 2980 haud
437 2950 521 2988 scio,
543 2950 650 2981 dubito
669 2958 713 2981 an
737 2959 798 2992 per
816 2949 957 2988 fortasse,

985 1539 1034 1569 ich
1056 1540 1144 1569 weiss
1166 1540 1271 1578 nicht,
1300 1540 1351 1570 ich
1373 1540 1489 1580 zweisle
1515 1541 1550 1570 ob
1574 1541 1658 1571 nicht
1683 1551 1763 1571 ver-

984 1590 1111 1620 tamus3
1150 1595 1209 1626 per
1233 1594 1268 1614 se
1292 1590 1403 1615 autem
1430 1594 1472 1616 an
1500 1596 1667 1628 nunquam
1697 1596 1759 1628 pro

986 1639 1091 1660 annon
1115 1629 1193 1671 poni
1216 1636 1338 1672 potest.
1376 1629 1437 1661 Usi
1458 1637 1534 1661 sunt
1551 1630 1692 1663 Romani
1710 1630 1762 1663 his

987 1674 1148 1712 formulis,
1175 1675 1229 1706 ubi
1251 1674 1453 1706 sententiam
1473 1675 1616 1719 aliquam
1639 1683 1762 1709 certam

987 1732 1024 1752 ac
1045 1720 1170 1751 firmam
1192 1720 1343 1752 modeste
1363 1727 1462 1763 atque
1484 1721 1608 1753 urbane
1629 1733 1762 1766 propo-

988 1777 1067 1797 nere
1087 1766 1274 1797 voluerunt.
1311 1765 1363 1797 Cf.
1381 1766 1480 1797 Corn.
1495 1767 1759 1811 Nep.Thrasyb.

987 1811 1112 1854 princ.:
1140 1813 1175 1843 Si
1195 1822 1250 1852 per
1270 1822 1300 1843 se
1322 1814 1422 1844 virtus
1445 1814 1510 1844 sine
1532 1814 1659 1853 fortuna
1680 1824 1761 1853 pon-

987 1858 1132 1889 deranda
1164 1860 1222 1897 sil,
1263 1858 1390 1898 dubito,
1430 1867 1472 1890 an
1508 1859 1589 1891 hunc
1622 1861 1763 1898 primum

988 1905 1127 1934 omnium
1143 1913 1262 1943 ponam
1285 1903 1332 1946 (h.
1345 1914 1373 1934 e.
1387 1902 1517 1942 dubim,
1542 1914 1656 1936 numne
1673 1905 1764 1936 aliud

989 1950 1065 1988 quid
1078 1958 1231 1989 censeam,
1253 1960 1294 1980 an
1317 1968 1361 1972 —
1381 1950 1541 1992 ponami:
1567 1949 1623 1981 ubi
1646 1952 1762 1982 v.Bre-

987 1996 1087 2025 mium
1110 2006 1141 2037 p.
1159 1995 1230 2026 129.
1278 1994 1330 2026 cf.
1354 2006 1415 2026 nos
1438 1993 1481 2026 ad
1494 1995 1551 2026 111.
1567 1997 1595 2033 l,
1616 1994 1645 2028 1.
1659 1997 1691 2033 ὅ,
1709 1993 1761 2028 16.

989 2045 1022 2071 ct
1043 2039 1076 2070 in
1098 2040 1137 2071 L.
1162 2040 1219 2072 Gr.
1244 2039 1274 2082 §-
1290 2038 1375 2081 159,
1396 2037 1428 2073 4.
1450 2051 1482 2083 p.
1495 2036 1622 2083 44tssq.
1644 2040 1741 2073 ed.2.

1059 2087 1163 2127 video]
1191 2088 1297 2128 Saepe
1321 2087 1412 2118 video
1435 2085 1556 2117 dicitur
1583 2086 1624 2118 de
1645 2085 1684 2118 iis
1706 2097 1762 2118 re-

991 2129 1063 2169 bus,
1089 2142 1172 2173 quae
1195 2143 1234 2162 ex
1256 2131 1396 2163 historia
1417 2130 1572 2173 cognitae
1588 2139 1676 2164 sunt.
1709 2131 1765 2164 Sic

991 2188 1089 2218 supra
1108 2187 1134 2208 c.
1149 2176 1179 2210 -’5,
1195 2178 1233 2209 5:
1260 2176 1376 2220 quibus
1397 2176 1663 2209 adolescentibus
1678 2176 1764 2209 Dio-

991 2233 1109 2264 genem
1134 2225 1233 2253 et‘—
1253 2222 1457 2254 Carneadem
1479 2225 1569 2255 video
1598 2223 1641 2254 ad
1663 2234 1763 2255 sena-

991 2273 1060 2298 tum
1091 2267 1206 2299 missos
1230 2279 1301 2299 esse
1325 2267 1465 2311 legatos.
1489 2279 1517 2299 c.
1540 2268 1604 2309 37,
1624 2267 1689 2303 79:
1725 2275 1764 2300 ut

992 2313 1214 2345 Alexandrum
1238 2315 1380 2346 videmus
1414 2313 1469 2358 qui
1505 2325 1605 2358 quum
1634 2313 1764 2346 intere-

991 2358 1105 2390 misset
1128 2358 1269 2394 Clitum,
1294 2378 1339 2382 —
1362 2359 1418 2391 vix
1442 2371 1461 2391 a
1483 2371 1518 2391 se
1542 2371 1656 2392 manus
1683 2360 1764 2392 abs-

990 2404 1101 2436 tinuit.
1127 2406 1232 2447 Saepe
1245 2403 1334 2436 idem
1347 2405 1418 2437 fere
1431 2405 1522 2437 valet
1533 2405 1622 2449 quod
1635 2409 1764 2438 constat.

1058 2451 1222 2482 Herculem
1245 2468 1290 2474 —
1313 2452 1518 2491 Erymanthio
1541 2470 1586 2476 —
1612 2454 1762 2483 Nemeaeo

991 2514 1036 2531 -,
1061 2497 1192 2527 Theseus
1216 2496 1421 2540 Marathonii]
1447 2497 1486 2527 V.
1513 2496 1585 2528 Iud.
1607 2495 1685 2528 hist.

1062 2540 1140 2571 οη.
1156 2541 1288 2573 xxm.
1314 2542 1367 2573 51.
1389 2541 1549 2583 patibiles]
1578 2541 1621 2573 Ν.
1642 2541 1682 2572 D.
1704 2542 1761 2574 111.

995 2584 1047 2626 12,
1066 2585 1126 2617 29:
1153 2596 1318 2629 quumque
1339 2598 1438 2618 omne
1460 2585 1581 2618 animal
1600 2588 1763 2627 patibilem

992 2636 1143 2661 naturam
1162 2631 1302 2662 habeat:
1328 2631 1385 2664 ubi
1401 2631 1504 2663 habet
1521 2631 1587 2664 vim
1609 2631 1763 2665 activam.

993 2674 1082 2706 Alibi
1102 2686 1155 2717 ap.
1177 2675 1242 2708 Cic.
1265 2687 1333 2708 non
1355 2675 1486 2719 legitur.
1534 2676 1641 2709 Dolor
1663 2680 1763 2720 impe-

994 2721 1088 2752 tibilis
1111 2726 1162 2751 est
1182 2721 1256 2753 Fin.
1277 2723 1318 2754 ΙΙ.
1341 2720 1402 2761 17,
1422 2721 1478 2755 57.

1060 2766 1145 2797 Haec
1175 2776 1272 2806 quum
1305 2769 1469 2800 constituta
1498 2770 1560 2801 sint
1591 2788 1658 2811 —‚
1696 2773 1765 2802 tum

992 2813 1035 2843 est
1056 2810 1134 2854 etc.]
1173 2813 1227 2843 Or.
1250 2823 1291 2843 ex
1313 2813 1391 2844 Ern.
1415 2812 1500 2846 coni.
1525 2813 1631 2848 edidit
1649 2818 1764 2848 consti-

993 2859 1060 2887 tuta
1082 2859 1162 2889 sunt.
1212 2856 1297 2889 Mihi
1319 2857 1452 2901 quidem
1473 2859 1701 2893 coniunctivus
1723 2872 1765 2893 ex

992 2901 1259 2945 breviloquentia
1279 2902 1422 2947 quadam
1442 2905 1655 2948 explicandus
1685 2905 1763 2938 vide

992 2953 1058 2987 tur,
1086 2958 1150 2991 qua
1183 2960 1202 2980 c
1230 2948 1366 2982 caussali
1397 2951 1628 2984 enuntiatione
1653 2952 1764 2995 (quum
