1859 3117
691 39 837 73 INDEX
862 40 1144 76 ffls'romcus.

170 126 227 152 tor
248 120 356 153 clarus
373 119 450 162 fuit,
471 126 506 153 et
522 119 674 153 tribunus
687 120 762 154 150.
775 132 806 153 a.
821 119 899 154 Chr.

167 166 276 211 legem
288 165 369 200 tulit
378 165 422 199 de
434 165 583 211 pecuniis
594 165 800 211 repetundis,
814 177 900 211 qnae
923 204 928 206 ,

170 211 348 257 Calpurnia
362 219 414 245 est
428 218 560 246 vocata.
585 214 685 245 Anno
701 210 765 246 134
778 224 808 246 a.
821 212 898 246 Chr.

169 258 286 292 consul
294 265 330 291 et
343 258 417 292 121.
427 270 458 290 a.
469 258 546 291 Chr.
559 269 680 291 censor
691 257 767 290 fuit.
788 258 898 292 Idem-

168 314 234 350 que
251 303 390 338 annales
411 303 621 348 conscripsit.

122 353 236 392 Plato,
260 349 423 384 Aristonis
445 349 550 391 filius,
575 349 723 383 Socratis
744 349 897 395 discipu—

165 395 216 429 lus
228 421 238 438 ,
255 395 402 438 ,Athenis
427 395 580 429 condidit
602 395 817 429 Academiam
835 407 895 428 ve-

163 449 271 476 terem
295 444 338 486 (c.
354 453 384 476 a.
404 439 483 476 4002
499 453 530 474 a.
549 442 655 485 Chr.).

120 490 275 530 Plautus,
299 488 452 528 Sarsina,
479 487 637 521 Umbriae
651 488 754 528 urbe,
778 489 895 521 oriun-

165 534 247 574 dus,
273 545 429 568 romanus
449 538 552 579 poeta
578 534 742 574 comicus,
768 534 897 567 Romae

165 579 259 615 vixit.
284 581 368 625 (nat.
383 580 461 615 227.
478 592 508 614 a.
528 580 606 613 Chr.
630 583 652 623 «ι-
671 577 760 623 184.)
797 580 812 614 1
829 606 837 621 ,
863 580 894 614 3.

116 639 266 680 Polemo,
291 636 505 671 Atheniensis
530 638 572 682 (c.
590 649 621 671 a.
640 636 719 672 360.
738 649 768 670 a.
789 636 895 681 clm),

163 683 219 730 qui
239 695 342 729 quum
367 683 403 716 in
422 683 598 716 iuventute
618 683 776 728 petulans
806 690 895 716 esset

162 737 198 764 et
210 729 391 775 aliquando
413 726 524 763 ebrius
545 736 580 763 et
596 737 776 763 coronatus
791 729 895 762 scho-

161 776 230 810 lam
248 776 455 810 Xenocratis
472 775 640 820 ingressus
660 775 779 809 fuisset
791 802 799 816 ,
825 775 894 809 eius

163 823 318 856 oratione
330 848 338 863 ‚
364 833 449 867 quae
468 829 550 855 tunc
568 821 612 854 de
630 821 792 866 pudicitia
810 829 893 863 erat,

160 876 273 902 motus
291 868 379 902 adeo
402 879 514 902 mores
530 868 719 902 immutavit
739 875 893 901 tanturn—

161 926 227 960 que
246 914 281 948 in
300 913 517 960 philosophia
536 914 697 959 profecit,
720 922 756 947 ut
770 914 891 948 Xeno-

162 961 247 995 crati
261 961 297 994 in
314 960 497 994 Academia
514 960 721 994 succederet.

113 1009 314 1049 Polycletus,
347 1007 492 1052 Sicyone
516 1014 632 1048 natus,
674 1006 798 1039 nobilis
828 1006 892 1039 fuit

159 1053 338 1087 statuarius
354 1065 418 1087 nec
430 1053 606 1098 imperitus
620 1053 701 1086 artis
715 1052 891 1085 delinean-

156 1099 193 1132 di
212 1099 442 1145 pingendique
468 1102 511 1144 (c.
528 1111 558 1132 a.
573 1098 652 1134 430.
666 1111 697 1132 a.
717 1099 822 1142 Chr.).

112 1159 337 1200 Polyphemus,
360 1157 512 1202 Neptuni
527 1164 563 1190 et
581 1156 751 1202 nymphae
767 1156 890 1190 Thoo—

157 1216 215 1237 sae
235 1203 342 1245 filius,
368 1203 514 1248 Cyclops
537 1203 572 1236 in
594 1203 700 1236 insula
722 1202 846 1236 Sicilia.

111 1251 281 1293 Pompeius
315 1252 373 1284 Gn.
405 1248 607 1294 cog'nomine
635 1250 778 1293 Magnus
790 1275 798 1289 ,
837 1249 889 1281 vir

156 1295 271 1330 multis
282 1296 382 1330 rebus
395 1295 499 1341 gestis
518 1295 638 1328 clarus.
674 1297 713 1328 In
727 1294 819 1328 bello
837 1295 888 1328 ci—

155 1341 215 1376 vili
232 1354 252 1376 a
274 1342 415 1376 Caesare
435 1353 548 1387 pugna
569 1341 760 1375 Pharsalica
784 1352 888 1385 supe—

155 1395 259 1429 ratus,
283 1387 416 1433 fugiens
436 1388 471 1421 in
490 1391 683 1433 Aegyptum
700 1387 787 1432 regis
806 1398 888 1432 per-

121 1458 126 1471 .
155 1433 236 1468 fidia
257 1433 457 1468 interfectus
475 1441 528 1468 est
553 1432 622 1480 (49.
634 1446 664 1468 a.
679 1434 784 1477 Chr.).

109 1494 228 1526 Pontus
249 1495 418 1534 Euxinus,
449 1503 541 1525 mare
572 1492 665 1535 quod
697 1490 801 1524 hodie
821 1502 886 1536 ap—

155 1538 302 1583 pellatur
323 1537 476 1582 Nigrum.
503 1538 520 1572 1
533 1563 544 1579 ,
565 1536 622 1573 45.
643 1535 699 1572 94.

107 1586 311 1626 Posidonius,
334 1587 493 1629 Apamea,
513 1584 632 1629 Syriae
651 1583 746 1623 urbe,
769 1583 886 1616 oriun-

155 1629 236 1672 dus,
269 1630 422 1664 Panaetii
439 1630 639 1675 discipulus,
664 1629 886 1674 philosophus

153 1677 301 1718 stoicus,
329 1676 498 1710 Ciceronis
520 1677 653 1710 doctor.

108 1736 280 1776 Priamus,
302 1733 438 1767 ultimus
458 1734 583 1768 Troiae
605 1745 664 1766 rex
677 1759 685 1773 ,
710 1745 730 1766 a
754 1733 885 1778 Pyrrho

153 1793 181 1814 s.
201 1780 442 1825 Neoptolemo,
468 1780 608 1814 Achillis
627 1779 707 1820 filio,
733 1779 776 1812 ad
793 1791 885 1812 aram

152 1833 304 1862 necatus.

106 1875 322 1914 Prometheus,
343 1872 430 1906 filius
445 1872 554 1916 Iapeti
572 1884 613 1905 ex
629 1871 708 1904 Asia
724 1871 884 1916 nympha,

151 1926 251 1964 pater
269 1918 499 1961 Deucalionis,
524 1918 603 1963 quia
621 1929 639 1950 e
658 1917 752 1951 caelo
772 1917 884 1961 ignem

153 1964 322 1998 detulerat
352 1964 574 2008 hominesque
605 1976 624 1996 e
657 1963 738 1997 limo
773 1964 884 1997 finxe-

152 2017 227 2052 rat,
253 2010 342 2044 lovis
359 2010 450 2043 iussu
473 2022 494 2043 a
513 2010 666 2043 Vulcano
690 2009 810 2043 affixus
834 2017 885 2043 est

152 2057 312 2091 Caucaso.
358 2056 437 2091 Vid.
465 2059 640 2091 caucasus.

107 2105 316 2138 Ptolemaeus.
358 2103 391 2144 a)
422 2103 570 2136 fortasse
591 2104 676 2145 Lagi
701 2103 739 2146 (s.
768 2102 883 2145 Soter),

153 2161 214 2184 rex
236 2149 385 2194 Aegypti
405 2148 545 2193 (323—
560 2147 638 2183 284.
662 2161 692 2181 a.
719 2148 824 2191 Chr.).
851 2149 883 2188 5,

153 2195 211 2231 97.
234 2216 280 2221 -
312 2196 349 2238 b)
370 2197 621 2237 Philadelphus,
655 2206 714 2228 rex
737 2194 884 2239 Aegypti

156 2238 384 2286 (284—246.
398 2254 428 2275 a.
448 2241 540 2283 Chr.)
554 2267 563 2281 ,
586 2240 638 2275 vir
657 2240 884 2281 doctissimus,

154 2287 212 2332 qui
239 2287 483 2321 bibliothecam
511 2287 604 2320 illam
633 2286 885 2320 alexandrinam

152 2332 310 2367 instituit.
344 2334 362 2368 1
375 2359 385 2373 ‚
408 2333 466 2368 83.

106 2381 297 2420 Puteolani,
343 2379 477 2413 incolae
506 2379 724 2413 Puteolorum
737 2405 745 2420 ,
793 2378 884 2413 urbis

154 2425 342 2459 maritimae
360 2424 398 2459 in
422 2425 615 2470 Campania.
654 2426 693 2466 1,
716 2423 773 2460 86.

108 2473 245 2514 Pyrrho,
262 2470 360 2504 Elide
373 2470 532 2504 oriundus
545 2472 588 2516 (c.
601 2484 631 2504 a.
642 2469 722 2506 340.
733 2483 763 2505 a.
778 2471 884 2513 Chia),

154 2516 287 2562 pictor,
325 2529 401 2550 cum
419 2517 619 2551 Anaxarcho
642 2517 825 2551 Alexandri
847 2518 883 2550 in

155 2563 426 2609 expeditionibus
459 2575 591 2604 comes,
636 2569 755 2607 postea
786 2563 884 2596 Elide

153 2609 333 2650 sacerdos,
345 2608 492 2651 dicebat,
513 2608 674 2643 virtutem
685 2609 792 2643 solam
810 2621 884 2643 esse

155 2655 293 2697 bonum,
313 2662 425 2689 cetera
434 2655 558 2695 omnia,
578 2655 686 2700 ipsam
697 2656 884 2698 scientiam,

153 2701 248 2735 nulla
270 2712 361 2735 exse.¹
401 2701 472 2735 Cfr.
496 2705 610 2736 Aristo.

109 2747 264 2789 ewinus,
280 2747 376 2792 Epiri
390 2759 460 2789 rex,
482 2760 558 2782 eum
572 2748 732 2782 Romanis
748 2747 830 2793 (280
839 2769 884 2774 —

154 2791 234 2826 275.
250 2804 281 2826 a.
298 2793 392 2836 Chr.)
409 2793 546 2828 bellum*
557 2794 672 2840 gessit.
697 2795 727 2834 1,
749 2793 805 2828 59.
825 2793 882 2829 89.

110 2838 330 2880 Pythagoras,
353 2840 502 2881 Samius,
527 2840 761 2886 philosophuS‚
784 2839 884 2872 disci-

156 2882 256 2927 pulus
270 2883 473 2929 Pherecydis
490 2887 532 2930 (c.
545 2885 626 2920 540.
637 2899 668 2920 a.
685 2885 790 2926 Chr.).
813 2884 883 2918 Pri—

157 2939 240 2962 musv
259 2940 383 2963 nomen
403 2930 638 2976 philosophiae
671 2938 705 2963 et
728 2930 880 2974 philoso-

156 2974 218 3019 phi
236 2973 377 3008 induxit.

335 3029 340 3046 l

1631 33 1709 78 341

935 124 1146 166 Pythagorei,
1180 123 1389 168 Pythagorae
1421 123 1585 167 discipuli.
1635 125 1711 158 No—

979 176 1052 202 tum
1084 176 1136 202 est
1166 180 1281 203 eorum
1304 166 1410 209 αὐτὸς
1433 167 1512 213 ἔφα.
1561 170 1711 204 Societas

980 226 1096 249 eorum
1124 215 1158 249 in
1194 216 1319 260 Magna
1339 214 1502 257 Graecia,
1539 226 1558 248 a
1580 216 1709 260 Pytha-

979 273 1062 305 gora
1084 261 1240 303 condita,
1275 273 1361 307 quae
1382 273 1514 295 morum
1534 272 1710 306 rerumque

979 307 1186 351 publicarum
1221 307 1493 342 emendationem
1521 308 1708 353 spectabat,

978 364 1039 396 per
1059 354 1105 388 30
1127 361 1259 388 tantum
1284 366 1389 388 annos
1411 354 1535 388 floruit.

1305 437 1342 468 R.

931 492 1081 532 Reyulus.
1129 492 1168 524 V.
1190 494 1314 525 Atilius.

930 538 1217 579 Rhadamanthus,
1252 538 1340 570 Iovis
1370 549 1410 570 ex
1442 538 1578 582 Europa
1611 538 1707 579 filius,

978 583 1082 616 frater
1105 583 1252 624 Minois,
1278 595 1338 616 rex
1360 583 1507 628 Lyciae,
1532 584 1605 629 qui,
1631 584 1708 629 quia

976 641 1093 663 severe
1114 629 1225 663 fuerat
1246 629 1408 663 iustitiam
1428 637 1616 670 exsecutus,
1640 631 1706 664 fin·—

975 675 1066 720 gitur
1097 687 1116 709 a
1139 676 1251 721 po'e'tis
1272 676 1363 721 apud
1384 676 1514 710 inferos
1545 676 1580 709 in
1603 676 1707 710 vitam

975 729 1185 755 mortuorum
1209 723 1387 767 inquirere.
1413 722 1452 763 1,
1479 723 1532 756 10.
1557 721 1614 757 93.

929 769 1107 810 Rheginus,
1131 769 1281 813 Rhegio,
1308 769 1389 801 urbe
1409 768 1442 801 in
1465 775 1614 801 exn-ema
1634 770 1705 802 Ita-

974 813 1038 847 liae
1060 822 1157 859 parte
1178 815 1262 855 sita,
1289 814 1461 848 oriundus.
1497 812 1538 855 4,
1563 815 1619 850 71.

928 862 1085 902 Rupilius.
1128 863 1166 895 P.
1179 863 1328 903 Rupilius
1345 863 1466 903 Lupus,
1490 860 1606 894 consul
1631 860 1705 895 133.

973 919 1004 940 a.
1026 907 1103 940 Chr.
1151 907 1276 940 Plinius
1299 908 1357 952 (H.
1379 907 1422 941 N.
1441 907 1474 942 7.
1490 906 1560 949 36.)
1589 906 1705 940 eadem

973 953 1080 986 refert
1095 953 1138 986 de
1158 964 1198 986 eo
1213 965 1299 998 quae
1312 954 1442 986 Cicero.
1490 954 1526 986 P.
1541 953 1705 998 Rupilius,

973 999 1092 1044 inquit,
1117 1000 1236 1032 morbo
1258 999 1325 1033 levi
1346 998 1528 1043 impeditus
1548 999 1705 1032 nunciata

973 1045 1088 1079 fratris
1113 1046 1224 1090 (Lucii
1236 1045 1371 1091 Rupilii,
1397 1045 1561 1090 praetoris
1584 1043 1661 1078 147.
1674 1058 1702 1078 a.

974 1092 1066 1134 Chr.)
1097 1092 1230 1136 repulsa
1253 1092 1288 1124 in
1315 1091 1506 1125 consulatus
1537 1091 1703 1136 petitione

971 1138 1062 1171 illico
1088 1138 1279 1182 exspiravit.
1300 1136 1345 1180 4,
1369 1135 1425 1172 40.

1298 1220 1334 1252 S.

925 1278 1088 1317 Salamis,
1111 1276 1219 1309 insula
1240 1287 1348 1320 prope
1369 1276 1517 1309 Atticam
1535 1276 1618 1316 sita,
1644 1275 1700 1308 ubi

968 1322 1213 1355 Themistocles
1233 1322 1537 1366 splendidissimam
1556 1321 1600 1355 de
1616 1323 1700 1355 Per-

968 1367 1012 1400 sis
1035 1368 1223 1412 reportavit
1243 1368 1421 1401 victoriam
1443 1366 1535 1412 (480.
1551 1380 1582 1401 a.
1595 1367 1700 1411 Chr.).

923 1415 1064 1448 Samnis.
1111 1414 1278 1448 Samnites
1306 1415 1445 1459 proprie
1470 1425 1552 1458 gens
1583 1413 1701 1447 Italiae

967 1460 1150 1494 inferioris.
1206 1460 1446 1504 Fungebantnr
1479 1461 1515 1494 hi
1548 1460 1700 1494 homines

967 1506 1193 1550 gladiatorum
1225 1518 1364 1540 munere
1398 1506 1442 1540 ad
1477 1506 1700 1540 oblectandos

967 1564 1124 1586 convivas
1144 1565 1178 1585 ιιι
1203 1564 1319 1585 coena.

921 1599 1184 1640 sardanapalus,
1207 1610 1267 1631 rex
1282 1598 1439 1643 Assyriae
1460 1598 1504 1631 ob
1519 1598 1697 1632 mollitiem

965 1651 1067 1690 atque
1088 1644 1263 1677 libidinem
1285 1643 1432 1677 infamis.
1465 1645 1507 1683 5,
1534 1645 1610 1678 101.

920 1692 1039 1733 Scipio.
1085 1692 1116 1733 a)
1142 1693 1199 1724 Cn.
1225 1698 1260 1724 et
1284 1693 1322 1724 P.
1344 1692 1526 1732 Scipiones,
1564 1689 1698 1729 fratres,

967 1737 1069 1770 duces
1086 1737 1314 1770 Romanorum
1329 1737 1411 1770 belli
1428 1736 1542 1780 punici
1559 1736 1698 1769 secundi

965 1783 1063 1816 initio
1085 1782 1120 1815 in
1147 1782 1327 1827 Hispania,
1352 1790 1534 1827 postquam
1553 1782 1698 1816 Hanno-

966 1840 1043 1862 nem
1061 1835 1096 1861 et
1108 1828 1354 1862 Hasdrubalem
1373 1828 1418 1862 ad
1432 1829 1563 1862 lberam
1577 1841 1606 1862 a.
1618 1828 1696 1862 216.

966 1887 996 1908 a.
1017 1875 1116 1916 Chr.,
1153 1882 1188 1908 et
1208 1874 1252 1907 ad
1273 1874 1424 1908 ffliberin
1446 1886 1477 1907 a.
1492 1875 1571 1909 215.
1595 1874 1696 1908 fude-

966 1928 1054 1961 runt,
1077 1932 1108 1953 a.
1121 1921 1200 1955 212.
1236 1921 1561 1966 Carthaginiensium
1579 1920 1699 1955 fraude

965 1967 1160 2011 interempti
1190 1974 1280 2000 sunt.
1316 1967 1354 2008 1,
1387 1966 1444 2002 89.
1479 1966 1554 2000 110.
1579 1988 1625 1993 -
1658 1967 1693 2008 b)

964 2016 1003 2047 P.
1018 2015 1180 2047 Cornelius
1198 2015 1306 2055 Scipio
1326 2015 1498 2056 Africanus
1516 2015 1634 2056 Maior,
1653 2013 1696 2046 fi-

913 2051 925 2069 “’
963 2059 1027 2092 lius
1048 2061 1085 2093 P.
1102 2059 1268 2104 Scipionis
1288 2060 1393 2094 modo
1414 2059 1508 2100 dieti,
1532 2060 1585 2093 vir
1602 2072 1697 2093 sum—

964 2117 1037 2138 mus
1066 2105 1102 2138 in
1136 2117 1173 2138 re
1194 2105 1329 2150 publica
1350 2113 1505 2150 tempore
1526 2106 1609 2139 belli
1629 2118 1694 2150 pu-

964 2152 1032 2185 nici
1062 2151 1221 2193 secundi,
1257 2164 1288 2185 a.
1306 2151 1384 2186 206.
1407 2164 1437 2187 a.
1461 2152 1539 2185 Chr.
1567 2152 1694 2193 consul,

965 2197 1191 2230 Hannibalem
1221 2197 1265 2231 ad
1294 2200 1431 2232 Zamam
1461 2198 1540 2232 201.
1562 2211 1592 2233 a.
1616 2198 1694 2231 Chr.

966 2244 1066 2277 fudit.
1104 2243 1143 2284 1,
1171 2243 1247 2277 110.
1271 2245 1315 2284 5,
1340 2242 1398 2278 49.
1419 2264 1466 2270 -
1502 2245 1532 2287 c)
1559 2247 1597 2278 P.
1619 2247 1694 2277 Cor-

963 2292 1065 2324 nelius
1080 2292 1187 2331 Scipio
1202 2292 1374 2332 Africanus
1386 2293 1502 2331 Minor,
1523 2290 1607 2322 filius
1626 2290 1693 2321 Lu-

967 2336 1009 2369 cii
1027 2335 1160 2368 Aemilii
1177 2336 1303 2378 Paulli,
1326 2336 1407 2370 hinc
1425 2338 1622 2370 Aemilianus
1639 2334 1692 2367 di-

966 2388 1038 2415 ctus
1050 2407 1059 2423 ,
1085 2381 1266 2426 adoptatus
1287 2395 1307 2416 a
1324 2382 1394 2415 filio
1411 2381 1578 2425 Scipionis
1598 2380 1692 2414 Afri-

965 2428 1040 2461 cani
1058 2428 1210 2463 Maioris.
1259 2428 1377 2462 Cicero
1392 2427 1459 2460 Off.
1474 2429 1500 2467 1,
1521 2427 1576 2462 32.
1600 2426 1693 2467 dicit,

965 2474 1157 2519 eloquentia
1188 2486 1264 2507 eum
1292 2474 1375 2507 belli
1408 2472 1551 2516 gloriam
1577 2484 1694 2506 cumu-

963 2520 1062 2554 lasse.
1092 2521 1223 2554 Evertit
1236 2519 1475 2563 Carthaginem
1487 2517 1560 2553 146.
1575 2532 1606 2551 a.
1618 2518 1693 2550 Chr.

964 2574 1000 2600 et
1021 2566 1237 2600 Numantiam
1252 2563 1327 2600 143.
1341 2577 1370 2598 a.
1388 2564 1466 2597 Chr.
1477 2590 1485 2604 ,
1513 2565 1601 2597 unde
1615 2565 1692 2597 Nu-

963 2613 1285 2692 manggnusiquoqug
1307 2610 1499 2699 dictusdpsz.
1527 2610 1559 2689 1ὁ
1581 2611 1612 2644 5.
1633 2609 1691 2687 181.

964 2657 1365 2699 ‘,..«‚5.5.—
1502 2657 1696 2689 .orneius

965 2707 1072 2747 Scipio
1092 2705 1211 2737 Nasica
1234 2703 1422 2742 Corculum,
1446 2700 1532 2733 filius
1554 2700 1695 2745 Optimi,

966 2750 1042 2785 163.
1065 2762 1094 2782 a.
1113 2749 1189 2781 Chr.
1212 2754 1245 2780 et
1258 2746 1333 2781 156.
1356 2746 1485 2788 consul,
1511 2746 1586 2781 160.
1612 2758 1695 2780 cen-

964 2807 1029 2829 sor.
1077 2794 1170 2827 Idem
1204 2799 1320 2826 orator
1342 2792 1410 2825 fuit
1432 2799 1468 2825 et
1487 2792 1567 2825 iuris
1590 2792 1697 2826 civilis

965 2841 1103 2886 perituS.
1129 2839 1160 2878 1,
1183 2838 1294 2873 sti.—
1328 2838 1360 2881 e)
1386 2840 1424 2871 P.
1445 2840 1608 2873 cornelius
1627 2840 1696 2874 Sci-

963 2890 1017 2929 pio
1047 2887 1198 2926 Serapio,
1233 2883 1320 2917 filius
1340 2883 1507 2925 Nasicae,
1540 2885 1697 2930 pontifex

963 2931 1124 2965 maximus
1132 2930 1210 2964 Tib.
1223 2929 1413 2964 Gracchum
1423 2929 1595 2965 interfecit
1606 2931 1696 2974 (133.

964 2990 992 3010 a.
1013 2976 1116 3015 Chr.).
1136 2974 1178 3017 4,
1203 2975 1256 3009 51.
