1859 3117
626 59 798 94 [ABER
823 61 865 94 11.
889 59 929 102 τ,
956 57 1010 93 19.
1035 58 1077 100 8,
1103 57 1157 93 20.
1611 51 1689 95 137

98 143 201 186 cilis.
247 149 316 187 19.
350 143 525 201 Adspice
546 140 824 192 Philoctetam,
846 141 909 182 cui
931 140 1225 183 concedendum
1250 146 1312 182 est
1330 140 1532 195 gementi3
1565 141 1691 197 ipsum

97 219 200 262 enim
228 219 442 262 Herculem
466 218 622 260 viderat
650 216 690 257 in
712 213 816 257 Oeta
841 216 1110 270 magnitudine
1133 215 1310 257 dolorum
1339 215 1567 256 eiulantem.
1616 216 1692 257 Ni-

96 293 151 336 hil
173 295 295 351 igitur
315 295 418 336 hune
442 293 569 335 virum
589 290 757 348 sagittae
774 322 786 342 ‚
820 303 917 346 quas
946 290 994 331 ab
1025 290 1199 332 Hercule
1224 298 1456 348 acceperat,
1491 298 1570 332 tum
1597 306 1691 333 con-

95 369 346 423 solabantur,
379 383 497 424 quum

425 446 463 484 E
491 446 661 497 viperino
692 443 819 481 morsu
850 454 964 480 venae
993 440 1176 480 viseerum

430 521 578 559 Vene'no
608 518 771 557 imbutae
802 518 920 555 tells-os
950 515 1146 555 creme'ams
1180 519 1293 556 cient.

96 589 234 649 Itaque
258 593 459 635 exclamat
480 592 670 634 auxilium
697 598 914 647 expetens,
950 591 1047 631 mori
1073 590 1264 646 cupiens:

426 671 540 708 Heu!
580 670 667 721 quz's
695 667 808 706 salsis
827 667 1018 721 fluetibus
1049 668 1200 705 nmndaessc

426 745 492 784 Me
521 759 571 782 es
599 742 768 783 stlblt'mo'
796 743 934 781 vertice
963 741 1054 780 saxi
1071 747 1089 780 ζ’

425 820 506 858 Iam
537 821 611 857 iam
643 819 845 865 ιὶόειιιηόι·,
880 817 1040 872 conficit
1066 816 1231 857 am'mcim

430 896 494 933 Vis
525 896 688 933 volueris
703 925 712 941 ‚
749 894 892 934 Meet-is
923 895 1064 932 adstas.

94 965 263 1009 Difficile
284 967 388 1009 dictu
407 968 587 1020 videtur,
622 982 708 1009 euni
734 982 812 1008 non
835 967 875 1008 in
895 967 998 1008 malo
1026 980 1116 1008 csse
1133 998 1144 1017 ‚
1178 973 1217 1007 et
1239 980 1382 1022 niagno
1410 966 1564 1020 quidem
1583 999 1592 1018 ‚
1628 968 1691 1022 qui

96 1041 152 1083 ita
181 1042 352 1084 clamare
383 1051 564 1099 cogatur.

212 1115 330 1159 VIII.
364 1125 434 1160 20.
470 1116 550 1160 Sed
573 1118 776 1159 videamus
798 1115 1013 1157 Herculem
1038 1115 1191 1172 ipsum,
1227 1115 1290 1170 qni
1317 1122 1395 1155 tum
1423 1115 1558 1156 dolore
1583 1118 1690 1156 sran-

95 1191 285 1247 gebatur,
337 1207 454 1248 quum
476 1193 809 1233 immortalitatem
836 1191 921 1246 ipsa
949 1198 1073 1231 morte
1102 1190 1331 1245 quaerebat.
1399 1188 1508 1243 Quas
1539 1191 1599 1231 hic
1621 1206 1691 1232 vo·
1735 1223 1739 1227 .

97 1280 165 1308 ces
189 1267 287 1324 apud
317 1265 554 1324 Sophoclem
586 1267 624 1308 in
651 1266 877 1307 Trachiniis
903 1266 1006 1306 edit!
1044 1266 1104 1305 cui
1141 1280 1256 1320 quum
1285 1263 1473 1305 Deianira
1499 1266 1692 1320 sanguine

98 1339 289 1384 Centauri
330 1342 491 1384 tinctam
531 1342 703 1384 tunicum
744 1341 962 1392 induisset,
1008 1340 1326 1395 inhaesissetque
1363 1354 1410 1381 ea
1451 1339 1689 1392 visceribus,

97 1417 153 1459 ait
181 1417 274 1459 iliez

240 1497 270 1534 0
299 1494 420 1536 malta
451 1496 554 1533 dictu
582 1494 743 1546 gravia,
773 1508 958 1546 palpessu
990 1492 1142 1545 Aspera,

239 1572 344 1621 Quae
372 1570 534 1622 eo'rpore
563 1565 767 1609 exancla'la
798 1575 911 1622 alque
941 1571 1064 1607 (me‘nm
1091 1568 1267 1620 pr‘rtult'!

237 1647 319 1685 Nec
347 1646 446 1686 mz'lzz'
470 1647 627 1684 Iunonis
659 1647 785 1683 tem-01·
816 1640 1078 1696 implacabiles,

91 1754 312 1788 -vehementer
335 1765 448 1788 secum
471 1760 608 1798 pugnat.
657 1752 792 1785 Etenim
817 1752 873 1797 qui
910 1751 1064 1797 quentius
1084 1751 1147 1783 hac
1161 1755 1328 1782 structura
1349 1755 1428 1792 post
1447 1748 1577 1791 πρέπει,
1600 1751 1691 1784 λυσι-

96 1800 176 1835 alias
198 1801 240 1834 de
259 1801 444 1846 voluptate,
469 1812 533 1844 qua
555 1799 786 1843 perfundatur,
812 1811 872 1831 ex·
909 1801 1019 1836 τελεῖ,
1056 1793 1194 1839 ἄμεινόν
1227 1795 1335 1834 ἐστιν,
1375 1791 1436 1827 ου’γ.
1467 1791 1576 1837 ἀηδές
1606 1794 1692 1840 ἐστι,

97 1847 220 1880 clamat
252 1859 349 1889 quam
381 1857 479 1880 suave
512 1851 555 1879 est
589 1848 668 1878 hoc!
705 1845 874 1889 quomodo
911 1845 1004 1887 φίλον
1036 1842 1130 1881 ἐστί,
1168 1840 1336 1884 συμφέρει
1366 1846 1446 1872 cett.
1472 1841 1556 1873 Plat.
1583 1842 1692 1874 Phae-

95 1892 186 1926 idem
204 1905 292 1927 nunc
307 1893 458 1927 dolorem
475 1892 593 1924 iisdem
614 1892 722 1924 verbis
739 1891 875 1923 afficere
911 1890 989 1921 don.
1015 1901 1048 1932 p.
1068 1886 1140 1921 ll-l.
1162 1889 1208 1919 D:
1246 1887 1344 1920 τοῦτο
1375 1885 1434 1920 καὶ
1466 1886 1602 1928 πρέπειν
1636 1900 1693 1931 μοι

98 1939 240 1984 potest?
300 1940 481 1984 Epicurus,
519 1938 622 1970 homo
659 1936 874 1980 voluptarius,
912 1938 1074 1970 δοκεῐ-
1102 1932 1299 1976 οἰομένῳ
1336 1929 1446 1971 οὕτως
1479 1931 1575 1977 ἔχειν.
1637 1934 1692 1966 Sic

98 1997 118 2018 a
138 1992 173 2019 te
193 1985 318 2030 aliquid
340 1984 498 2030 postulat,
524 1983 614 2027 quod
636 1991 677 2014 ne
699 1983 721 2014 ii
743 1983 876 2026 quidem
910 1981 1030 2023 πρέπει
1062 1992 1118 2022 μοι
1141 1976 1265 2024 οἶγαὲᾠ
1290 1974 1360 2013 ἕντι
1390 1985 1424 2011 et
1447 1975 1570 2022 ἅγαῖὦ
1597 1977 1692 2014 εἶναι.

98 2031 313 2076 philosophi,
341 2031 396 2075 qui
415 2030 595 2062 masculam
613 2041 652 2061 ac
673 2029 798 2061 fortem
819 2039 874 2062 se-

100 2084 246 2122 quuntur
265 2076 477 2109 sententiam.

159 2125 334 2164 sapientiae
345 2126 453 2156 contra
461 2123 610 2154 dolorem.
635 2123 682 2153 Sit
694 2122 783 2162 fortis
793 2118 874 2163 etc.]

99 2168 183 2201 Cum
204 2180 326 2213 magna
345 2168 378 2200 vi
399 2168 602 2200 abstractum
623 2169 794 2208 sapientiae
816 2176 877 2210 pro

100 2217 260 2248 concreto
283 2214 432 2256 dictum,
458 2213 675 2257 praesertim,
702 2224 802 2257 quum
823 2212 877 2244 al—

98 2260 164 2293 teri
184 2260 355 2294 abstracto
379 2260 544 2304 (dolorem)
569 2266 771 2304 opponatur.
823 2259 876 2291 Cf.

98 2307 141 2339 V.
160 2308 199 2346 5,
222 2306 274 2341 13.
297 2313 332 2339 et
355 2308 408 2340 14.

165 2352 217 2388 19.
236 2355 369 2394 Adspice
381 2354 584 2386 Philoctetam
596 2363 700 2396 usque
711 2350 752 2384 ad
766 2351 792 2395 ξ.
803 2350 874 2394 25.]

97 2398 284 2432 Recensitis
307 2398 585 2443 philosophorum
609 2397 795 2437 sententiis,
818 2409 877 2429 se—

99 2452 246 2490 quuntur
261 2449 395 2490 poetae,
421 2444 478 2489 qui
498 2456 567 2477 non
584 2444 693 2477 solum
713 2443 875 2483 homines,

97 2502 215 2524 verum
238 2491 340 2524 etiam
362 2491 444 2524 deos
468 2490 625 2523 dolorum
645 2489 876 2534 magnitudine

99 2536 261 2570 eiulantes
280 2537 459 2571 finxerunt.

166 2583 232 2628 cui]
268 2583 498 2623 Philoctetae,
533 2589 571 2614 ut
604 2582 660 2626 qui
685 2583 789 2615 homo
821 2582 875 2622 sit,

101 2629 321 2662 concedamus
341 2637 378 2663 ut
399 2636 532 2674 gemat3
559 2635 595 2662 at
616 2629 689 2673 ipse
713 2628 875 2661 Hercules

101 2673 181 2708 deus
203 2675 238 2708 in
263 2677 347 2709 Oeta
367 2675 599 2720 magnitudine
623 2676 779 2708 dolorum
803 2674 877 2707 eiu-

100 2717 159 2752 lat.
208 2721 380 2755 Ceterum:
417 2725 468 2756 cui
494 2723 726 2755 concedendum
754 2725 797 2755 est
825 2731 878 2762 98-

101 2768 196 2799 πιοπὲί
214 2773 265 2800 est
287 2779 407 2812 graeca
427 2767 650 2801 constructio:
676 2779 740 2813 pro
760 2776 879 2809 yemere

102 2809 157 2862 V?l
177 2815 212 2844 υἱ
232 2819 346 2855 qemi.
379 2841 386 2845 .
401 2814 564 2858 Exempla
592 2821 670 2847 sunt
699 2813 877 2847 rarissima.

101 2856 159 2888 Slc
179 2857 246 2890 Off.
261 2860 288 2891 1.
303 2859 370 2900 21,
393 2860 456 2895 71:
481 2860 521 2892 iis
544 2860 688 2893 forsitan
705 2861 880 2894 conceden-

104 2902 182 2953 ᾶυζη
199 2905 240 2936 sit
258 2915 328 2938 rem
349 2905 517 2950 publicam
539 2918 608 2939 non
631 2909 878 2948 capessentibus,

105 2957 162 2990 qux
182 2949 359 2984 excellenti
375 2951 511 2995 ingenio
529 2952 704 2985 doctrinae
725 2963 798 2984 sese
817 2951 881 2983 de-

104 2991 272 3027 diderunt.
329 2997 368 3029 In
402 3009 521 3041 graeca
544 2997 658 3041 lingua
692 2997 775 3030 nihil
808 2997 882 3029 fre-

911 2028 951 2087 y.
976 2039 1036 2059 nos
1060 2026 1094 2058 in
1118 2026 1264 2058 Gramm.
1288 2025 1417 2058 Graeca
1437 2017 1596 2071 schol.⁵§.
1612 2026 1690 2066 310,

910 2077 943 2106 4.
958 2073 996 2114 i).

980 2121 1007 2151 E
1027 2117 1182 2162 viperino]
1217 2118 1340 2150 Versus
1373 2124 1450 2149 sunt
1472 2117 1605 2150 iambici
1626 2118 1691 2150 tri-

911 2165 1010 2198 metri
1033 2177 1058 2197 s.
1083 2164 1225 2203 senarii,
1252 2163 1376 2207 sumpti
1399 2176 1439 2196 ex
1461 2164 1553 2197 Accii
1575 2164 1692 2198 Philo-

913 2219 1013 2245 cteta.
1062 2211 1236 2253 Leguntur
1257 2210 1357 2242 etiam
1379 2210 1508 2242 Fin.11.
1523 2209 1587 2249 29,
1612 2210 1667 2244 94.

978 2260 1047 2291 Heu
1065 2256 1148 2300 quis]
1173 2258 1256 2289 Tres
1274 2255 1371 2300 primi
1388 2268 1500 2288 versus
1515 2264 1592 2288 sunt
1611 2268 1690 2289 ana-

911 2303 1050 2349 paestici
1076 2302 1221 2343 dimetri,
1246 2302 1381 2335 ultimus
1404 2314 1485 2335 vero
1508 2314 1620 2334 versus
1639 2310 1690 2335 est

911 2350 1162 2395 paroemhcus,
1204 2349 1259 2393 qui
1292 2349 1380 2381 hauc
1410 2348 1515 2381 habet
1549 2350 1691 2380 formam

912 2417 957 2422 -—-
975 2417 1020 2421 —
1040 2398 1086 2430 κΤυ
1107 2415 1153 2420 --
1173 2411 1219 2428 oo
1237 2414 1284 2419 —
1301 2408 1340 2427 υτ
1367 2406 1434 2439 quo
1458 2406 1555 2427 versu
1578 2401 1691 2438 syste-

911 2451 1002 2476 mata
1024 2442 1237 2486 anapaestica
1258 2440 1343 2473 finiri
1363 2440 1485 2474 solent.
1534 2441 1585 2471 De
1606 2451 1691 2483 pro—-

912 2489 1123 2522 nuntiatione
1152 2487 1308 2520 vocabuli
1332 2490 1476 2530 fluctibus
1496 2487 1554 2530 (=
1577 2485 1692 2517 flucti-

912 2536 981 2579 bu‘)
1005 2548 1038 2568 v.
1064 2535 1107 2568 ad
1130 2536 1154 2567 Ι.
1171 2533 1204 2572 9,
1223 2534 1274 2568 18.

981 2584 1075 2615 salsis
1099 2583 1244 2623 fluctibus
1264 2579 1407 2623 mandet]
1444 2578 1488 2610 H.
1509 2589 1537 2609 e.
1567 2576 1599 2608 in
1621 2576 1691 2608 sal-

912 2640 967 2661 sos
989 2628 1107 2660 fluctus
1135 2627 1251 2670 (mare)
1278 2625 1424 2657 deiiciat.

984 2675 1063 2707 cst.
1078 2674 1168 2705 VIII.
1191 2673 1247 2705 20.
1283 2675 1316 2704 in
1340 2670 1529 2711 Trachiniis]
1557 2680 1587 2700 v.
1605 2665 1693 2703 1048

912 2732 987 2766 sqq.
1022 2719 1076 2753 ed.
1108 2718 1252 2762 Weigel.
1281 2716 1365 2750 1035
1388 2726 1459 2758 sqq,
1495 2714 1547 2745 ed.
1574 2714 1690 2746 Herm.

981 2768 1109 2800 Iunonis
1122 2769 1220 2797 terror
1232 2760 1457 2804 implacabilis]
1481 2759 1693 2793 Adiectivum

913 2813 1128 2854 implacabilis
1144 2809 1236 2852 iungi
1255 2806 1362 2852 possit
1383 2817 1456 2838 cum
1474 2808 1612 2848 lunonis,
1631 2807 1692 2839 sed

913 2858 1018 2903 magis
1041 2856 1176 2902 poetice
1200 2861 1234 2887 et
1259 2852 1419 2896 exquisite
1440 2851 1589 2896 iungitur
1618 2865 1692 2886 cum

915 2910 1035 2945 terror,
1069 2902 1118 2934 uti
1142 2900 1255 2945 paullo
1287 2904 1367 2942 post
1385 2899 1552 2940 biformato
1574 2901 1693 2941 impetu

918 2953 1113 2989 Centaurus3
1138 2945 1222 2985 c.9‚
1247 2944 1311 2978 21:
1336 2943 1405 2976 vim
1429 2956 1599 2978 coruscam
1619 2945 1693 2978 ful-

916 2996 1024 3028 minis.
1072 2991 1282 3025 Vocabulum
1301 2994 1444 3033 tantum,
1469 2991 1559 3036 quod
1577 2992 1614 3024 in
1635 3004 1694 3024 sc-
