1843 3085
174 92 253 136 116
751 85 1157 130 L13ER1.44‚107.

174 184 369 233 inferant,
411 177 692 224 concinuntur,
740 170 891 212 difficile
923 175 1009 219 est,
1048 180 1127 207 non
1164 177 1258 216 e05,
1304 161 1370 218 qui
1405 160 1595 203 inhumati
1627 165 1735 211 sunt,

175 257 340 298 miseros
366 250 576 302 iudicare.)

587 345 644 352 —
727 342 784 349 —-
867 339 924 346 --
1008 338 1062 345 -
1141 315 1254 364 prius

589 390 705 446 Quam
723 394 861 447 serae,
895 390 1135 440 volucresque
1168 415 1176 423 .
1214 413 1223 423 .
1262 412 1271 422 .

181 474 368 529 (Metuit,
401 485 450 513 ne
469 468 652 511 laceratis
672 464 855 507 membris
873 462 1002 504 minus
1022 461 1122 502 bene
1140 464 1296 507 utatur3
1332 467 1382 496 ne
1402 452 1614 494 combustis
1627 484 1638 504 ,
1664 465 1744 492 non

181 545 439 598 extimescit.)

384 617 490 658 *Noti
520 618 700 668 reliquias
729 613 784 652 sic
813 625 912 651 meas
941 612 1031 648 siris
1061 607 1257 646 denudatis
1287 603 1432 643 assibus

382 693 518 731 *Ten—a
547 693 652 729 sanie
680 689 863 727 delibutas
885 686 1001 738 foede
1030 680 1257 720 divexa'rz'er.

186 774 281 810 107.
314 764 409 807 Non
437 764 635 817 intelligo,
680 761 768 815 quid
791 763 964 807 metuat,
1006 768 1119 809 quum
1148 760 1222 792 tam
1247 750 1371 790 bonos
1398 745 1639 803 septenarios
1662 746 1749 786 fun-

185 843 249 882 dat
273 839 320 879 ad
344 838 491 879 tibiam.
554 835 784 876 Tenendum
814 838 874 872 est
896 829 1034 884 igitur,
1068 826 1162 867 nihil
1189 823 1401 864 curandum
1429 834 1516 861 esse
1537 826 1626 875 post
1647 832 1751 859 mor-

185 923 288 964 tem,
334 927 450 967 quum
482 910 591 952 multi
622 907 800 949 inimicos
830 904 946 944 etiam
983 907 1158 941 mortuos
1195 896 1444 951 poeniuntur.
1505 892 1753 934 Exsecratur

187 986 391 1029 luculentis
415 997 510 1025 sane
534 981 716 1023 versibus
739 978 838 1033 apud
858 974 1029 1015 Ennium
1041 971 1240 1026 Thyestes
1258 1000 1268 1020 ,
1302 968 1466 1023 primum
1488 972 1531 1006 ut
1549 964 1753 1019 naufragio

188 1066 323 1115 pereat
353 1057 528 1105 Atreus3
571 1055 708 1094 durum
743 1051 816 1091 hoc
845 1061 966 1099 sane,
1011 1045 1097 1087 talis
1130 1044 1232 1085 enim
1261 1041 1443 1083 interitus
1473 1054 1553 1082 non
1580 1046 1640 1081 est
1670 1038 1756 1080 sine

191 1133 300 1188 gravi
314 1145 451 1199 'sensu
467 1147 476 1181 ς
511 1129 575 1169 illa
605 1125 736 1168 inania
752 1141 762 1165 ε

308 1209 388 1258 Ipse
418 1205 569 1243 summis
598 1201 704 1240 saxis
723 1200 837 1251 fixus
866 1197 1009 1248 asperis
1023 1224 1034 1242 ,
1069 1192 1309 1236 evisceratus,

305 1279 441 1318 Latere
459 1278 647 1328 pendens,
681 1268 775 1311 sfixa
798 1282 982 1321 spargens
1009 1262 1092 1305 ta'bo
1108 1295 1117 1312 ‚
1151 1267 1255 1303 sanie
1278 1269 1318 1301 et
1335 1257 1520 1312 sanguine
1543 1265 1641 1297 atro.

193 1352 287 1394 Non
318 1351 403 1406 ipsa
437 1362 536 1389 saxa
564 1345 685 1400 magis
722 1357 842 1385 sensu
872 1340 976 1381 omni
999 1337 1217 1388 vacabunt,
1259 1348 1371 1389 quam
1403 1333 1467 1373 ille
1497 1332 1636 1372 latere
1658 1341 1760 1384 pen-

195 1427 326 1475 dens,
367 1423 430 1464 cui
467 1435 510 1462 se
541 1420 602 1460 hic
623 1417 834 1459 cruciatum
863 1420 998 1455 censet
1025 1418 1175 1465 optare.

858 1486 958 1529 Illud
982 1498 1077 1526 vero
1104 1495 1287 1539 perquam
1306 1480 1423 1521 inane
1442 1496 1453 1520 ι

199 1496 389 1540 sentiret!
425 1495 526 1536 nulla
553 1494 638 1534 sine
663 1504 798 1532 sensu.

1238 1407 1367 1461 Quam
1397 1411 1532 1447 essent
1558 1403 1679 1455 dura,
1726 1402 1762 1443 si

314 1573 441 1638 Ᾱῖέᾳιιε
468 1570 692 1620 sepulerum,
727 1565 805 1617 quo'
831 1564 1011 1614 recipiat,
1046 1558 1200 1603 lztibeat,
1228 1562 1380 1607 portum
1409 1553 1596 1604 cdrporzis,

319 1645 410 1692 Ubi,
444 1644 599 1682 remissa
629 1638 792 1679 Ιιῑιηιάηα
822 1639 921 1683 vita,
955 1634 1093 1684 co'rpus
1122 1627 1336 1682 requiescat
1361 1628 1484 1666 malis.

206 1758 360 1785 uiatores.
397 1749 451 1781 Sic
469 1749 510 1780 de
525 1749 614 1779 Orat.
627 1747 684 1777 ΙΙΙ.
700 1744 755 1783 50,
779 1741 860 1776 195:
883 1742 969 1773 thea-

206 1805 257 1831 tra
291 1803 365 1829 tota
398 1795 587 1826 reclamant.

277 1845 340 1875 Neu
361 1839 522 1882 reliquias]
549 1840 631 1869 Sunt
652 1845 764 1867 versus
785 1829 971 1864 tetrametri

209 1886 370 1919 trochaici
392 1883 593 1918 catalectici.
628 1893 646 1912 a
671 1880 829 1911 Cicerone
860 1874 971 1918 paullo

211 1939 288 1976 post
308 1932 474 1971 septenarii
496 1925 674 1971 appellati,
708 1923 838 1956 ratione
861 1920 974 1953 habita

214 1976 339 2008 numeri
368 1974 570 2015 singulorum
601 1970 742 2014 pedum:
783 1978 863 2010 quos
896 1977 974 1997 ver-

215 2033 285 2059 sus,
311 2020 400 2062 prius
418 2017 589 2059 insigniter
610 2020 782 2057 corruptos
804 2018 837 2043 et
857 2010 972 2043 detur-

219 2073 326 2109 patos,
348 2064 430 2095 miro
449 2061 572 2103 ingenii
590 2059 738 2091 acumine
758 2057 800 2088 ad
823 2066 975 2088 numeros

217 2122 292 2142 suos
317 2107 446 2150 redegit
468 2108 631 2139 Bentleins.
678 2102 866 2144 Legebantur
890 2099 976 2132 enim

220 2153 378 2188 absurde:

264 2202 332 2232 Heu
349 2199 509 2237 relliquias
529 2195 669 2227 semiassi
689 2194 790 2233 regis,
813 2191 979 2222 denudatis

803 2237 932 2273 ossibus,

266 2291 326 2322 Per
347 2292 461 2320 terram
488 2287 574 2317 sanie
597 2285 749 2315 delibutas
778 2282 863 2321 foede
894 2281 980 2310 dive-

803 2327 920 2357 murier.

223 2377 404 2423 sagacioris
424 2374 544 2407 indolis
568 2371 794 2404 adolescentes
815 2369 981 2411 vulgatam

223 2424 401 2458 lectionem
423 2431 496 2452 cum
519 2417 649 2460 egregia
669 2428 707 2447 ac
731 2415 829 2457 plane
852 2413 981 2456 palma-

223 2471 271 2503 n'a
291 2468 418 2502 Bentleii
437 2462 666 2496 emendatione
694 2460 813 2491 iterum
842 2458 981 2489 iterum-

225 2526 288 2559 que
306 2516 498 2554 comparent
509 2515 542 2539 et
557 2505 739 2548 exemplum
751 2503 827 2534 inde
841 2509 980 2541 sumant,

224 2572 288 2604 qua
303 2559 354 2589 via
370 2553 616 2599 ingrediendum
631 2551 674 2582 sit
689 2549 722 2580 in
741 2554 888 2579 veterum
902 2546 981 2578 scri—

223 2612 358 2649 ptorum
380 2600 461 2633 locis
483 2596 643 2640 corruptis
666 2593 708 2626 ad
728 2592 902 2624 sanitatem
925 2602 981 2621 re—

224 2647 410 2680 stituendis.
447 2645 599 2676 Ceterum
617 2649 703 2672 meas
721 2635 982 2679 monosyllabum

226 2701 287 2726 est.

292 2736 377 2780 siris]
402 2737 538 2777 Semper
559 2737 686 2763 veteres
715 2726 890 2769 scriptores
922 2723 983 2755 hac

225 2788 395 2815 contracta
420 2777 561 2823 perfecti
594 2776 700 2808 forma
733 2771 781 2803 usi
810 2769 981 2804 videntum

224 2827 305 2859 item
332 2836 462 2867 semper
489 2825 575 2862 sisti,
596 2823 695 2859 sistis,
719 2820 842 2855 sissem‚
866 2815 983 2851 desisti,

223 2872 361 2911 desistis,
384 2871 548 2908 desissem,
570 2868 682 2898 desisse
699 2862 822 2894 dictum
840 2858 980 2890 videtur.

227 2914 276 2945 Cf.
293 2926 351 2946 uos
365 2914 399 2945 in
414 2914 472 2945 Gr.
487 2913 525 2943 L.
543 2914 571 2955 ᾗ.
585 2912 639 2949 52,
663 2910 691 2942 l.
706 2907 740 2948 bl,
761 2918 794 2949 p.
809 2905 863 2938 71.
884 2903 935 2934 ed.
948 2903 980 2934 ⁴2.

292 2957 363 2992 107.
396 2967 458 2990 non
472 2958 619 2997 intelligo,
642 2955 718 2995 quid
732 2950 861 2991 metuat]
889 2950 980 2988 Quae

1001 1735 1208 1782 parenthesis
1229 1733 1329 1777 signis
1362 1738 1396 1765 et
1410 1731 1469 1764 «hic
1489 1736 1524 1762 et
1547 1728 1660 1773 paullo
1683 1733 1764 1761 ante

644 1789 736 1823 Infra
759 1790 800 1820 ΙΙ.
824 1786 886 1826 26,
914 1783 968 1819 64.
1002 1783 1128 1816 inclusa
1147 1787 1223 1813 sunt
1244 1779 1355 1816 verba,
1380 1777 1480 1809 salsas
1503 1775 1767 1818 complectuntur

1004 1825 1312 1862 animadversiones,
1337 1822 1452 1866 quibus
1473 1832 1521 1858 ea,
1545 1821 1770 1864 quaeepoe'ta

1007 1878 1257 1917 expromuntur,
1282 1866 1476 1912 perstrinxit
1505 1865 1630 1897 Cicero.

1072 1915 1272 1959 poeniuntur]
1297 1913 1351 1945 Sic
1371 1911 1485 1943 Cicero
1503 1910 1576 1953 plus
1593 1908 1692 1941 semel
1708 1918 1770 1949 pu-

1006 1966 1068 1996 niri
1091 1958 1386 2005 deponentialiter,
1412 1963 1448 1988 ut
1469 1955 1579 1996 aiunt,
1605 1953 1707 1993 dixit,
1733 1958 1771 1984 ut

1010 2008 1080 2040 Mil.
1098 2008 1158 2046 13,
1182 2005 1245 2038 33:
1283 2002 1372 2036 cuius
1393 2007 1428 2033 tu
1448 1999 1704 2032 inimicissimum
1727 2015 1772 2022 —-

1008 2055 1135 2094 punitus
1157 2061 1197 2083 es.
1245 2048 1328 2081 Phil.
1342 2047 1385 2089 8,
1409 2046 1449 2078 2:
1474 2052 1509 2077 ut
1528 2047 1691 2085 puniretur
1709 2053 1770 2074 ne-

1012 2109 1093 2130 cem.
1128 2096 1179 2127 Cf.
1197 2096 1332 2127 Kt‘thner.
1347 2093 1385 2124 L.
1399 2091 1455 2123 Gr.
1470 2091 1499 2133 (3.
1510 2088 1564 2123 62.
1577 2089 1658 2121 Not.
1673 2099 1705 2131 p.
1716 2086 1771 2121 91.

1011 2143 1062 2174 ed.
1075 2144 1106 2174 2.
1142 2139 1358 2172 Indicativum
1376 2138 1562 2177 poeniuntur
1580 2135 1711 2168 Orellius
1727 2131 1774 2164 ita

1012 2186 1171 2229 explicat:
1206 2185 1335 2224 ‚‚Tum,
1360 2193 1458 2225 quum
1477 2179 1587 2218 vides,
1611 2177 1772 2210 ultionem

1011 2231 1132 2263 multos
1155 2239 1307 2261 exercere
1328 2227 1361 2258 in
1383 2225 1534 2257 inimicos
1556 2223 1657 2255 etiam
1679 2233 1774 2254 mor-

1013 2284 1098 2312 tuOS,
1122 2282 1158 2306 tu
1179 2273 1213 2305 id
1234 2283 1346 2305 curare
1363 2270 1444 2308 noli,
1469 2274 1525 2300 aut
1544 2266 1774 2307 reformidare,

1013 2333 1055 2353 ne
1085 2319 1173 2351 idem
1205 2318 1239 2349 in
1270 2323 1305 2349 te
1327 2313 1503 2358 aliquando
1533 2313 1676 2345 fortasse
1697 2312 1775 2349 fiat3

1012 2367 1113 2397 immo
1135 2373 1323 2407 persuasum
1341 2360 1402 2392 tibi
1428 2358 1507 2399 sit„
1525 2357 1573 2390 nil
1598 2356 1776 2389 curandum

1019 2422 1088 2443 esse
1111 2415 1188 2452 post
1210 2406 1386 2439 mortem.“

1083 2453 1164 2497 lpse]
1188 2455 1271 2484 Sunt
1289 2448 1449 2483 trochaici
1465 2445 1630 2480 octonarii
1644 2445 1717 2487 vel,
1741 2451 1779 2478 ut

1018 2499 1137 2531 Graeci
1147 2497 1327 2541 appellant,
1339 2493 1499 2528 trochaici
1509 2491 1694 2525 tetrametri
1704 2501 1778 2523 aca-

1015 2543 1141 2575 talecti.

1083 2590 1186 2628 Quam
1206 2589 1301 2618 essent
1320 2585 1403 2615 dura
1417 2601 1462 2607 —
1476 2584 1565 2614 nulla
1585 2584 1651 2614 sine
1671 2579 1776 2623 sensu]

1015 2633 1058 2664 H.
1090 2644 1119 2664 e.
1154 2632 1255 2668 haec,
1291 2639 1373 2671 quae
1403 2633 1659 2659 commemorata
1688 2630 1775 2663 sunt,

1016 2688 1113 2720 quam
1133 2681 1242 2707 essent
1264 2673 1365 2710 dura,
1399 2670 1427 2703 si
1448 2670 1604 2709 sentiret;
1629 2676 1665 2701 at
1688 2669 1778 2701 nulla

1016 2728 1112 2757 sunt,
1137 2731 1164 2750 st
1187 2729 1253 2750 non
1276 2723 1387 2748 sentit.

1083 2767 1183 2805 Neque
1201 2763 1391 2802 sepulcrum]
1422 2761 1506 2791 Sunt
1524 2758 1623 2791 etiam
1649 2757 1685 2790 hi
1703 2764 1778 2790 tro-

1017 2809 1120 2843 chaici
1144 2806 1304 2841 octonarii
1326 2803 1517 2837 catalectici.

1075 2864 1134 2895 quo
1146 2851 1288 2894 recipiat]
1306 2850 1360 2882 Sic
1375 2848 1496 2881 dicitur
1507 2852 1621 2881 vertere
1633 2858 1696 2892 pro
1709 2856 1778 2880 ver-

1014 2903 1047 2940 li,
1065 2903 1186 2931 mutare
1205 2907 1264 2940 pro
1283 2897 1410 2934 mutari,
1432 2893 1584 2936 στρέφειν
1601 2904 1664 2936 pro
1685 2889 1779 2935 στρέ-
1796 2904 1801 2932 g
1842 2909 1843 2912 ¹

1014 2945 1151 2988 φεσῇαι.
1200 2942 1252 2974 Cf.
1287 2951 1348 2972 nos
1383 2939 1418 2971 in
1447 2938 1505 2971 Gr.
1529 2939 1569 2970 L.
1597 2937 1728 2983 §.105‚
1754 2933 1801 2970 2.·
