1811 3053
168 41 219 81 10
772 47 1120 81 PROLEGOMENA.

161 143 267 168 mum
289 136 443 182 tempus
462 136 520 168 est
541 137 633 182 post
651 135 836 177 mortem,
864 128 906 166 in
929 142 1028 179 quo,
1057 131 1118 167 uti
1141 131 1290 168 dictum
1314 138 1389 180 est,
1417 131 1511 169 mali
1529 131 1632 169 nihil
1650 139 1721 170 est.

160 199 218 236 Ita
238 212 287 236 ne
307 199 555 236 moriendum
578 197 733 248 quidem
755 209 835 234 esse
852 197 996 235 malum
1017 204 1091 248 est;
1120 198 1162 236 id
1183 205 1241 236 est
1265 199 1379 249 enim,
1408 199 1720 251 perveniendum

160 279 240 304 esse
268 266 318 304 ad
347 267 407 315 id,
439 266 548 317 quod
577 279 659 304 non
688 271 747 303 est
774 264 932 303 malum.
963 279 996 304 c.
1013 268 1054 304 8.
1099 265 1171 318 (Cf.
1198 281 1231 304 c.
1251 265 1336 320 54.)

271 335 371 372 Tum
401 334 580 382 docetur,

272 406 312 441 2.
373 403 544 440 stlortem
562 416 641 439 non
663 401 780 440 modo
799 402 958 439 malum
978 416 1058 439 non
1076 417 1158 439 esse
1169 429 1183 447 ,
1215 402 1289 440 sed
1306 401 1454 440 bonum
1474 404 1599 440 etiam
1621 416 1717 440 esse.

271 474 309 518 a)
338 470 514 508 Primum
538 469 767 520 quaeritur,
797 469 894 520 quid
914 469 966 507 sit
981 483 1086 508 mors
1109 469 1207 520 ipsa.
1265 470 1342 507 Alii
1363 469 1573 508 discessum
1597 469 1718 507 animi

157 553 180 576 a
210 551 380 589 corpore
408 544 555 589 putant
583 551 662 576 esse
690 544 873 587 mortem;
912 538 981 574 alii
1010 537 1163 574 nullum
1194 544 1352 575 censent
1379 537 1468 575 fieri
1496 537 1719 585 discessum,

156 606 224 643 sed
245 620 325 643 una
344 606 515 643 animum
538 612 577 643 et
597 619 743 657 corpus
766 605 954 654 occidere,
985 605 1234 656 animumque
1257 606 1299 643 in
1321 619 1491 657 corpore
1509 604 1720 655 exstingui.

158 674 239 721 Qui
263 674 461 712 discedere
490 674 663 711 animum
687 680 865 722 censent,
896 673 963 711 alii
990 673 1121 711 statim
1143 673 1347 725 dissipari,
1377 673 1445 711 alii
1464 673 1534 711 diu
1557 686 1717 724 perma—

155 755 261 791 nere,
291 742 359 780 alii
378 755 543 793 semper.
563 762 618 768 —
658 742 783 779 Porro
807 742 1026 792 quaeritur,
1058 742 1153 792 quid
1174 742 1226 779 sit
1241 742 1325 793 ipse
1351 742 1517 779 animus.
1539 760 1596 768 —-
1633 740 1717 778 Va-

153 810 236 848 riae
255 809 590 862 philosophorum
612 810 659 847 de
678 809 798 846 animi
817 816 961 847 natura
983 811 1208 858 sententiae,
1240 823 1349 860 quae,
1380 816 1427 847 ut
1446 809 1551 846 inter
1573 821 1612 846 se
1632 807 1715 845 dif-

153 879 304 926 ferant,
343 878 386 915 in
418 878 515 915 duas
544 884 674 928 partes
701 877 827 914 dividi
858 884 1038 928 possunt.
1095 878 1171 915 Alii
1201 877 1304 915 enim
1336 883 1514 926 censent,
1543 875 1716 913 animum

154 959 234 984 esse
262 946 486 994 materiam,
518 946 581 982 alii
612 945 811 982 diversum
841 945 1027 994 quiddam
1058 959 1079 982 a
1110 959 1291 996 corpore.
1322 959 1355 982 c.
1373 948 1546 984 9—11.

265 1012 307 1064 b)
341 1014 609 1062 Quaecunque
631 1018 760 1049 autem
783 1025 918 1048 earum
938 1013 1223 1049 sententiarum
1243 1026 1339 1050 vera
1361 1018 1437 1061 est,
1465 1012 1544 1050 hoc
1565 1016 1716 1049 certum

152 1087 223 1130 est,
252 1089 419 1118 mortem
443 1088 517 1117 aut
539 1081 695 1116 malum
716 1094 795 1116 non
817 1094 913 1123 esse,
946 1088 1018 1117 αιιι
1037 1080 1184 1117 bonam
1199 1082 1352 1131 potius.
1392 1080 1489 1118 Nam
1514 1080 1554 1132 α)
1577 1078 1610 1116 si
1629 1084 1714 1116 sta-

150 1149 321 1196 tuimus,
355 1148 528 1186 animum
550 1161 628 1185 esse
645 1146 846 1184 materiam
865 1153 904 1184 et
931 1161 1018 1185 cum
1046 1161 1215 1199 corpore
1238 1147 1424 1196 interire,
1453 1147 1606 1198 pariter
1626 1159 1715 1184 cum

151 1220 236 1256 vita
256 1229 390 1254 sensus
408 1215 608 1253 amittitur
616 1230 626 1265 3
651 1215 720 1265 qui
739 1221 868 1252 autem
887 1215 1011 1252 omnis
1033 1228 1168 1253 sensus
1189 1229 1330 1267 expers
1349 1221 1417 1264 est,
1446 1215 1479 1252 is
1500 1214 1617 1252 miser
1635 1212 1712 1251 dici

151 1299 233 1323 non
256 1290 408 1336 potest,
439 1297 530 1334 ergo
555 1296 661 1319 mors
689 1297 771 1320 non
801 1289 860 1320 est
891 1283 1047 1320 malum.
1104 1281 1146 1336 β)
1175 1283 1216 1320 Si
1240 1297 1334 1321 vero
1362 1282 1591 1331 statuimus,
1621 1281 1712 1319 ani—

151 1366 258 1391 mum
284 1351 483 1390 diversum
510 1350 696 1402 quiddam
721 1363 801 1388 esse
832 1365 853 1387 a
880 1364 1050 1401 corpore
1080 1357 1119 1389 et
1141 1357 1233 1402 post
1256 1357 1422 1389 mortem
1452 1363 1607 1388 manere
1628 1349 1712 1387 sive

151 1420 410 1458 immortalem
432 1432 533 1467 esse,
563 1431 723 1470 sperare
748 1419 860 1467 licet,
890 1419 1059 1467 animos,
1090 1432 1209 1470 quum
1231 1433 1250 1457 e
1270 1432 1440 1470 corpore
1462 1417 1711 1466 excesserint,

149 1489 192 1526 in
220 1488 417 1526 meliorem
448 1486 740 1536 beatioremque
765 1500 879 1537 posse
911 1487 1122 1538 pervenire
1146 1493 1303 1524 statum.
1363 1486 1482 1534 Quod
1503 1486 1537 1524 si
1560 1486 1616 1524 ita
1642 1492 1711 1535 est,

150 1557 345 1608 sequitur,
366 1563 533 1592 mortem
549 1569 629 1591 non
647 1554 763 1591 modo
783 1555 939 1591 malam
956 1570 1034 1592 non
1055 1570 1151 1598 exse,
1172 1555 1244 1592 secl
1260 1555 1405 1592 bonum
1424 1557 1549 1592 etiam
1563 1570 1645 1592 esse
1658 1553 1712 1606 ι).

150 1640 185 1663 c.
202 1628 267 1663 11.
290 1645 347 1652 --
394 1624 472 1661 Iam
498 1628 725 1673 argumenta
755 1622 997 1671 afferuntur,
1029 1623 1171 1673 quibus
1202 1623 1519 1671 demonstretur,
1548 1625 1711 1660 animo-s

153 1708 236 1731 esse
264 1692 530 1730 immortales.

265 1758 324 1811 (1)
355 1758 618 1810 Argumenta
649 1772 752 1809 quae
782 1757 974 1795 dicantur
1000 1758 1213 1795 historica.
1282 1758 1590 1797 Immortalitatis
1616 1759 1708 1810 opi-

150 1829 309 1866 nionem
337 1826 564 1864 hominibus
590 1831 736 1863 natura
758 1825 933 1862 innatam
956 1839 1056 1875 esse,
1096 1823 1138 1880 α)
1161 1826 1331 1877 primum
1352 1826 1610 1864 confirmatur
1631 1841 1710 1864 αιι-

151 1897 341 1933 ιίονίθαιε
364 1896 497 1931 omnis
518 1895 808 1944 antiquitatis:
837 1907 935 1944 quae
958 1907 1037 1944 quo
1056 1894 1224 1945 propius
1244 1895 1379 1932 aberat
1400 1895 1448 1932 ab
1472 1901 1567 1933 ortu
1588 1901 1626 1932 et
1644 1894 1710 1932 di·-

153 1964 249 2003 vina
276 1961 486 2014 progenie,
517 1961 596 1998 hoc
620 1961 755 1998 melius
781 1975 825 1998 ea
852 1962 1041 2010 fortasse,
1073 1975 1172 2012 quae
1206 1969 1320 2000 erant
1352 1976 1470 2011 vera,
1512 1963 1711 2001 cernebat.

150 2030 438 2081 Antiquitatem
467 2035 597 2066 autem
620 2028 696 2065 hac
717 2029 935 2066 animorum
968 2030 1270 2068 immortalitatis
1305 2030 1492 2082 opinione
1522 2030 1712 2068 imbutam

151 2100 292 2147 fuisse,
338 2111 460 2148 quum
489 2096 621 2133 multis
651 2096 736 2133 aliis
775 2097 911 2144 rebuS,
950 2103 1033 2134 tum
1065 2114 1083 2134 e
1114 2100 1391 2148 sepulcrorum,
1434 2101 1710 2144 caerimoniis,

153 2182 250 2219 quas
273 2180 420 2204 summa
444 2178 539 2202 cura
563 2164 699 2211 coluit,
730 2170 768 2200 et
792 2177 810 2200 e
832 2177 940 2200 more
965 2165 1091 2201 claros
1114 2165 1223 2202 viros
1247 2172 1287 2203 et
1303 2166 1464 2204 feminas
1482 2166 1523 2204 in
1546 2167 1710 2205 deorum

150 2247 356 2274 numerum
387 2231 650 2270 transferendi
679 2230 892 2281 intelligere
918 2231 1019 2268 licet.
1044 2236 1224 2269 c.12.—-
1254 2231 1295 2284 β)
1316 2239 1400 2269 tum
1424 2248 1618 2270 consensa
1631 2249 1711 2284 po-

148 2305 340 2356 pulorum
370 2303 550 2338 omnium
579 2300 627 2337 de
657 2300 875 2336 animorum
904 2299 1217 2336 immortalitate:
1259 2300 1365 2337 unde
1394 2306 1580 2351 apparet,
1609 2299 1713 2338 hanc

150 2370 377 2424 opinionem
401 2382 482 2406 non
512 2367 775 2405 collocutione
799 2373 868 2403 aut
895 2367 1157 2404 conventione
1182 2367 1387 2404 hominum
1416 2368 1607 2416 effectam,
1637 2382 1710 2406 ne-

152 2453 229 2490 que
249 2437 442 2476 institutis
464 2442 532 2473 aut
555 2435 703 2486 legibus
722 2434 989 2472 confirmatam
1011 2448 1106 2483 esse,
1137 2435 1204 2472 sed
1222 2441 1365 2472 natura
1393 2435 1573 2474 omnibus
1589 2436 1708 2474 inna-

154 2513 246 2544 tam.
277 2521 310 2544 c.
326 2509 376 2544 15
395 2525 451 2532 —-
489 2502 526 2555 y)
549 2503 718 2553 denique
739 2517 805 2551 e0,
836 2502 944 2553 quod
969 2503 1155 2539 omnibus
1180 2517 1279 2539 cara
1302 2505 1450 2540 innata
1479 2511 1539 2541 est
1558 2519 1708 2549 eorum,

155 2588 257 2624 quae
274 2581 368 2625 post
386 2579 550 2610 mortem
559 2574 717 2621 jaim-(c
735 2573 829 2607 sint.
888 2569 1071 2608 Inhaeret
1092 2569 1193 2607 enim
1214 2570 1255 2607 in
1276 2571 1473 2609 mentibus
1495 2572 1605 2622 quasi
1621 2585 1708 2609 sae-

157 2641 338 2678 culorum
359 2640 558 2692 quoddam
583 2638 790 2690 augurium
823 2638 1074 2684 futurorum,
1115 2638 1234 2688 idque
1260 2638 1302 2675 in
1336 2638 1514 2676 maximis
1546 2639 1710 2690 ingeniis

156 2707 426 2758 altissimisque
444 2707 582 2746 animis
602 2713 640 2745 et
661 2706 815 2744 exsistit
835 2706 1010 2754 maxime,
1040 2712 1080 2743 et
1102 2712 1268 2757 apparet
1289 2705 1488 2744 facillime:
1518 2719 1597 2757 quo
1617 2706 1709 2757 qui-

158 2774 243 2810 dem
266 2774 442 2825 dempto,
472 2776 562 2827 quis
589 2782 668 2813 tam
689 2780 786 2812 esset
813 2787 964 2823 amens,
996 2773 1066 2824 qui
1097 2786 1246 2825 semper
1273 2772 1316 2811 in
1345 2773 1548 2812 laboribus
1571 2780 1610 2812 et
1636 2787 1708 2826 pe-

159 2840 292 2879 riculis
321 2842 487 2880 viveret.
516 2858 549 2882 c.
570 2847 634 2884 14.
657 2847 722 2883 15.

253 2928 283 2960 Γ·
309 2930 349 2960 Υ.
376 2940 434 2960 nos
461 2929 491 2960 in
515 2930 599 2963 libro
623 2932 714 2963 dieto
736 2933 773 2963 de
799 2933 951 2964 Ciceronis
975 2932 1006 2961 in
1027 2932 1138 2970 philos.
1161 2941 1234 2962 mer.
1259 2943 1292 2974 p.
1313 2929 1381 2963 ‘218
1395 2942 1443 2974 sq.
1468 2928 1516 2972 7).
