1859 3149
521 383 762 435 INDEX
809 379 1314 432 HISTORICUS.

423 544 514 574 Prior
531 552 677 574 numerus
695 544 807 573 librum
819 565 828 578 ‚
855 541 1011 580 posterior
1029 538 1259 578 paragraphum
1278 536 1403 567 indicat.

114 766 290 800 Audendo
323 765 389 800 fluit
426 777 490 812 pro
517 766 566 800 rie
603 766 824 813 Gymnasium
863 766 897 799 in

159 812 369 847 Athenarum
386 813 490 847 subur
514 813 559 846 io.
585 814 619 853 5,
638 815 694 849 91.
731 813 781 847 lbi
801 812 898 846 Plato

154 858 312 893 scholam
344 859 527 898 excitavit.
565 872 651 906 quae
684 872 723 893 ex
753 871 795 892 eo
820 859 899 893 loco

159 904 343 940 Academia
366 905 457 940 dicta
478 914 541 939 est.
561 909 604 945 2,
626 907 659 940 4.
684 908 717 941 9.
741 906 774 946 3,
795 906 847 940 12.
865 907 898 945 5,

158 951 216 987 82-
258 952 434 998 Significat
465 953 584 986 eadem
618 964 685 986 vox
720 952 833 986 locum
864 951 899 985 iu

159 999 354 1034 'rusmlano
374 999 568 1041 Ciceronis,
592 1000 626 1033 in
675 1011 718 1032 uo
741 999 898 1044 disputa-

162 1043 262 1079 batur
284 1045 328 1079 de
350 1045 578 1092 philosophia.
599 1047 634 1087 2,
650 1011 688 1080 Z.
708 1044 752 1087 3,
775 1045 808 1081 7.

115 1093 298 1126 Academici
318 1093 432 1127 vocati
449 1100 528 1126 suut
548 1092 742 1138 philosophi
763 1091 900 1125 scholae

160 1137 397 1180 academicae.
430 1139 522 1173 cuius
547 1147 667 1173 auctor
693 1146 766 1172 erat
793 1139 899 1172 Plato.

161 1184 209 1218 ni
231 1192 310 1218 suut
330 1187 512 1220 Academici
531 1191 648 1220 veteres
669 1186 704 1230 (5
718 1211 728 1225 ,
748 1187 820 1226 δέ.)
837 1198 844 1217 z
881 1197 900 1218 a

161 1230 282 1277 quibus
305 1231 534 1277 distinguendi
554 1234 832 1267 suntAcudemici
853 1243 904 1265 re-

162 1281 337 1321 centiores,
359 1290 501 1324 quorum
527 1286 648 1312 auctor
669 1286 743 1312 erat
764 1280 902 1311 Arcesi-

162 1323 234 1366 las,
270 1324 326 1370 qui
362 1325 446 1359 nihil
480 1337 552 1359 ense
589 1324 694 1363 certi,
730 1324 820 1370 quod
844 1332 902 1357 aut

161 1370 314 1405 sensibus
335 1379 394 1406 aut
415 1371 548 1406 ratione
565 1371 693 1417 percipi
733 1378 836 1410 osset,
858 1371 902 1404 ob

163 1429 307 1463 eamque
335 1430 408 1452 rem
429 1418 473 1452 de
499 1418 655 1452 omnibus
676 1430 712 1451 re
739 1431 776 1451 us
799 1417 902 1451 dubi-

162 1463 306 1498 tandum
339 1476 412 1498 esse
434 1464 641 1499 statuebant.
666 1463 700 1506 4,
723 1464 758 1499 6.
781 1464 836 1499 ⁴7.
868 1465 903 1505 ⁵,

160 1509 220 1546 30.
245 1510 301 1546 75.
326 1510 383 1546 83.
407 1512 463 1546 55.

118 1558 303 1592 Academia·
325 1556 415 1591 libri.
439 1558 483 1599 2,
507 1554 541 1591 4.

116 1605 249 1646 Accius,
274 1604 334 1646 L.‚
368 1603 454 1638 filius
476 1603 647 1644 libertini,
672 1603 904 1637 Romanorum

161 1654 267 1696 poeta
281 1650 440 1696 tragicus,
465 1657 563 1684 natus
585 1650 661 1685 172.
680 1662 709 1683 a.
725 1650 803 1683 Chr.
837 1651 905 1683 De-

162 1696 234 1731 cius
257 1697 380 1731 Brutus
401 1697 492 1731 hunc
516 1701 655 1742 poetam
679 1696 767 1729 tanti
794 1696 904 1730 sacie-

114 1759 119 1764 ’
162 1742 243 1783 bat,
278 1749 316 1777 ut
342 1743 493 1788 templa,
528 1755 615 1789 quae
644 1756 663 1777 e
694 1743 812 1788 spoliis
836 1743 904 1776 ho-

163 1788 273 1823 an'bm
288 1789 452 1824 detractis
469 1789 760 1828 exaedificaverat,
781 1789 905 1822 mnni—

163 1834 262 1870 m‘bus
282 1836 376 1871 Accii
399 1836 555 1870 exornari
573 1836 716 1869 iuberet.
747 1836 904 1869 Mortuus

161 1889 215 1916 est
238 1882 340 1916 valde
361 1894 476 1916 senex.

117 1930 273 1970 Achilles,
296 1928 389 1963 Pelei
412 1935 448 1962 et
470 1927 629 1962 Thetidis
650 1927 747 1961 filius.
775 1928 805 1967 1,
827 1928 902 1961 105.

162 1975 275 2020 Rapta
306 1974 371 2008 sibi
400 1975 444 2008 ab
469 1975 725 2020 Agamemnone
755 1973 904 2007 Briseide

164 2020 254 2055 adeo
277 2020 328 2055 ira
349 2021 494 2061 exarsit,
528 2027 566 2054 nt
585 2019 791 2066 aliquamdiu
813 2020 904 2054 bello

163 2066 378 2101 abstinuerit.
426 2067 560 2101 Deinde
593 2079 695 2112 quum
730 2066 852 2100 Graeci
886 2078 905 2100 a

165 2113 323 2149 Troianis
339 2113 440 2148 valde
452 2121 700 2160 premerentur,
718 2113 812 2147 missi
827 2120 906 2146 sunt

163 2165 304 2194 auctore
337 2161 486 2194 Nestore
518 2160 636 2195 Ulixes
673 2167 708 2194 et
738 2159 822 2194 Aiax
860 2159 904 2193 ad

165 2206 358 2252 Achillen,
385 2207 443 2253 qui
467 2207 566 2241 donis
589 2219 631 2241 ac
656 2207 812 2253 precibus
834 2206 903 2240 eius

164 2253 313 2288 animum
338 2254 527 2295 flecterent,
553 2261 589 2287 ut
611 2253 656 2287 ad
677 2265 824 2299 pugnam
845 2265 903 2286 re-

164 2299 265 2334 diret.
313 2301 365 2334 Ex
386 2300 454 2334 hoc
485 2312 561 2334 cum
585 2300 716 2334 Achille
748 2311 905 2334 sermone

163 2353 299 2428 {umpga
330 2353 409 2427 sung
430 2347 536 2382 verba
556 2359 577 2380 a
602 2347 767 2380 Cicerone
801 2346 904 2380 allata

200 2419 210 2434 ,
236 2394 253 2428 1
281 2417 291 2426 .
315 2412 362 2419 —-
419 2418 429 2435 ,
454 2394 512 2428 52.

119 2441 311 2476 Achradina
332 2438 400 2473 fuit
419 2451 500 2484 pars
522 2441 775 2485 Syracusarum.
811 2439 905 2472 Con-

165 2486 305 2520 stabant
332 2487 519 2531 Syracusae
559 2494 721 2532 quattuor
756 2485 905 2527 urbibus,

190 2543 310 2568 uarum
337 2543 405 2566 uua
435 2532 743 2574 fnit⁴Achradina‚
780 2532 815 2566 in
841 2544 907 2578 qua

184 2591 282 2614 orum
301 2578 504 2621 maximum,
527 2579 775 2624 pulcherrimae
793 2579 908 2624 porti-

167 2638 249 2667 cus,
285 2625 536 2659 ornati-ssimum
567 2631 792 2671 prytaneum,
830 2637 907 2659 am-

206 2672 216 2680 “
253 2672 262 2680 ’
351 2671 443 2706 omia
473 2671 708 2718 templumque
734 2672 908 2718 egregium

167 2718 259 2753 Iovis
291 2717 428 2765 Olymp.
481 2719 623 2753 Ceterae
659 2718 751 2753 urbis
790 2726 907 2764 panas

168 2775 236 2798 una
253 2765 326 2799 lata
339 2765 394 2799 via
410 2772 576 2811 perpetua
595 2765 777 2810 multisque
790 2773 908 2799 trans-

167 2810 276 2844 versis
295 2811 423 2848 divisae
442 2812 586 2858 privatis
608 2811 770 2846 aedificiis
792 2811 908 2845 conti-

170 2862 306 2891 nentur.
327 2858 362 2898 5,
381 2856 441 2893 65.
463 2859 547 2901 ,Sed
566 2857 746 2903 legendum
766 2865 838 2890 est:
863 2858 909 2890 ad

168 2907 283 2946 portas
303 2905 619 2948 Ayrcyionas3
641 2917 676 2938 v.
700 2904 827 2938 Adnot.

127 2951 271 2991 Am,
294 2948 386 2982 lovis
408 2959 451 2983 ex
472 2951 604 2996 Aegina
625 2950 712 2984 filius
725 2975 734 2991 ,
759 2961 820 2982 rex
838 2952 907 2982 Ae-

173 2994 272 3040 ginae
285 3020 294 3036 ,
326 2999 424 3028 tauta
444 2996 573 3030 iustitia
593 3008 752 3041 regnasse
774 2995 910 3029 dicitur.

980 677 1016 703 ut
1038 682 1113 704 cum
1125 670 1243 703 Minoe
1263 676 1297 702 et
1317 666 1579 701 Rhadamantho
1599 664 1719 697 tertius

979 717 1079 749 iudex
1115 717 1327 750 infernorum
1363 728 1382 748 a
1410 714 1553 748 Plutone
1588 711 1720 745 consti-

979 772 1143 796 tueretur.
1169 766 1179 797 1
1197 790 1206 803 ,
1226 763 1282 797 9³¹⁴.

934 815 1052 851 Aeetes,
1075 823 1132 843 rex
1154 810 1372 845 colchorum.
1399 806 1485 840 iilius
1507 805 1607 838 Solis.
1641 804 1721 837 Eius

981 857 1078 890 liberi
1119 858 1254 889 suerunt
1292 854 1414 889 Medea
1432 880 1439 893 ,
1486 852 1650 897 Absyrtus
1686 858 1721 883 et

984 903 1154 948 Calciope.
1198 904 1274 936 Iaso
1297 912 1435 935 aureum
1462 899 1591 938 vellus,
1630 897 1721 943 quod

980 950 1187 988 asservabat,
1206 948 1347 982 Medeae
1360 959 1425 992 ope
1439 945 1578 980 abstulit
1590 944 1722 990 ipsum-

981 1008 1046 1042 que
1071 996 1214 1042 pepulit.
1238 996 1281 1036 3,
1303 994 1359 1029 ¹26.
1384 995 1442 1029 39.

935 1046 1115 1085 Aeyyptus,
1140 1042 1277 1076 Africae
1302 1049 1414 1080 terra,
1439 1040 1480 1077 5.
1505 1038 1562 1074 97.

936 1093 1051 1123 Aelius.
1101 1090 1134 1131 a)
1173 1091 1272 1122 Catus
1304 1091 1411 1122 Aelius
1444 1088 1561 1119 Sextus
1594 1087 1723 1126 Paetus,

983 1137 1064 1170 iuris
1087 1135 1193 1169 civilis
1214 1134 1355 1168 scientia
1380 1132 1540 1177 insignis,
1577 1131 1724 1176 indeque

986 1185 1059 1217 Cau·
1083 1182 1286 1227 cognomine
1308 1187 1469 1220 ornatus,
1505 1178 1582 1224 qui,
1621 1189 1722 1223 quum

983 1230 1115 1274 patricii
1149 1236 1228 1274 post
1259 1228 1448 1273 publicatos
1469 1237 1488 1258 a
1510 1227 1570 1258 Cn.
1591 1224 1723 1265 Flavio,

984 1276 1102 1310 aedilis
1123 1275 1222 1321 Appii
1248 1275 1380 1314 scriba,
1417 1273 1524 1306 fastos
1550 1271 1724 1305 actiones-

983 1334 1048 1367 que
1072 1323 1215 1367 primum
1239 1321 1346 1354 editas
1371 1332 1477 1353 novas
1501 1326 1619 1358 notas,
1646 1318 1724 1363 qui-

984 1368 1046 1402 bus
1068 1369 1117 1401 ius
1140 1368 1323 1410 diceretur,
1348 1366 1569 1404 invenissent,
1594 1365 1644 1398 ius
1666 1368 1725 1398 Ae·

984 1418 1131 1457 lienum,
1156 1415 1177 1447 i.
1195 1427 1225 1447 e.
1240 1441 1249 1454 ,
1286 1414 1403 1447 harum
1436 1420 1592 1446 notarum
1615 1411 1726 1444 inter-

986 1463 1214 1506 pretationem
1231 1460 1341 1493 edidit
1356 1460 1434 1493 202.
1447 1471 1477 1493 a.
1495 1458 1574 1491 Chr.
1601 1458 1726 1491 Consul

985 1509 1051 1541 suit
1073 1510 1146 1542 199.
1161 1520 1191 1541 a.
1212 1507 1290 1540 Chr.
1307 1508 1335 1545 l,
1356 1507 1409 1540 16.
1427 1525 1473 1531 —
1498 1505 1532 1549 b)
1560 1506 1597 1546 Q.
1620 1507 1727 1539 Aelius

986 1558 1118 1588 Tubero.
1166 1555 1207 1587 V.
1233 1555 1363 1587 Tubero.

937 1604 1100 1636 Aemilius.
1131 1602 1170 1633 V.
1197 1601 1348 1642 Lepidus.

939 1650 1127 1688 Aeschines,
1162 1645 1339 1680 Adrometi
1372 1644 1480 1684 filius,
1521 1643 1726 1676 clarissimus

987 1693 1243 1728 Atheniensium
1278 1699 1415 1730 orator,
1464 1689 1726 1735 philippicarum

986 1740 1133 1786 partium
1155 1740 1314 1785 princeps
1336 1737 1641 1782 Demosthenisque
1659 1736 1726 1770 ad—

988 1787 1174 1828 versarius,
1200 1787 1242 1823 3,
1267 1785 1324 1820 63.

939 1836 1123 1874 Aeschylus,
1146 1831 1377 1877 Euphorionis
1402 1830 1498 1867 filius,
1525 1829 1725 1863 clarissimus

987 1879 1243 1913 Atheniensium
1271 1878 1419 1921 tragicus
1445 1881 1560 1921 poeta.
1595 1876 1728 1909 Floruit

987 1926 1076 1960 circa
1098 1938 1128 1959 a.
1147 1924 1227 1959 4³50.
1253 1937 1282 1958 a.
1308 1925 1386 1957 Chr.
1427 1925 1551 1957 Postea
1574 1923 1616 1956 ad
1639 1923 1727 1956 Hie-

985 1984 1125 2011 ronem.
1161 1971 1295 2005 Siciliae
1314 1983 1449 2015 regem,
1485 1981 1559 2003 sese
1581 1969 1728 2003 contulit

987 2026 1023 2053 et
1045 2019 1150 2052 Gelae
1172 2031 1202 2051 a.
1218 2017 1287 2052 456
1304 2030 1334 2051 a.
1353 2017 1432 2050 Chr.
1458 2016 1554 2050 obiit.

940 2069 1168 2107 Aesculapius,
1201 2064 1288 2098 filius
1309 2063 1477 2109 Apollinis
1501 2075 1519 2096 e
1542 2063 1726 2103 Coronide,

987 2125 1006 2146 a
1029 2112 1178 2146 Chirone
1195 2118 1269 2144 arte
1288 2110 1419 2144 medioe
1440 2109 1625 2149 institutus,
1651 2122 1725 2143 me-

986 2159 1133 2192 dicinam
1155 2165 1254 2191 tanto
1285 2169 1359 2191 cum
1384 2168 1540 2190 successu
1565 2157 1726 2197 exercuit,

987 2214 1024 2239 ut
1048 2205 1134 2239 adeo
1167 2212 1320 2238 mortuos
1342 2204 1378 2237 in
1401 2203 1505 2237 vitam
1536 2203 1725 2236 reduceret.

986 2252 1070 2286 Inde
1082 2254 1264 2294 Aesculapii
1282 2253 1371 2284 liberi
1387 2258 1466 2283 sunt
1481 2252 1608 2283 medici.
1626 2252 1658 2289 2,
1671 2250 1726 2283 375.

939 2303 1102 2342 Aesopus,
1128 2298 1330 2331 clarissimus
1351 2297 1494 2337 histrio,
1519 2296 1645 2329 amicus
1667 2295 1726 2327 Ci-

987 2345 1128 2379 ceronis.
1151 2346 1185 2382 2,
1207 2344 1263 2380 39.
1301 2342 1333 2384 4,
1357 2345 1415 2378 55.

941 2395 1083 2434 Aetolia,
1106 2391 1239 2425 mediae
1262 2390 1424 2424 Graeciae
1449 2386 1644 2432 (Eudoxi
1668 2399 1725 2420 re-

985 2439 1064 2484 gio,
1104 2438 1195 2472 inter
1221 2437 1463 2473 Acarnaniam,
1500 2433 1725 2474 Thessaliam,

988 2484 1151 2529 Doridem
1177 2492 1213 2518 et
1233 2483 1415 2518 Locridem
1437 2480 1513 2515 sita.
1535 2480 1552 2514 1
1567 2506 1576 2521 ,
1599 2480 1632 2514 3.

942 2534 1118 2575 Afranius,
1139 2533 1269 2571 Lucius,
1291 2529 1415 2562 latinus
1438 2534 1543 2572 poeta
1566 2526 1725 2566 comicus,

989 2577 1167 2612 Menandri
1190 2577 1362 2615 imitator,
1387 2572 1430 2613 4,
1459 2570 1517 2606 45.

941 2627 1123 2668 Africanus.
1147 2625 1188 2658 V.
1213 2624 1333 2663 Scipio.

942 2673 1120 2715 Agamedes
1152 2677 1186 2702 et
1220 2669 1438 2708 Trophonius,
1478 2664 1623 2704 fratres,
1666 2664 1728 2698 filii

990 2717 1106 2763 Ergini
1132 2713 1309 2749 architecti
1330 2712 1500 2756 iidemque
1526 2710 1592 2755 ipsi
1612 2710 1727 2745 archi.-

988 2764 1082 2802 tecu'‚
1107 2771 1250 2805 quorum
1270 2757 1363 2803 prior
1380 2756 1615 2790 exaedificavit
1634 2764 1727 2791 tem-

990 2810 1084 2856 plum
1108 2805 1322 2851 delphicum,
1347 2804 1384 2836 in
1403 2815 1471 2848 quo
1491 2815 1595 2848 opere
1617 2804 1725 2838 confi-

991 2854 1111 2890 ciendo
1133 2853 1241 2886 frater
1264 2849 1455 2895 Agamedes
1481 2861 1559 2883 eum
1587 2849 1726 2886 adiuvit.

943 2906 1161 2946 Agamemno,
1195 2897 1290 2931 Atrei
1305 2897 1413 2937 filius,
1447 2896 1584 2940 Pelopis
1607 2909 1726 2943 nepos,

990 2949 1210 2992 Mycenarum
1238 2954 1317 2984 rex,
1352 2955 1500 2977 summus
1520 2944 1727 2979 Graeoonum

993 2993 1060 3027 dux
1083 2998 1163 3025 ante
1182 2990 1331 3025 Troiam.
