1859 3117
627 35 774 68 INDEX
796 33 1077 67 HlsToRICUS.

110 116 278 150 niensibus
308 116 438 160 legatus
469 116 586 148 missus
609 122 662 148 est
684 116 837 156 Romam,

114 164 201 206 (155.
224 174 253 195 a.
273 162 381 198 ·Chr.l.

67 212 200 250 Cumae,
222 208 338 241 civitas
355 207 554 251 Campaniae
569 207 611 239 ad
626 218 717 238 mare
732 217 839 250 prope

116 254 271 287 Puteolos
291 254 372 292 sita,
398 253 527 286 colonia
547 253 670 285 ionica.
695 252 733 290 3,
759 253 814 286 27.

69 303 194 334 Curius.
225 302 280 332 Μ’.
304 302 418 332 Curius
437 302 600 339 Dentatus,
624 299 703 330 civis
724 309 837 330 roma-

115 357 175 378 nus
208 351 407 388 paupertate
437 352 471 376 et
495 344 688 387 frugalitate
722 344 841 382 clarus,

116 391 171 435 qui
197 391 377 434 Pyrrhum,
403 390 494 434 Epiri
516 401 649 434 regem,
686 389 742 433 qui
763 390 841 422 230.

115 448 146 469 a.
164 436 241 468 Chr.
257 437 386 468 Italiam
404 436 581 475 invaserat,
603 435 738 467 devicit.
772 436 842 466 Le-

117 482 186 526 gati
205 482 422 521 Samnitium,
448 494 547 526 quum
566 481 609 513 ad
631 493 706 513 eum
729 480 841 513 venis-

116 535 192 560 sent
223 528 317 571 eique
340 540 496 572 magnum
526 528 597 560 auri
625 526 756 571 pondus
788 533 843 558 at-

120 574 293 613 tulissent,
321 574 404 606 illud
428 574 616 618 repudiavit
638 573 772 612 dicens,
809 584 844 604 se

118 620 217 651 malle
233 619 397 663 imperare
413 620 648 664 locupletibus,
673 630 772 663 quam
789 618 844 650 lo—

121 666 288 709 cupletem
310 666 392 698 fieri.

75 712 221 751 Cynicus.
270 711 384 756 Cynici
406 711 517 744 vocati
542 717 619 743 sunt
642 710 847 754 philosophi,

120 758 175 801 qui
188 763 371 790 sectatores
386 757 590 790 Antisthenis
605 763 710 789 erant.
728 757 757 795 1,
774 755 847 790 104.

119 805 151 841 ἱ),
178 802 233 836 92.

60 849 62 853 ’
77 850 212 889 Cyprus,
236 847 342 880 insula
359 847 457 880 maris
475 847 721 881 mediterranei.
740 848 773 887 ἱ),
791 848 847 880 52.

78 895 248 935 Cypselus,
280 900 440 938 tyrannus
475 894 723 926 Corinthiorum
757 893 847 938 (600.

122 952 152 971 a.
174 940 278 983 clm).
326 940 366 980 3,
396 939 470 972 109.

79 987 254 1025 Cyrenaici.
311 987 363 1018 Ita
398 985 509 1018 vocati
545 993 623 1018 sunt
658 984 851 1030 philosophi

123 1031 258 1063 scholae
277 1031 483 1076 cyrenaicae,
508 1043 592 1076 quae
611 1032 651 1064 ab
666 1031 852 1075 Aristippo,

125 1077 215 1110 cuius
234 1077 341 1121 patria
358 1085 429 1109 erat
442 1078 583 1121 Cyrene,
608 1077 744 1110 Africae
762 1077 850 1115 urbs,

125 1123 262 1155 condita
284 1130 347 1156 est.
398 1124 451 1155 Cf.
467 1126 655 1164 Aristippus.

81 1170 273 1208 Cyrenaicus
297 1181 336 1201 ex
361 1169 511 1214 Cyrene,
537 1170 671 1202 Africae
692 1169 782 1202 urbe.

447 1251 486 1282 D.

81 1307 287 1338 Damaratus.
335 1306 376 1339 V.
398 1308 600 1339 Demaratus.

83 1353 190 1384 Danai
214 1351 424 1395 appellantur
444 1353 564 1384 Graeci
588 1364 628 1384 ex
647 1354 764 1385 Danao
786 1355 855 1384 Ae-

127 1396 268 1440 gyptio,
306 1397 362 1441 qui
386 1397 552 1430 coloniam
578 1411 617 1430 ex
641 1405 797 1443 Aegypto
822 1398 855 1430 in

127 1442 303 1475 Graeciam
323 1443 462 1475 deduxit
477 1444 588 1488 ibique
614 1449 778 1488 Argoi-um
798 1455 854 1476 re-

127 1500 229 1531 gnum
253 1489 415 1521 condidit.
439 1488 474 1532 4,
498 1491 552 1523 52.

83 1536 201 1567 Darius
236 1536 476 1576 Codomamms,
513 1535 648 1568 ultimus
682 1537 857 1568 Persarum

128 1591 207 1619 rex,
241 1580 284 1612 ab
306 1580 498 1614 Alexandro
522 1582 568 1614 M.
592 1582 718 1622 victus,
742 1581 777 1614 in
798 1582 857 1614 fu-

127 1637 204 1668 gam
225 1625 406 1667 coniectus,
431 1627 507 1659 dein
526 1627 722 1661 trucidatus.
747 1629 779 1668 5,
801 1627 856 1662 97.

84 1673 182 1705 Decii.
230 1673 315 1704 Sunt
337 1680 405 1705 tres
427 1672 495 1712 illi,
520 1681 636 1717 pater,
662 1674 767 1713 filius,
792 1685 856 1706 ne—

129 1728 204 1761 p05‚
229 1717 283 1761 qui
296 1729 331 1750 se
345 1730 408 1762 pro
422 1719 529 1762 patria
542 1720 763 1752 devoverunt.
790 1721 857 1752 Pa-

93 1776 100 1783 ·
129 1770 183 1795 ter
207 1763 242 1795 in
263 1763 353 1796 bello
377 1776 451 1797 cum
475 1765 602 1797 Latinis
626 1773 659 1798 et
682 1766 856 1810 Campanis

130 1815 226 1852 gesto
258 1809 348 1842 haud
380 1811 497 1854 procul
530 1811 697 1843 radicibus
721 1812 858 1844 Vesuvii

131 1854 256 1887 montis
277 1866 339 1899 pro
360 1855 507 1888 exercitu
520 1857 673 1890 Romano
693 1870 728 1890 se
748 1857 858 1890 devo—

130 1900 181 1933 vit
206 1898 298 1944 (340.
321 1912 353 1932 a.
375 1901 488 1943 Chr.);
523 1902 592 1934 eius
614 1903 698 1935 filius
720 1903 753 1935 in
776 1916 857 1947 agro

131 1945 306 1978 Sentinate
340 1954 457 1979 contra
480 1948 666 1991 Samnites,
701 1950 857 1988 Umbros,

131 1992 314 2024 Hetruscos
340 2000 373 2024 et
400 1993 514 2025 Gallos
536 1994 714 2033 dimicans,
753 2007 858 2039 nepos

133 2036 277 2081 (lenique
299 2037 334 2070 in
355 2038 444 2071 bello
470 2047 586 2072 contra
612 2041 773 2084 Pyrrhum
796 2053 858 2085 ge-

131 2090 197 2116 sto.
248 2085 287 2124 1,
312 2082 376 2117 &92
402 2084 457 2116 ubi
479 2098 510 2117 v.
534 2085 620 2118 Adn.
644 2089 685 2125 2,
712 2088 766 2120 59.

86 2129 249 2170 Deianira,
273 2129 341 2161 filia
353 2130 466 2170 Oenei,
486 2131 572 2175 regis
583 2132 747 2172 Aetoliae,
769 2132 859 2165 Her-

133 2174 213 2207 culis
242 2186 335 2207 uxor.
394 2176 460 2208 Hie
483 2177 685 2210 Centaurum
707 2179 857 2218 Nessum,

133 2219 189 2264 qui
205 2220 272 2253 vim
286 2220 461 2254 Deianirae
479 2223 605 2255 inferre
621 2235 717 2256 ausus
737 2225 858 2265 fuerat,

131 2266 261 2308 sagittis
274 2266 402 2310 hydrae
416 2269 576 2312 sanguine
592 2269 728 2302 infectis
746 2277 859 2303 trans-

134 2311 224 2351 fixit,
258 2313 313 2356 qui
333 2325 369 2344 se
399 2315 596 2347 moriturum
620 2315 786 2356 sentiens,
824 2324 860 2348 ut

132 2357 265 2390 hostem
284 2357 515 2399 ulcisceretur,
538 2361 714 2393 Deianirae
732 2369 860 2394 vestem

113 2413 193 2434 suo
214 2403 373 2446 sauguine
389 2404 530 2438 tinctam
553 2407 643 2439 dono
664 2407 777 2447 dedit,
804 2408 860 2439 di-

133 2459 224 2487 cens,
247 2449 275 2480 si
289 2449 352 2481 hac
368 2451 504 2483 maritus
525 2452 729 2492 indueretur,
752 2453 861 2497 ipsum

133 2494 176 2526 ab
195 2494 332 2526 aliarum
353 2507 467 2528 amore
486 2505 660 2530 avocatum
678 2499 729 2531 iri.
779 2499 861 2531 Dei-

135 2539 227 2572 anira
250 2552 367 2572 munus
387 2543 528 2586 accepit,
555 2551 598 2583 et,
625 2556 725 2587 quum
746 2545 861 2577 audis-

134 2592 203 2624 set,
238 2586 393 2618 maritum
415 2587 448 2618 in
476 2589 609 2621 Euboea
631 2589 738 2629 loles,
776 2591 861 2623 filiae

127 2630 259 2663 *devicti
282 2633 419 2676 Euryti,
455 2635 631 2667 Oechaliae
663 2635 697 2667 in
726 2636 862 2670 Euboea

134 2677 241 2719 regis,
267 2677 321 2721 qui
343 2678 444 2711 filiam
466 2680 600 2712 Herculi
625 2680 861 2725 denegaverat,

135 2732 247 2754 amore
267 2723 417 2767 flagrare,
445 2725 570 2758 famulo
585 2727 718 2770 Lychae
735 2735 862 2760 vestem

134 2767 275 2800 tradidit
286 2769 421 2802 Herculi
441 2772 684 2814 perferendam.
735 2774 861 2806 Hercu-

136 2811 184 2844 les
207 2823 307 2856 quum
328 2816 569 2849 sacrificaturus
594 2830 667 2851 eam
688 2818 860 2858 induisset,

135 2858 238 2889 tantis
269 2860 464 2893 cruciatibus
490 2863 629 2896 affectus
654 2871 723 2901 est,
767 2871 802 2895 ut
827 2864 861 2896 in

138 2901 289 2935 furorem
320 2913 508 2939 verteretur
541 2921 642 2952 seque
674 2909 783 2952 ipsum
827 2908 860 2941 in

139 2955 253 2980 monte
277 2950 360 2983 Oeta
384 2951 604 2985 combureret.

1561 27 1647 72 335

873 116 1004 155 Delphi,
1039 113 1116 146 urbs
1139 112 1301 146 Boeotiae
1324 114 1359 146 in
1380 116 1533 149 Parnassi
1554 119 1648 151 radi-

920 160 1031 199 cibus,
1070 159 1125 191 ubi
1152 159 1276 203 Apollo
1310 160 1527 194 clarissimum
1556 170 1647 197 tem-

920 206 1011 249 plum
1042 205 1189 238 habebat
1220 213 1255 239 et
1285 207 1419 240 oracula
1447 207 1580 241 edebat.
1616 211 1646 251 1,

924 250 997 283 114.
1024 253 1064 289 ξ),
1092 251 1145 285 70.

875 300 1087 336 Demaratus,
1118 303 1216 340 pater
1235 298 1409 343 Tarquinii
1429 299 1553 342 Prisci,
1579 301 1650 334 Co-

922 341 1045 380 rintho,
1070 343 1153 374 urbe
1172 344 1298 387 patria,
1325 345 1368 376 ob
1392 346 1572 390 Cypselum
1591 354 1651 391 ty·

922 399 1063 420 rannum
1084 389 1285 432 Tarquinios
1306 390 1449 434 fugerat.
1486 393 1525 431 5,
1554 393 1628 429 109.

877 436 1075 474 Democritii,
1108 437 1327 477 Democricici‚
1356 437 1501 470 asseclae
1522 440 1652 472 Demo-

925 479 1009 511 criti.
1039 482 1070 520 l,
1095 483 1164 513 &is

877 528 1084 566 Democritus,
1107 526 1271 566 Abderae,
1298 527 1378 560 urbe
1393 529 1550 570 thracica,
1573 529 1653 564 490.

925 583 953 603 a.
981 571 1056 602 Chr.
1090 579 1206 611 natus,
1245 574 1431 617 Leucippi,
1466 583 1655 609 atomorum

927 616 1103 648 doctrinae
1124 618 1287 657 auctoris,
1315 619 1505 664 discipulus,
1531 622 1655 655 docto—-

928 663 972 695 ris
989 662 1039 694 sui
1061 663 1196 697 decreta
1216 665 1352 698 ulterius
1376 675 1569 710 persecutus
1591 675 1654 708 est,

928 708 1033 740 multa
1060 709 1181 742 itinera
1215 710 1297 743 fecit
1328 719 1361 744 et
1384 714 1570 758 aequalium
1600 715 1657 747 iu-

929 754 1036 797 eptias
1061 755 1245 789 deridebat.

882 803 1118 843 Demoslhenes‚
1143 803 1375 846 Atheniensis,
1405 816 1486 836 unus
1512 806 1659 838 omnium

929 847 1028 889 louge
1044 847 1241 880 clarissimus
1257 857 1382 889 orator,
1401 850 1457 894 qui
1472 851 1660 885 Athenien-

930 894 1014 924 sium
1036 893 1306 939 Graecorumque
1327 896 1518 929 libertatem
1542 905 1660 931 contra

931 938 1141 982 Philippum,
1169 941 1391 973 Macedonum
1413 955 1536 986 regem,
1561 944 1660 976 forti-

931 991 984 1015 ter
1018 985 1172 1017 defendit
1203 998 1308 1030 eaque
1336 1000 1496 1032 oppressa
1525 1001 1660 1022 manum

931 1030 992 1061 sibi
1017 1031 1140 1063 intulit.

886 1077 1057 1117 Deucalio,
1093 1077 1176 1109 lilius
1201 1079 1404 1112 Promethei.
1464 1079 1539 1112 Eius
1569 1087 1662 1114 tem-

933 1133 1016 1165 pore
1048 1123 1208 1165 diluvium
1238 1132 1400 1158 terrarum
1424 1126 1539 1158 orbem
1563 1127 1663 1160 inuu—

935 1167 1038 1200 davit.
1090 1170 1165 1201 Eius
1189 1182 1272 1203 uxor
1295 1179 1365 1204 erat
1386 1172 1525 1216 Pyrrha.
1553 1174 1582 1212 1,
1607 1175 1663 1207 21.

888 1215 1067 1255 Diagoras,
1104 1215 1188 1249 filius
1223 1217 1417 1261 Damageti,
1455 1218 1665 1252 Rhodiorum

934 1271 1012 1300 rex,
1040 1261 1172 1294 Pindari
1191 1263 1357 1307 aequalis,
1383 1264 1532 1296 omnium
1551 1265 1666 1298 athle—

935 1312 1044 1337 tarum
1062 1319 1258 1349 gruecorum
1275 1309 1373 1341 facile
1386 1310 1553 1354 princeps.
1588 1311 1665 1343 Eius

936 1357 1003 1383 tres
1027 1352 1085 1383 lilii
1106 1354 1329 1398 Damagetus,
1358 1356 1495 1388 Dorieus
1519 1364 1552 1388 et
1573 1360 1663 1389 Acu-

937 1397 1058 1439 silaus,
1091 1398 1208 1432 itidem
1243 1408 1384 1444 nepotes
1414 1401 1481 1434 duo
1504 1403 1606 1435 Euclo
1631 1409 1665 1435 et

937 1443 1141 1476 Pisirhodius
1194 1446 1365 1479 clarissimi
1417 1448 1666 1492 olympionicae

938 1489 1043 1526 fuere,
1059 1491 1176 1533 quibus
1198 1493 1351 1525 omnibus
1362 1500 1493 1526 statuae
1504 1495 1537 1526 in
1551 1494 1666 1538 Olym-

937 1535 991 1578 piu
1006 1537 1135 1578 positae
1146 1545 1234 1569 sunt.
1273 1540 1300 1576 1,
1330 1539 1411 1572 111:
1440 1539 1494 1571 ubi
1517 1540 1665 1573 cfiAdn.

888 1583 1119 1623 Dicaearchus,
1145 1595 1162 1614 e
1184 1584 1294 1616 Sicilia
1315 1583 1485 1625 oriundus,
1511 1585 1667 1629 philoso-

938 1628 1022 1671 phus
1044 1628 1282 1672 peripateticus
1303 1629 1459 1675 idemque
1482 1631 1668 1665 mathema—

937 1673 1021 1705 ticus
1045 1681 1078 1706 et
1102 1682 1237 1713 orator,
1263 1675 1443 1719 discipulus
1465 1677 1666 1711 Aristotelis.

937 1721 1020 1752 Tres
1042 1720 1144 1752 libros
1166 1721 1244 1764 περὶ
1263 1722 1399 1767 ψυχῆς,
1425 1729 1459 1755 et
1472 1723 1600 1756 'librum
1621 1724 1665 1757 de

935 1764 1072 1797 interitu
1095 1766 1238 1810 scripsit.

888 1812 1103 1845 Dinomachus
1126 1813 1357 1856 philosophus.
1391 1814 1432 1853 5,
1456 1814 1511 1848 85.

892 1858 971 1897 Dio,
997 1857 1173 1901 Hipparini
1197 1858 1302 1898 filius,
1330 1862 1575 1904 SyracusanuS,
1599 1873 1667 1894 no-

938 1902 996 1934 bili
1018 1915 1141 1946 genere
1162 1912 1270 1944 natus,
1298 1907 1583 1950 Syracusanorum
1601 1907 1667 1939 dux

939 1955 973 1980 et
995 1950 1150 1993 princeps
1170 1951 1230 1982 sub
1253 1950 1415 1995 Dionysio
1432 1953 1457 1985 I.
1482 1964 1558 1996 rege
1578 1955 1621 1997 (c.
1637 1965 1666 1986 a.

938 1993 1015 2028 360.
1048 2008 1076 2027 a.
1105 1996 1220 2038 Chr.),
1262 2003 1296 2029 et
1320 2004 1399 2041 post
1427 1998 1496 2030 eius
1523 2006 1668 2032 mortem

937 2046 1031 2072 tutor
1064 2041 1217 2087 Dionysii
1238 2044 1300 2083 IL,
1334 2042 1491 2088 idemque
1517 2045 1668 2078 Platonis

939 2085 1129 2130 discipulus.

891 2133 1070 2174 Diodorus,
1096 2133 1233 2166 Critolai
1255 2133 1456 2179 discipulus,
1493 2136 1668 2181 peripate—

939 2177 1024 2210 ticae
1049 2179 1245 2224 disciplinae
1266 2181 1496 2225 philosophus.

891 2226 1055 2266 Diodotus,
1078 2227 1213 2258 stoicus.
1239 2228 1270 2266 ὁ,
1296 2227 1370 2261 113.

894 2272 1055 2311 Diogenes,
1080 2272 1299 2316 philosophus
1322 2273 1467 2318 cynicus,
1493 2285 1511 2306 e
1529 2273 1666 2318 Sinopa,

940 2317 1039 2347 Ponti
1068 2317 1168 2357 urbe,
1206 2318 1364 2351 oriundus
1390 2320 1479 2363 (533.
1504 2331 1535 2352 a.
1559 2319 1667 2362 Chr.),

940 2361 1145 2395 Antisthenis
1170 2364 1359 2408 discipulus.

895 2409 1046 2448 Dioyenes
1067 2410 1281 2452 Babylonius,
1317 2409 1492 2453 Chrysippi
1517 2409 1668 2454 discipu-

941 2453 1012 2491 lus,
1050 2454 1269 2499 philosophus
1302 2455 1449 2494 stoicus,
1489 2455 1667 2488 Carneadis

942 2508 1142 2543 praeceptor
1160 2501 1192 2533 in
1212 2500 1398 2540 dialectica.
1425 2500 1466 2540 4,
1490 2502 1520 2533 ἱ).

896 2547 1064 2584 Dionysius
1087 2549 1300 2585 Heracleotes,
1325 2558 1364 2577 ex
1385 2546 1561 2584 Heraclea,
1586 2547 1668 2579 urbe

941 2592 1085 2634 Magnae
1102 2592 1272 2630 Graeciae,
1294 2591 1461 2631 oriundus,
1484 2592 1565 2634 phil.
1581 2592 1668 2624 stoi—

943 2648 1009 2674 cus⁷
1039 2636 1207 2669 Ciceronis
1232 2636 1396 2680 aequalis;
1422 2648 1441 2668 a
1461 2638 1581 2669 Stoicis
1604 2638 1669 2670 de-

941 2682 1103 2714 sciscebat
1128 2689 1161 2713 et
1184 2681 1285 2714 fiebat
1308 2682 1489 2724 Epicureus
1511 2694 1537 2715 s,
1561 2684 1669 2727 Cyre—-

942 2728 1075 2765 naicus,
1113 2726 1200 2758 unde
1222 2727 1453 2770 μεταῦέμενος
1479 2727 1586 2760 dictus
1607 2736 1668 2762 est.

942 2773 1010 2804 Sed
1035 2775 1179 2804 fortasse
1203 2772 1258 2804 hic
1283 2772 1460 2816 Dionysius
1484 2774 1669 2808 Heracleo-

942 2824 1014 2857 tes,
1051 2818 1106 2860 qui
1126 2817 1268 2849 Zenonis
1292 2818 1402 2850 Cittiei
1431 2818 1494 2851 fuit
1518 2819 1668 2865 discipu-—

941 2863 991 2895 lus
1024 2869 1227 2906 propterque
1260 2863 1432 2896 oculorum
1462 2864 1614 2899 dolorem
1648 2879 1667 2899 a

943 2908 1063 2941 Stoicis
1092 2908 1233 2940 descivit
1259 2909 1301 2941 ad
1325 2910 1543 2954 Cyrenaicos,
1580 2912 1667 2945 unde

943 2952 1172 2997 μεταξῐέμενος
1191 2953 1300 2987 dictus
1321 2962 1391 2995 est,
1417 2955 1668 3001 distinguendus
