1843 3101
137 58 221 105 178

137 148 340 194 iracundia
368 143 584 189 ulciscendi
615 140 750 183 libido.
813 137 894 194 Qui
917 137 1039 194 igitur
1060 135 1196 179 exisse
1227 149 1282 178 ex
1305 142 1503 193 potestate
1525 136 1727 191 dicuntur,

139 225 287 267 idcirco
312 222 516 271 dicuntur,
561 216 651 272 quia
676 229 756 256 non
782 213 862 255 sint
889 212 930 254 in
956 218 1151 269 potestate
1172 212 1343 264 mentis,
1389 211 1453 253 cui
1479 224 1645 267 regnum
1672 219 1734 254 to·

965 286 1111 330 Graeci
1143 294 1274 329 autem
1302 286 1446 339 μανίαν
1472 286 1575 327 unde
1601 286 1734 343 appel-

725 57 896 94 LIBER
919 57 979 91 111.
1003 56 1046 97 5,
1071 55 1125 90 11.

142 300 219 342 tius
242 297 360 341 animi
397 309 419 336 a
446 300 583 335 natura
612 289 798 331 tributum
825 295 901 330 est.

143 376 249 426 lent,
296 384 375 412 non
407 367 522 409 facile
553 364 749 415 dixerim3
798 376 885 404 eam
918 369 1051 404 tamen
1083 362 1207 418 ipsam
1233 361 1509 418 distinguimus
1542 374 1616 402 nos
1653 375 1735 403 me-

576 438 690 481 Hane
725 437 830 479 euim
864 436 1084 488 insaniam,
1130 450 1229 492 quae
1263 436 1398 477 iuncta
1429 434 1594 477 stultitia
1628 441 1737 491 patet

869 511 1015 554 Graeci
1039 511 1179 552 volunt
1207 510 1260 551 illi
1282 511 1463 566 quidem3
1507 509 1577 551 sed
1599 523 1737 566 parum

1609 582 1737 638 Quasi

144 685 242 714 vero
266 676 351 711 atra
376 667 443 709 bili
467 666 594 707 solum
620 677 755 713 mens,
801 677 846 703 ac
870 676 949 702 non
973 675 1093 716 saepe
1119 661 1183 703 vel
1204 659 1407 702 iracundia
1430 657 1614 715 graviore
1630 690 1642 711 ,
1673 657 1740 700 vel

143 450 242 500 lius,
290 458 403 501 quam
436 441 507 483 illi.

144 523 283 572 latius,
328 534 350 561 a
373 520 507 560 surore
531 513 805 570 disiungimus.

145 597 281 638 valent
314 593 462 643 verb03
509 604 625 646 quem
663 602 736 629 nos
768 588 968 638 furorem,
1015 586 1266 640 μελαγχολίαν
1298 585 1354 626 illi
1384 589 1546 627 vocant.

146 746 314 796 timore,
361 742 427 783 vel
450 741 586 782 dolore
615 744 847 780 moveatur:
893 751 969 791 quo
997 749 1145 791 genere
1170 735 1479 785 Athamantem,
1525 732 1740 774 Alcmaeo-

146 834 262 872 nem,
305 817 495 866 Aiacem,
542 812 727 855 Orestem
754 813 885 852 furere
913 810 1092 851 dicimus.
1157 808 1235 863 Qui
1260 809 1313 850 ita
1337 808 1390 849 sit
1411 808 1603 859 affectus,
1649 821 1739 848 eum

147 894 346 937 dominum
379 904 470 932 esse
502 903 634 930 rerum
663 901 823 928 suarum
855 891 993 926 vetant
1020 884 1225 925 duodecim
1253 883 1426 924 tabulae.
1488 880 1628 937 Itaque
1659 896 1738 923 non

1525 953 1738 997 Stultitiam
1766 958 1771 964 ·

615 1034 864 1085 constantia,
920 1033 956 1074 id
1000 1040 1063 1074 est
1102 1033 1297 1084 sanitate,
1349 1037 1583 1083 vacantem,
1625 1042 1742 1086 posse

149 977 212 1012 est
246 967 459 1021 scriptum,
509 965 547 1004 si
583 964 783 1011 insanus,
835 960 931 1010 sed,
986 972 1020 1000 ει
1055 972 1240 1000 rvmosvs
1273 958 1296 984 *
1317 972 1441 999 escir.

148 1044 252 1085 enim
294 1045 560 1088 censuerunt,

148 1126 279 1159 tamen
322 1114 422 1155 tueri
464 1110 776 1154 mediocritatem
818 1108 1032 1149 officiorum
1075 1115 1114 1149 et
1154 1107 1260 1148 vitae
1303 1119 1551 1147 communem
1595 1104 1743 1145 cultum

148 1200 262 1247 atque
303 1189 514 1238 usitatum,
571 1187 743 1226 furorem
783 1190 914 1224 autem
960 1196 1050 1224 esse
1089 1182 1163 1223 rati
1206 1188 1297 1223 sunt
1337 1180 1479 1222 mentis
1520 1179 1568 1221 ad
1609 1178 1743 1220 omnia

150 1267 395 1309 caecitatem.

470 1259 586 1315 Quod
619 1273 735 1314 quum
770 1256 895 1298 maius
929 1270 1018 1298 csse
1054 1256 1259 1307 videatur,
1306 1269 1422 1310 quam
1458 1254 1636 1306 insania,
1684 1259 1743 1294 ta-

151 1356 240 1384 men
275 1337 464 1381 eiusmodi
499 1342 585 1385 est,
632 1339 674 1374 ut
710 1333 820 1372 furor
847 1330 888 1371 in
920 1331 1136 1385 sapientem
1169 1330 1312 1371 cadere
1347 1328 1494 1385 possit,
1541 1342 1621 1369 non
1652 1341 1744 1380 pos-

152 1416 203 1457 sit
228 1412 398 1455 insania.

153 1498 294 1531 tamur.

152 1583 207 1614 te,
243 1575 278 1606 id
302 1576 365 1612 est,
399 1571 438 1603 de
466 1571 613 1609 consilio,
647 1570 685 1601 de
714 1569 854 1607 ratione,
890 1568 928 1598 de

156 1625 265 1654 mente.
315 1619 442 1649 Graec·-
467 1615 665 1655 ἐξίστασὲαι
689 1612 826 1647 ἑαυτῶν.
877 1612 929 1643 Cf.

154 1679 215 1699 nos
238 1665 279 1697 ud
299 1662 459 1706 Xenopli.
487 1661 712 1692 commentar.
739 1660 763 1690 I.
785 1659 827 1697 3,
855 1658 906 1690 12.

224 1712 336 1743 Graeci
373 1707 491 1752 μανίαν
527 1709 608 1738 unde
641 1704 811 1748 appellent]
853 1703 931 1735 Siue

156 1757 258 1790 dubio
294 1755 396 1799 μανία.
427 1752 601 1785 descendit
625 1765 643 1783 a
663 1749 764 1784 ΜΑΩ
779 1776 786 1786 ,
823 1761 841 1781 a
865 1761 930 1792 quo

158 1801 320 1847 μαιμάω,
353 1800 515 1844 patenae,
551 1809 635 1841 quae
664 1796 851 1840 significant
880 1805 932 1836 92-

156 1852 250 1890 stirc,
284 1849 475 1880 vehementer
508 1848 672 1885 appetere,
712 1842 813 1873 ducta
845 1846 932 1873 sunt.

159 1897 199 1928 V.
224 1896 304 1926 Lex.
330 1893 388 1924 Gr.
413 1904 442 1922 v.
468 1890 638 1932 μαίημαι.

226 1942 333 1972 volant
349 1940 395 1970 illi
415 1938 555 1977 (luidcnij
582 1938 632 1966 Sc.
655 1933 816 1965 insaniam
838 1944 856 1964 a
876 1931 934 1963 su-

160 1997 236 2018 rore
260 1984 473 2025 distinguere.
514 1983 553 2012 V.
579 1980 702 2012 Atlnot.
728 1979 759 2011 in
785 1980 810 2009 I.
836 1979 875 2017 5,
900 1977 931 2011 G.

228 2031 344 2072 furere]
391 2027 558 2059 Praesenti
588 2034 739 2068 tempore
772 2035 847 2056 usus
885 2029 935 2055 est

162 2076 296 2112 Cicero,
327 2073 401 2117 quia
426 2073 578 2112 fabulae,
615 2071 647 2103 in
675 2071 791 2114 quibus
813 2080 934 2112 perso—

159 2134 222 2155 nae
246 2120 322 2153 illae
346 2118 567 2157 inducuntur,
592 2117 699 2149 adhuc
726 2116 912 2148 exstabant.

228 2168 393 2200 duodecim
415 2164 555 2205 tabulae]
582 2163 642 2195 His
665 2163 793 2195 verbis:
821 2161 854 2192 Si
880 2161 935 2192 fu—

160 2213 266 2246 riosus
290 2210 420 2248 existit,
458 2206 615 2253 agnatum
638 2208 876 2251 gentiliumque
901 2206 934 2238 in

161 2271 201 2291 eo
222 2257 428 2302 pecuniaque
451 2256 519 2286 eius
542 2261 690 2297 potestas
712 2261 795 2285 esto.
830 2254 871 2285 V.
893 2251 935 2284 ad

159 2306 308 2337 Herenn.
330 2304 353 2335 1.
381 2301 472 2334 013.
498 2307 531 2331 et
555 2299 597 2331 de
618 2301 746 2331 invent.
769 2300 809 2330 II.
834 2310 861 2330 c.
879 2298 933 2330 50.

230 2351 317 2391 escit]
351 2346 406 2380 Sic
428 2353 521 2378 recte
542 2357 559 2376 e
584 2345 774 2377 coniectura
799 2344 936 2376 Boulie—

160 2396 201 2430 rii
225 2394 364 2427 Orellius
388 2391 493 2424 edidit
523 2402 585 2434 pro
606 2391 740 2432 vulgato
772 2393 835 2422 esse
858 2392 936 2421 inci-

159 2445 226 2484 pit.-
261 2439 351 2485 quod
385 2445 436 2471 est
469 2443 620 2480 apertum
653 2437 816 2478 glossema
842 2434 936 2467 verbi

161 2490 234 2521 escit
256 2488 290 2531 (i.
309 2498 337 2518 e.
359 2496 430 2517 esse
451 2482 588 2525 incipit,
615 2481 763 2520 exsistit,
789 2480 864 2519 erit,
889 2479 936 2511 uti

162 2534 206 2566 ad
220 2534 367 2565 Herenn.
382 2532 407 2571 I,
433 2529 492 2562 13:
518 2531 544 2561 si
561 2529 584 2568 Ῑ.
599 2526 743 2568 exsistit).
769 2526 823 2558 Sic
838 2527 936 2557 Lucr.

162 2582 197 2620 I,
223 2578 307 2612 613:
334 2579 416 2610 escit.
463 2577 547 2607 Escit
570 2573 703 2616 antique
727 2583 789 2614 pro
815 2570 888 2602 erit.

232 2623 421 2666 Stultitiam]
448 2620 556 2663 Vulgo
580 2619 753 2661 legebatur
774 2618 939 2648 stultitiam

161 2673 244 2704 enim
268 2671 452 2703 censuerunt
473 2667 736 2704 inconstantiam,
767 2663 801 2694 id
822 2666 863 2693 est
885 2671 938 2693 sa-

160 2720 257 2750 nitate
278 2718 455 2753 vacantem,
480 2718 512 2744 et
533 2711 581 2743 sic
602 2721 716 2742 omues
737 2708 808 2740 fere
825 2706 936 2743 codd..

162 2762 262 2794 etiarn
276 2759 407 2803 optimi,
427 2759 561 2802 legunt3
581 2758 657 2790 Vat.
670 2762 704 2787 et
716 2753 789 2787 cod.
804 2751 938 2785 schotti

164 2806 395 2843 consentiunt,
430 2804 490 2836 sed
520 2815 582 2847 pro
609 2802 852 2836 inconstantiam
872 2797 938 2829 ha-

163 2853 245 2884 bent
262 2851 459 2885 constantia:
481 2849 570 2893 quod
590 2862 619 2882 c.
638 2845 774 2880 Davisio
795 2851 830 2876 et
843 2843 937 2876 Orel-

165 2896 211 2929 lio
232 2897 428 2940 recepimus.
473 2897 500 2928 E
520 2895 711 2928 Stoicorum
728 2897 862 2929 mente,
887 2888 936 2921 uti

165 2953 264 2985 supra
286 2954 314 2974 e.
333 2939 368 2982 4,
386 2941 420 2975 9.
438 2947 471 2974 et
494 2953 521 2974 c.
537 2942 577 2981 5,
605 2940 658 2974 10.
678 2938 831 2976 vidimus,
849 2938 937 2968 insa-

164 2990 221 3021 nia
230 2994 263 3019 et
272 2989 404 3020 stultitia
415 2987 556 3020 eandem
568 2986 635 3019 vim
646 2985 801 3018 habeant.
824 2981 937 3015 Etiam

460 1409 541 1452 Sed
571 1408 669 1449 haec
699 1406 774 1447 alia
806 1405 985 1460 quaestio
1017 1412 1100 1457 est3
1146 1419 1220 1446 nos
1251 1404 1299 1446 ad
1330 1403 1571 1460 propositum
1604 1415 1743 1443 rever-

966 1578 993 1598 c.
1016 1565 1056 1605 Γ),
1090 1565 1140 1598 13.
1166 1565 1307 1609 legitur:
1344 1564 1391 1598 ita
1412 1569 1490 1597 sunt
1513 1562 1601 1596 altae
1621 1562 1743 1606 stirpes

966 1614 1124 1644 stultitiae.

1035 1659 1279 1690 mediocritatem
1300 1655 1492 1699 officiorum]
1527 1654 1631 1687 Stoici
1656 1654 1745 1687 enim

967 1703 1089 1746 duplex
1110 1708 1292 1745 posuerunt
1313 1702 1472 1739 osticium,
1496 1703 1668 1742 perfectum
1688 1706 1745 1732 at-

967 1761 1030 1793 que
1053 1750 1213 1788 medium,
1239 1747 1282 1779 οῖ’.
1303 1747 1338 1779 C.
1360 1747 1423 1779 Off.
1446 1749 1468 1778 I.
1492 1747 1535 1787 3,
1558 1750 1589 1779 ti.
1623 1747 1663 1778 V.
1684 1757 1745 1778 nos

966 1796 999 1827 in
1014 1794 1100 1826 libro
1115 1793 1147 1825 d.
1162 1795 1199 1826 de
1211 1795 1348 1825 Cicer-on.
1363 1795 1395 1824 in
1406 1794 1518 1833 philos.
1529 1802 1605 1824 mer.
1623 1803 1656 1835 p.
1667 1789 1745 1824 234.

970 1841 1125 1872 Ceterum
1138 1841 1339 1872 mediocritas
1355 1840 1533 1879 officiorum
1547 1837 1679 1880 gravius
1695 1836 1746 1868 di-

970 1894 1059 1918 ctum
1074 1892 1124 1916 est
1140 1896 1202 1928 pro
1217 1883 1439 1916 mediocribus
1457 1883 1589 1915 officiis.
1623 1884 1663 1914 V.
1677 1881 1747 1915 Ad-

971 1938 1089 1964 notata
1111 1931 1144 1962 in
1171 1943 1198 1962 c.
1225 1931 1262 1968 1,
1289 1932 1315 1962 1.

1038 1979 1081 2009 ad
1104 1979 1211 2009 omnia
1233 1975 1430 2019 caecitatem]
1456 1974 1592 2007 Dictum
1614 1981 1683 2013 est,
1709 1979 1745 2005 ut

969 2026 1013 2057 aet
1033 2026 1140 2056 omnia
1161 2031 1281 2055 caecus.
1314 2021 1404 2055 Coei.
1424 2032 1476 2064 ap.
1496 2021 1561 2052 Cic.
1582 2031 1634 2063 ep.
1650 2020 1742 2059 VIII,

973 2070 1031 2103 13:
1059 2080 1166 2112 neque.
1189 2070 1277 2100 hebes
1299 2068 1343 2099 ad
1362 2069 1419 2108 id,
1443 2066 1534 2110 quod
1553 2066 1670 2098 melius
1691 2065 1745 2104 sit,

969 2113 1235 2157 intelligendum.
1279 2112 1370 2144 Infra
1395 2113 1493 2151 c.15,
1518 2111 1582 2145 33:
1607 2114 1749 2145 hebetare

970 2164 1069 2194 aciem
1093 2161 1135 2192 ad
1157 2161 1302 2192 miserias
1322 2159 1589 2200 contemplandas.
1613 2157 1684 2189 Fin.
1706 2157 1748 2188 II.

970 2207 1034 2247 20,
1060 2206 1124 2239 63:
1161 2206 1291 2236 timidus
1321 2206 1366 2236 ad
1391 2208 1532 2236 mortem.
1578 2203 1621 2236 N.
1644 2204 1682 2240 1).
1705 2203 1748 2242 II,

970 2252 1031 2285 62:
1071 2253 1115 2283 ad
1143 2253 1296 2282 rationem
1319 2251 1550 2290 sollertiamque
1575 2252 1750 2289 praestan-

971 2300 1039 2329 tior.
1070 2298 1168 2329 Dom.
1187 2297 1249 2327 32:
1276 2297 1429 2327 illustrius
1445 2297 1489 2327 ad
1507 2297 1645 2327 laudem.
1680 2293 1747 2325 Ca-

970 2343 1021 2374 til.
1046 2344 1079 2382 1,
1105 2344 1145 2374 ὃς
1172 2340 1263 2385 quod
1287 2346 1337 2371 ost
1355 2343 1456 2373 lenius
1478 2342 1522 2373 ad
1543 2343 1749 2373 severitatem.

973 2389 1072 2421 Corn.
1093 2388 1179 2430 Nep.
1202 2386 1300 2418 Dion.
1322 2387 1411 2425 VIII,
1436 2386 1473 2418 1:
1498 2385 1601 2418 homo
1624 2392 1658 2417 et
1677 2384 1750 2417 cal-

969 2434 1056 2466 lidus
1081 2439 1115 2465 et
1136 2435 1180 2465 ad
1203 2433 1351 2472 fraudem
1372 2435 1495 2463 acutus.
1555 2431 1606 2463 Cf.
1631 2441 1693 2462 nos
1714 2429 1749 2461 in

974 2481 1032 2512 Gr.
1046 2481 1085 2511 L.
1106 2480 1136 2522 gi.
1155 2478 1227 2517 119,
1254 2478 1281 2510 l.
1303 2488 1335 2519 p.
1347 2475 1424 2509 ἰ’-35.
1445 2475 1543 2509 ed.2.

1040 2527 1129 2566 furor
1151 2526 1185 2556 in
1206 2525 1376 2563 sapientem
1395 2540 1440 2546 —
1467 2532 1528 2554 non
1549 2519 1691 2564 insania]
1722 2521 1748 2552 E

972 2571 1162 2603 Stoicorum
1184 2567 1359 2600 sententia.
1384 2568 1425 2599 V.
1444 2566 1538 2609 Diog.
1554 2567 1664 2598 Laert.
1677 2567 1747 2598 VII.

974 2616 1048 2649 118.
1084 2616 1120 2646 In
1138 2621 1211 2645 tota
1231 2613 1317 2644 enim
1333 2612 1397 2644 hac
1417 2611 1643 2654 disputatione
1656 2611 1750 2643 Stoi-

973 2672 1087 2693 corum
1118 2658 1266 2702 vestigiis
1296 2657 1416 2690 institit
1447 2657 1575 2689 Cicero.
1622 2658 1662 2689 V.
1689 2658 1751 2689 In—

971 2705 1119 2738 troduet.

972 2748 973 2751 ’
1041 2752 1152 2783 cadere
1172 2751 1282 2790 possit,
1304 2759 1365 2782 non
1383 2747 1497 2792 possit]
1523 2749 1629 2792 Supra
1650 2749 1676 2780 Ι.
1692 2745 1751 2789 48,

974 2795 1056 2830 116:
1083 2795 1227 2828 rationes
1249 2814 1295 2819 —
1315 2796 1489 2835 defuerunt,
1516 2794 1649 2827 ubertas
1671 2806 1747 2828 ora-

971 2842 1075 2874 tionis
1108 2852 1172 2874 non
1203 2842 1313 2881 defuit.
1365 2839 1457 2872 Infra
1494 2840 1550 2872 IV.
1583 2840 1648 2879 31,
1682 2838 1749 2874 67:

973 2887 1238 2920 contractionem
1260 2885 1361 2918 animi
1381 2892 1474 2918 recte
1497 2885 1567 2918 fieri
1585 2895 1751 2927 nunquam

970 2945 1090 2977 posse,
1124 2932 1304 2965 clationem
1333 2941 1435 2973 posse.
1485 2932 1525 2963 V.
1561 2929 1628 2971 39,
1659 2927 1746 2964 114:

971 2978 1183 3013 Democritus
1217 2977 1293 3011 alba
1316 2984 1351 3011 et
1372 2983 1445 3011 atra
1465 2976 1655 3011 discernere
1684 2986 1748 3010 non
