1843 3101
167 34 251 78 262

168 138 236 167 eas
260 125 496 168 inflammato
522 127 652 169 animo
672 128 968 184 concupiscunt.
1029 128 1158 171 Totus
1180 144 1278 172 vero
1298 130 1397 182 iste,
1442 131 1509 186 qui
1530 131 1650 188 vulgo
1672 146 1738 189 ap-

658 49 827 81 LIBER
850 49 908 82 lv.
933 47 997 91 32,
1020 47 1077 82 69.
1101 47 1164 91 33,
1189 48 1246 85 70.

165 200 333 255 pellatur
360 215 492 253 amor,
538 205 631 254 (nec
657 202 817 245 hercule
841 203 1002 244 invenio
1018 235 1028 255 ‚
1076 219 1151 259 quo
1181 204 1340 246 nomine
1363 204 1441 246 alio
1467 205 1592 261 possit
1612 206 1745 262 appel·

166 273 278 329 lari,)
299 282 427 317 tantae
449 277 622 318 levitatis
648 284 733 330 est,
767 285 810 319 ut
832 278 928 318 nihil
949 278 1128 332 videam,
1163 280 1264 335 quod
1287 286 1417 335 putem
1441 280 1738 322 conferendum.

168 346 296 403 Quem
329 347 526 391 Caecilius

368 447 425 454 —
453 427 559 464 deze'm
590 441 654 479 qm
683 441 757 466 non
786 430 968 466 summam
992 435 1115 479 putet,

239 499 323 535 Aut
350 500 506 538 stultum
522 530 533 547 ,
567 508 634 539 aut
663 515 790 540 rerum
819 516 900 540 esse
928 502 1139 553 imperitum
1169 505 1376 542 existimat:

242 572 317 609 Cae·
342 570 379 610 2'72
410 587 522 613 manu
551 578 624 622 se't,
660 590 764 627 quem
796 577 876 613 esse
905 578 1106 615 dementem
1138 578 1240 624 velit,

245 645 357 694 Quem
387 650 524 699 „cripere
537 679 547 696 ,
583 664 688 701 quem
719 650 887 688 insanire
900 680 910 697 ,
945 664 1051 702 quem
1082 653 1119 689 in
1151 651 1318 689 morbum
1349 653 1472 698 z'm'zbe‘,

245 720 357 768 Quem
388 723 519 761 cantra
548 726 692 771 amari,
728 739 834 776 quem
865 726 1012 776 expeti,
1048 739 1152 777 quem
1183 726 1385 764 arcesse'er.

168 795 237 831 69.
273 789 309 833 Ο
332 794 571 848 praeclaram
592 798 895 839 emendatricem
917 798 1044 849 vitae,
1079 798 1293 853 poetieam!
1328 810 1428 852 quae
1449 811 1640 849 amorem,
1675 798 1743 839 na-

166 865 252 919 gitii
273 873 314 907 et
332 867 505 910 levitatis
525 878 743 924 auctorem,
776 873 816 912 in
838 873 1004 913 concilio
1029 872 1190 912 deorum
1210 872 1479 913 collocandum
1498 879 1622 928 putet.
1682 870 1747 913 De

168 941 371 982 comoedia
394 943 556 997 loquor,
592 959 716 998 quae,
751 946 782 986 si
808 946 904 986 haec
926 946 1071 1000 flagitia
1097 960 1175 986 non
1200 946 1479 1001 probaremus,
1513 946 1617 986 nulla
1638 953 1747 987 esset

168 1015 342 1055 omnino.

146 1080 191 1107 02²·

406 1014 508 1070 Quid
539 1018 591 1058 ait
623 1032 673 1059 ex
705 1019 908 1073 tragoedia
939 1020 1119 1075 princeps
1151 1020 1215 1060 ille
1247 1021 1596 1075 Argonautarum?

247 1088 303 1147 Τζὶ
333 1105 389 1129 me
418 1105 558 1131 anmres
588 1093 732 1144 nitigis,
768 1108 877 1146 quam
908 1096 1063 1134 honoris
1092 1097 1296 1134 servavisti
1317 1098 1469 1147 grcitz‘a.

168 1160 271 1217 Quid
301 1166 423 1220 ergo?
467 1166 528 1207 hic
550 1180 661 1208 amor
686 1165 855 1208 Medeae
883 1176 1025 1222 quanta
1052 1168 1299 1210 miseriarum
1324 1168 1517 1210 excitavit
1540 1169 1744 1210 incendia!

163 1236 297 1293 Atque
328 1253 375 1281 ea
400 1246 529 1282 tamen
555 1242 656 1297 apud
685 1242 803 1283 alium
829 1248 983 1298 poetam
1006 1243 1106 1299 patri
1131 1244 1263 1285 dicere
1288 1244 1424 1295 audet,
1472 1257 1516 1284 se
1540 1243 1749 1299 coniugem

165 1311 348 1355 habuisse

239 1366 374 1436 I'llum,
408 1393 532 1429 Amor
561 1405 666 1443 quem
697 1393 873 1439 dederat,
908 1394 976 1443 qm·
996 1393 1087 1443 plus
1110 1394 1235 1444 pellet
1257 1395 1459 1445 potiorque
1487 1394 1547 1432 est
1567 1400 1696 1445 patre.

278 1458 490 1504 XXXIII.
539 1469 610 1506 70.
646 1462 726 1506 Sed
760 1469 897 1520 poetas
927 1465 1064 1506 ludere
1095 1466 1294 1517 sinamus,
1339 1480 1504 1521 quorum
1539 1466 1680 1508 fabulis
1707 1465 1750 1508 in

164 1533 238 1575 hoc
274 1535 419 1591 flagitio
450 1539 601 1579 versari
636 1539 762 1594 ipsum
799 1540 978 1580 videmus
1014 1529 1167 1581 Iovem.
1230 1540 1293 1581 Ad
1329 1541 1540 1595 magistros
1571 1540 1746 1591 virtutis,

164 1607 439 1665 philosophos,
486 1612 718 1665 veniamus,
766 1614 828 1668 qui
855 1628 1027 1655 amorem
1051 1622 1196 1670 negant
1217 1615 1341 1670 stupri
1368 1628 1458 1656 esse
1480 1614 1580 1655 etin
1605 1628 1652 1656 eo
1671 1614 1748 1656 liti-

162 1689 258 1738 gant
289 1697 377 1725 cum
403 1683 603 1741 Epicuro,
653 1700 731 1729 non
765 1687 953 1739 multum,
999 1696 1042 1729 ut
1074 1689 1205 1744 opinio
1240 1702 1329 1729 mea
1365 1688 1465 1739 fert,
1512 1689 1744 1731 mentiente.

164 1754 265 1812 Quis
287 1765 348 1799 est
371 1760 474 1801 enim
497 1760 572 1802 iste
593 1775 705 1802 amor
725 1763 946 1804 amicitiae?
978 1777 1048 1804 cur
1066 1776 1193 1818 neque
1217 1763 1432 1803 deformem
1453 1763 1746 1805 adolescentem

231 1857 325 1887 Totus
346 1857 434 1899 vero]
462 1857 512 1889 De
529 1867 601 1890 vero
621 1870 652 1889 v.
675 1857 717 1890 ad
740 1859 764 1890 1.
790 1856 853 1898 41,
877 1858 934 1892 98.
970 1861 1020 1892 De
1041 1860 1219 1892 verborum
1247 1858 1521 1903 pronuntiatione
1547 1870 1578 1891 v.
1600 1858 1644 1892 ad
1662 1861 1688 1892 Ι.
1711 1858 1744 1900 9,

228 1911 290 1941 quo
309 1905 432 1935 nomine
446 1905 510 1935 alio
521 1907 618 1943 possit
633 1905 803 1948 appellari]
829 1905 935 1937 Recte

165 1946 293 1986 Wolfius
322 1955 437 1980 monet
465 1949 640 1981 commode
667 1951 815 1983 Graecos
845 1950 936 1982 inter

163 1988 242 2035 ἐρᾷν
267 1998 300 2023 et
324 1994 431 2036 φιλεῖν
455 1993 668 2037 distinguere.

228 2038 322 2069 deum
342 2040 410 2081 qui]
437 2041 521 2071 Sunt
543 2041 663 2072 senarii
686 2041 829 2074 iambici.
868 2041 934 2072 Ce-

161 2086 270 2113 terum
293 2084 414 2125 gemini
437 2097 550 2117 versus
579 2097 618 2118 ex
639 2087 806 2131 Euripidis
832 2087 933 2119 fabu-

162 2125 214 2168 la,
239 2138 322 2170 quae
342 2132 428 2170 Auge
450 2131 609 2175 inscripta
641 2140 730 2172 erat,
755 2133 934 2166 laudantur

163 2171 253 2215 apud
270 2173 451 2206 stobaeum
475 2178 579 2209 Serm.
603 2178 696 2210 LXI.
720 2179 852 2222 9357..
879 2178 935 2222 qui

162 2217 212 2249 sic
231 2228 266 2249 se
290 2217 432 2251 babent:

199 2258 345 2305 Ἔρωτα
365 2260 395 2298 δ’
417 2260 506 2303 ὅςτις
529 2264 575 2308 μὴ
602 2267 680 2302 ἓεὸν
704 2268 808 2311 κρίνει
828 2268 932 2312 μέγαν

205 2308 279 2342 Καὶ
294 2309 360 2343 τῶν
374 2307 530 2343 ἁπάντων
553 2311 722 2354 δαιμόνων
739 2313 932 2356 ὑπέρτατον,

196 2349 254 2388 'H
276 2353 393 2393 σκαιός
416 2353 525 2395 ἐστιν,
550 2351 574 2398 ἦ
599 2359 710 2391 καλῶν
733 2356 868 2402 ἄπειρος
888 2355 934 2394 ὢν

207 2397 284 2434 Οὔκ
299 2397 371 2434 οἶδε
384 2398 441 2434 τὸν
461 2400 616 2444 μέγιστον
633 2399 821 2444 &abaciam
842 2403 930 2440 2262.

232 2447 291 2478 Cui
302 2448 335 2478 in
350 2456 448 2479 manu
461 2449 501 2478 sit
511 2447 590 2491 etc]
608 2449 644 2479 In
658 2449 746 2480 cuius
762 2457 932 2493 potestate

161 2488 214 2529 sit,
241 2502 339 2535 quem
359 2491 551 2524 dementem
573 2504 644 2525 esse
665 2494 756 2532 velit,
783 2507 856 2526 eum
874 2496 933 2527 de·

161 2543 311 2568 mentem
331 2549 401 2569 esse
425 2537 479 2569 vel
503 2549 578 2570 eum
599 2538 787 2571 dementem
809 2541 931 2572 faeere.

229 2581 287 2615 69.
311 2585 401 2615 nulla
423 2587 498 2616 esset
518 2584 657 2629 omnino]
683 2584 843 2628 Intelligit
859 2587 930 2617 Ro-

160 2638 292 2659 manam
325 2634 360 2659 et
380 2628 584 2661 Graecorum
614 2629 836 2662 recentiorem
871 2642 931 2662 co-

161 2672 345 2714 moediam,
371 2686 440 2707 non
464 2681 630 2717 veterem,
657 2675 761 2720 qualis
784 2682 834 2708 est
853 2676 931 2708 Ari-

162 2718 347 2761 stephanis,

229 2766 277 2797 Tu
293 2764 358 2809 me]
379 2766 439 2798 Est
451 2772 648 2799 tetrameter
664 2767 853 2800 trochaicus
873 2778 932 2799 ea-

160 2808 344 2843 talecticus.
369 2811 466 2855 Apud
478 2812 591 2857 Eurip.
602 2812 693 2846 Med.
704 2812 781 2847 530.
798 2812 846 2845 sic
857 2814 931 2845 Iaso

162 2853 319 2887 Medeam
339 2855 537 2900 alloquitur:

209 2917 346 2924 ——

255 2940 265 2950 ‚
554 2899 677 2944 ’Έρως
700 2899 731 2938 σ’
754 2900 933 2947 ἠνάγκασε

206 2941 329 2978 Πονων
341 2942 504 2988 dedum
514 2944 640 2991 τούμὸν
652 2949 806 2984 ἐκσῶσαι
815 2949 933 2993 δέμας.

1036 1952 1144 1994 Illum]
1171 1952 1230 1983 Est
1253 1957 1450 1983 tetrameter
1471 1949 1659 1982 trochaicus
1682 1961 1741 1982 ca-

969 1996 1156 2029 talecticus.

1043 2043 1119 2074 CAP.
1140 2043 1307 2074 XXXIII.
1343 2041 1398 2076 70.
1443 2051 1577 2082 quorum
1612 2041 1743 2085 fabulis]

970 2089 1058 2120 Bene
1085 2090 1213 2129 Wolfius
1233 2093 1347 2120 monet
1369 2089 1497 2128 fabulas
1518 2086 1551 2119 h.
1567 2086 1589 2118 l.
1613 2086 1745 2119 intelli-

969 2133 1094 2177 gendas
1117 2145 1187 2165 esse
1210 2130 1357 2177 μύὶῖους,
1383 2143 1450 2174 non
1473 2131 1620 2164 scenicas
1643 2132 1747 2165 fabu-

969 2180 1035 2212 las:
1077 2179 1167 2222 quod
1192 2180 1219 2211 si
1243 2185 1348 2216 esset,
1381 2178 1576 2210 Ciceronem
1596 2178 1748 2222 scriptu-

968 2237 1042 2258 rum
1067 2225 1169 2256 fuisse
1194 2228 1225 2257 in
1249 2226 1376 2265 sabulis.

1036 2275 1151 2312 neyanae
1181 2273 1282 2311 stupri
1317 2271 1395 2312 esse]
1436 2268 1541 2302 Stoici
1574 2268 1745 2311 dicebant,

969 2328 1117 2349 amorem
1139 2314 1185 2359 μή
1203 2314 1286 2350 εἶναι
1308 2313 1497 2354 συνουσίας,
1517 2311 1603 2349 οἶλλά
1616 2314 1743 2358 φιλίας.

971 2362 1070 2406 Diog.
1095 2363 1208 2394 Laert.
1228 2362 1303 2393 VH.
1329 2360 1403 2394 130.

1035 2411 1069 2440 in
1092 2410 1282 2440 Graecorum
1301 2408 1477 2448 gymnasiis
1496 2406 1574 2450 etc.]
1603 2405 1744 2437 cneio.

968 2453 1010 2485 de
1034 2454 1116 2496 Rep.
1137 2454 1201 2492 IV,
1225 2455 1276 2492 5.,
1312 2451 1367 2484 ubi
1395 2451 1513 2484 Cicero
1545 2454 1580 2484 in
1607 2452 1743 2483 Graecia

967 2498 1013 2530 ait
1033 2501 1199 2540 opprobrio
1215 2500 1310 2539 fuisse
1325 2499 1581 2537 adolescentibus,
1605 2498 1633 2528 si
1650 2505 1745 2527 ama-

966 2548 1046 2576 tores
1080 2555 1143 2576 non
1183 2546 1338 2576 haberent.
1384 2542 1484 2574 Corn.
1517 2541 1602 2584 Nep.
1632 2540 1742 2584 praef.

968 2589 1051 2623 (xl-l:
1092 2589 1197 2620 Laudi
1229 2589 1263 2620 in
1292 2587 1433 2619 Graecia
1465 2585 1598 2618 ducitur
1625 2585 1745 2618 adole-

967 2626 1136 2665 {centibus
1161 2645 1260 2678 quam
1281 2632 1443 2677 plurimos
1465 2631 1590 2664 habere
1610 2637 1743 2664 amato-

966 2689 1030 2710 res.

1035 2725 1168 2766 anyiei]
1184 2724 1244 2755 Est
1257 2728 1454 2755 tetrameter
1464 2721 1575 2754 troch.
1589 2721 1742 2754 catalect.

1035 2771 1120 2809 quod
1140 2778 1171 2800 se
1192 2771 1256 2809 ipsi
1276 2770 1431 2800 continent
1451 2767 1532 2811 etc.]
1558 2767 1649 2811 quod
1672 2778 1741 2799 non

967 2813 1059 2857 leges
1080 2813 1234 2858 publicae
1253 2824 1322 2856 eos,
1346 2812 1408 2845 sed
1427 2812 1491 2857 ipsi
1512 2824 1548 2845 se
1569 2812 1746 2846 continent

968 2866 1003 2892 et
1026 2863 1194 2892 coe'rcent.

1035 2905 1090 2939 71.
1113 2907 1202 2946 apud
1213 2905 1397 2945 Euripidem
1411 2904 1523 2947 Laius]
1549 2903 1584 2936 in
1604 2908 1743 2946 tragoe-

969 2949 1023 2983 dia
1044 2950 1230 2994 deperdita,
1255 2961 1339 2993 quae
1359 2949 1520 2993 inscripta
1541 2955 1614 2982 erat
1631 2947 1744 2992 Chry·-
