1859 3133
662 58 830 92 LIBER
858 59 881 91 ι.
907 56 973 100 30,
996 55 1054 93 73.

1601 47 1654 92 91

60 142 210 187 tionem
240 142 387 185 hahere
414 140 650 192 videantur,
694 152 770 194 qua
802 139 1082 195 providentes,
1115 137 1206 194 quid
1233 137 1275 179 in
1312 143 1442 179 morte
1470 137 1564 178 boni
1586 140 1654 189 sit,

58 231 148 262 eum
195 225 315 261 cantu
359 224 401 260 et
441 216 644 272 voluptate
678 214 923 267 moriantur-3
967 215 1025 256 sic
1059 213 1242 256 omnibus
1285 212 1401 254 bonis
1447 219 1487 254 et
1531 213 1659 255 doctis

54 306 152 337 esse
186 293 422 336 faciendum.

484 290 575 334 Nec
605 304 705 332 vero
735 289 783 330 de
815 289 890 331 hoc
922 290 1128 345 quisquam
1160 288 1342 331 dubitare
1376 295 1536 345 posset,
1581 289 1659 330 nisi

58 368 163 411 idem
183 368 297 410 nobis
321 367 537 419 accideret,
571 366 781 421 diligenter
802 364 850 406 de
872 365 1004 406 auimo
1028 364 1312 419 cogitantibus,
1345 364 1449 420 quod
1468 364 1518 405 iis
1539 378 1659 420 saepe

60 457 136 486 usu
166 443 302 495 venit,
349 443 414 499 qui
445 457 563 499 quum
595 441 743 484 acriter
776 439 902 482 oculis
939 439 1186 482 deiicientem
1225 440 1350 481 solem
1389 440 1657 493 intuerentur,

58 525 104 562 ut
131 518 361 576 adspectum
392 518 553 560 omnino
582 517 836 568 amitterent3

880 514 939 556 sic
970 515 1114 556 mentis
1146 515 1254 556 acies
1287 529 1330 557 se
1364 515 1449 572 ipsa
1479 515 1657 569 intuens,

59 607 343 650 nonnunquam
373 593 574 644 hebescit,
609 591 658 633 ob
682 605 847 647 eamque
878 604 1062 632 caussam
1095 590 1385 645 contemplandi
1416 591 1659 647 diligentiam

60 668 293 711 amittimus.

354 666 494 725 Itaque
518 668 728 720 dubitans,
769 667 1132 722 circumspectam,
1176 665 1377 707 haesitans
1393 698 1403 718 ,
1446 667 1567 708 multa
1591 667 1662 708 ad-

60 757 183 787 versa
210 755 430 797 reverens,
480 749 664 799 tanquam
699 743 740 784 in
774 749 860 784 rate
891 743 930 784 in
962 742 1060 783 mari
1096 741 1292 783 immenso
1328 748 1466 782 nostra
1502 742 1662 784 vehitur

1153 802 1167 817 .

62 869 273 905 ciceroniana
301 876 394 904 aetat
435 869 639 904 succedebat
667 881 727 904 usu
757 871 841 903 venit

86 928 125 950 ro
151 916 285 950 accidit.
332 917 400 950 Tra
426 916 525 950 situm
558 917 600 949 ab
631 917 696 949 hac
723 916 766 949 ad
797 916 839 948 it-

59 928 129 997 iitm
144 963 347 997 locutionem
367 963 518 996 videmus
539 963 629 1008 apud
644 963 842 997 Terentium

61 1009 238 1043 Phorm.1.
255 1011 298 1049 2,
322 1008 387 1043 23:
416 1010 500 1043 Dav.
521 1011 548 1041 Ο
569 1010 674 1049 Geta,
700 1009 842 1054 provin-

63 1055 150 1089 ciam
182 1055 300 1100 cepisti
333 1055 462 1088 duram.
499 1056 542 1088 G.
591 1058 636 1089 Mi
661 1066 737 1088 usus
760 1058 844 1088 venit

63 1104 144 1142 hoc,
184 1102 256 1135 scio
279 1107 358 1134 cett.
391 1101 505 1142 „mich
535 1103 607 1134 tras
633 1102 753 1134 einmal
784 1100 842 1133 das

62 1148 195 1182 Loos.“
236 1148 331 1189 Quae
349 1147 484 1181 dicendi
501 1147 587 1181 ratio
607 1160 707 1192 quum
728 1147 844 1180 durior

62 1193 179 1229 haberi
204 1200 326 1238 coepta
358 1201 467 1235 esset,
505 1194 715 1227 ciceroniana
737 1200 841 1233 aetas,

63 1240 210 1274 fortasse
230 1239 297 1272 iam
322 1239 412 1284 prius
434 1251 612 1285 suppressa
633 1240 666 1272 in
690 1251 842 1284 pronun-

63 1286 207 1320 tiatione
229 1285 345 1319 littera
369 1285 460 1319 finali
481 1297 496 1320 s
520 1286 664 1330 decepta
686 1298 747 1330 pro
769 1296 845 1318 usus

62 1332 197 1366 dicebat
217 1344 278 1366 usu
298 1336 381 1366 venit
405 1332 426 1365 i.
452 1344 482 1365 e.
507 1331 714 1377 experientia
737 1332 845 1365 offer-

62 1386 139 1421 tur,
163 1390 239 1413 casu
258 1378 307 1412 fit.
354 1379 420 1412 Atii
439 1390 500 1413 usu
519 1382 624 1412 venire
643 1386 752 1412 ortum
772 1390 845 1411 esse

62 1432 183 1470 putant
206 1436 247 1458 ex
267 1428 340 1458 usui
357 1428 462 1459 venire
470 1436 481 1467 ,·
505 1425 657 1458 dativum
677 1425 765 1458 enim
787 1426 843 1458 IV.

61 1471 297 1505 declinationis
321 1471 504 1516 antiquitus
532 1471 704 1505 terminari
737 1471 770 1504 in
803 1482 846 1512 ιι,-

64 1517 205 1552 ablativi
229 1517 296 1550 vim
320 1517 438 1561 (durch
466 1517 531 1551 den
557 1518 755 1557 Gebrauch,
792 1517 847 1550 bei

65 1563 144 1597 dem
169 1563 271 1597 Gebr.
292 1563 464 1603 kommenl
491 1571 570 1609 apte
595 1563 753 1609 explicari
777 1576 845 1596 non

65 1621 185 1655 posse,
220 1621 321 1654 quum
343 1610 427 1644 haec
451 1611 595 1644 formula
619 1611 784 1653 significet
816 1621 847 1643 es

63 1658 183 1690 homme
199 1658 253 1698 fur
270 1658 329 1690 den
354 1659 529 1698 Gebrauch,
553 1668 624 1690 zum
646 1660 752 1698 Gebr.,
775 1659 848 1689 usui

64 1705 225 1744 scoffert,
247 1705 331 1736 venit
345 1705 391 1736 rei
410 1714 506 1744 usus,
529 1706 656 1737 accidit.
704 1705 767 1736 Pro
788 1713 848 1735 usu

66 1751 173 1782 venire
192 1748 226 1781 in
246 1755 397 1782 veterum
417 1749 622 1794 scriptorum
644 1749 847 1794 exemplari-

66 1794 129 1828 bus
159 1806 260 1839 saepe.
292 1794 416 1839 legitur
441 1806 502 1828 usu
530 1799 663 1829 evenire.
720 1798 848 1828 'Verum

68 1852 171 1894 quum
193 1840 337 1886 primurn
360 1841 512 1886 plurimis
537 1842 621 1875 locis
652 1853 712 1874 usu
745 1845 850 1875 venire

66 1898 138 1920 sme
161 1887 306 1920 varianti
336 1887 485 1922 lectione
515 1899 576 1921 usu
604 1891 726 1921 evenire
748 1899 848 1931 repe-

67 1933 196 1975 riatur,
230 1941 303 1967 tum
333 1946 402 1967 non
438 1935 553 1978 paucis
585 1934 720 1978 quidem
753 1933 848 1973 locis,

67 1978 128 2012 sed
151 1979 185 2012 in
209 1979 452 2013 recentioribus
475 1987 607 2013 tantum
640 1987 674 2011 et
696 1979 850 2011 deterio-

66 2025 160 2059 ribus
183 2027 280 2059 MSS.
302 2026 387 2059 haec
409 2025 565 2059 lectionis
587 2025 730 2057 varietas
753 2036 850 2057 com-

69 2078 206 2116 pareat,
229 2071 333 2105 lectio
352 2082 414 2104 usu
431 2075 537 2104 venire
561 2077 678 2103 contra
699 2070 851 2115 optimo-

69 2129 144 2150 rum
168 2117 269 2150 codd.
293 2116 496 2150 auctoritate
517 2116 645 2150 munita
667 2116 730 2156 sit,
770 2117 850 2149 nul-

69 2162 121 2196 lus
141 2162 286 2207 denique
305 2162 398 2196 locus
421 2163 557 2196 excitari
575 2162 703 2207 possit,
727 2163 762 2196 in
784 2174 850 2207 quo

70 2219 133 2242 usu
151 2211 272 2242 evenire
291 2208 334 2241 ab
355 2209 506 2242 omnibus
528 2209 628 2242 codd.
650 2221 848 2254 repraesen-

72 2261 183 2287 tetur:
208 2254 263 2287 vix
283 2254 502 2288 dubitandum
519 2255 670 2295 videtur,
698 2255 777 2300 quin
797 2256 851 2288 le—

74 2301 142 2334 ctio
163 2311 223 2334 usu
241 2303 363 2334 evenire
385 2314 426 2334 ex
449 2301 731 2346 interpretatione
751 2302 851 2335 locu-

69 2346 172 2380 tionis
201 2357 262 2380 usu
284 2350 389 2382 venire
419 2360 481 2392 per
503 2348 707 2393 adscriptam
732 2361 851 2382 vocem

70 2396 193 2427 evenire
214 2393 366 2437 profecta
385 2394 442 2427 sit.

140 2442 195 2482 qui
213 2450 311 2481 quum
329 2443 445 2475 acriter
459 2460 504 2466 —-
521 2441 730 2486 intuerentur]
756 2442 852 2474 Haec

71 2484 116 2518 ad
136 2485 273 2518 verbum
292 2498 400 2530 paene
420 2499 576 2532 expressa
597 2494 676 2520 sunt
694 2499 712 2520 e
730 2487 849 2521 Plato-

72 2531 125 2565 nis
139 2531 318 2565 Phaedone
336 2544 368 2577 p.
381 2532 437 2567 99.
456 2534 505 2566 D:
534 2531 582 2577 μή
603 2532 748 2577 πάῖοιμι
766 2530 850 2577 ὅπερ

32 2595 34 2601 f
73 2576 106 2612 οἱ
136 2575 195 2613 τὸν
221 2573 314 2621 ἥλιον
337 2577 533 2614 ἐκλείποντα
555 2580 764 2623 :scopo-321&
792 2579 852 2615 καὶ

40 2644 41 2647 =
73 2621 317 2668 σκοπούμενοι·
341 2625 596 2670 διαφῦείρονται
613 2624 678 2670 γάρ
695 2638 759 2660 που
773 2625 854 2661 ἔνιοι

74 2666 118 2723 τᾷ
139 2664 298 2714 ὄμματα,
323 2669 381 2706 ἐὰν
403 2669 451 2716 μή
475 2670 508 2706 ἐν
530 2668 630 2707 ὕδατι
650 2669 676 2715 ἤ
696 2684 760 2707 τινι
780 2685 850 2707 τοι·

75 2725 165 2760 ουτῳ
188 2717 381 2752 σκοπῶνται
399 2715 462 2761 τὴν
484 2716 601 2753 εἰκόνα
619 2714 735 2753 αὐτοῦ.
786 2719 854 2751 Ce-

75 2765 186 2794 terum
202 2761 231 2794 si
250 2762 346 2796 huius
368 2763 438 2796 loci
458 2763 572 2804 lectio,
594 2764 700 2809 qualis
720 2764 754 2797 in
776 2764 854 2798 edd.

78 2804 180 2849 vulgo
201 2808 394 2851 exhibetur,
431 2821 510 2842 vera
532 2817 604 2851 est,
632 2810 749 2843 Cicero
771 2823 855 2844 coe-

78 2856 173 2903 ptam
193 2854 372 2889 verborum
396 2856 671 2889 consecutionem
693 2856 854 2890 deseruit.

78 2895 266 2932 Dicendum
288 2900 378 2933 enim
399 2907 489 2934 erat:
515 2904 599 2943 quod
621 2905 661 2936 iis
680 2913 774 2944 saepe
794 2914 856 2936 usu

77 2943 188 2985 vem'l,
206 2944 264 2988 qui
283 2949 397 2980 aer-iter
414 2966 462 2973 —
482 2949 663 2990 intuentur,
685 2953 721 2981 ut
741 2951 856 2990 adspe-

78 2991 166 3021 ctum
182 2992 505 3028 omnino-amitterent
526 2993 581 3028 vel
599 2995 684 3036 quod
704 2996 745 3029 iis
763 3004 857 3037 saepe

876 880 936 902 usu
956 871 1059 909 venit,
1087 872 1160 911 qui,
1184 879 1281 910 quum
1300 885 1344 893 —
1366 872 1578 911 intuerentur,
1601 870 1661 902 ud-

875 920 1014 958 spectum
1036 918 1162 948 omnino
1185 919 1368 948 amiserunt.

947 965 991 995 sic
1004 965 1115 995 mentis
1129 964 1213 994 acies
1227 962 1309 1006 etc.]
1332 961 1439 994 Etiam
1456 961 1540 994 haee
1556 973 1660 994 enun-

878 1007 975 1040 tiatio
1001 1008 1223 1051 negligentius
1249 1008 1406 1040 adiuncta
1432 1015 1492 1040 est.
1543 1007 1662 1040 Oratio

877 1054 920 1086 ad
946 1054 1182 1098 grammaticae
1215 1065 1367 1087 normam
1399 1054 1447 1086 sie
1473 1055 1662 1097 composita

879 1112 952 1132 esse
976 1100 1140 1132 debebat:
1177 1102 1261 1141 quod
1293 1104 1331 1133 iis
1357 1110 1450 1141 saepe
1483 1111 1542 1132 usu
1568 1103 1663 1141 venit,

879 1149 932 1188 qui
953 1150 1068 1179 acriter
1087 1149 1186 1180 ocutis
1206 1148 1399 1187 deficientem
1421 1149 1517 1178 sotem
1540 1149 1662 1179 intuen-

878 1197 939 1225 tur.
987 1195 1070 1225 Nam
1094 1197 1127 1225 ut
1150 1194 1181 1224 tu'
1204 1195 1389 1234 adspectum
1413 1195 1583 1232 amittunt,
1618 1195 1663 1224 sic

879 1241 990 1271 mentis
1013 1241 1097 1271 acies
1113 1245 1178 1270 etc.
1229 1239 1347 1271 Cicero
1375 1250 1434 1282 per
1461 1241 1506 1271 sic
1531 1238 1659 1271 oratio-

881 1296 956 1316 nem
981 1285 1213 1323 continumit,
1248 1296 1436 1329 quanquam
1458 1296 1527 1317 non
1551 1296 1661 1317 enun-

880 1330 978 1363 tiatio
1009 1330 1238 1374 comparativa
1272 1331 1451 1374 praemissa
1485 1337 1557 1370 est,
1601 1330 1664 1363 sed

881 1377 1090 1421 comparatio
1114 1384 1246 1409 tantum
1268 1377 1340 1421 ipsa
1372 1378 1405 1409 in
1425 1377 1662 1409 antecedenti-

881 1423 941 1456 bus
964 1423 1072 1455 verbis
1096 1423 1191 1456 latet.
1238 1425 1331 1456 llaec
1347 1423 1479 1468 saepius
1503 1430 1554 1456 est
1570 1435 1664 1456 caus-

880 1483 916 1503 sa
938 1470 1099 1503 orationis
1122 1466 1364 1505 οἱνακολούῖου.

950 1527 982 1550 se
1005 1519 1077 1558 ipsa
1097 1519 1234 1561 intuens]
1250 1517 1304 1549 Sic
1320 1523 1412 1549 recte
1429 1515 1548 1560 optimi
1565 1515 1664 1549 codd.

882 1575 944 1608 pro
978 1564 1068 1606 vulg.
1103 1573 1134 1596 se
1167 1565 1283 1604 ipsam.
1331 1564 1439 1606 Supra
1466 1563 1571 1603 c.11,
1596 1560 1662 1596 24:

880 1619 1004 1643 mecum
1038 1612 1102 1651 ipse
1131 1608 1173 1642 de
1193 1609 1447 1642 immortalitate
1478 1609 1666 1641 animorum

884 1657 979 1700 coepi
1002 1656 1162 1698 cogitare.
1214 1655 1347 1688 Cornel.
1366 1656 1453 1699 Nep.
1472 1656 1602 1687 Datam.
1621 1655 1663 1695 V,

887 1705 898 1736 l
917 1715 924 1735 :
959 1713 991 1735 se
1012 1705 1076 1744 ipse
1104 1702 1148 1745 gh.
1170 1714 1199 1735 e.
1222 1713 1284 1735 non
1305 1703 1402 1743 alius)
1429 1699 1664 1744 reprehendit:

884 1756 1003 1782 contra
1033 1759 1088 1789 „se
1113 1751 1218 1789 ipsum
1243 1747 1484 1790 reprehendiv‘
1506 1746 1577 1779 scil.
1603 1757 1665 1779 non

883 1798 995 1828 aliurn.
1043 1794 1136 1826 Infra
1156 1792 1252 1833 046,
1278 1793 1360 1827 111:
1384 1805 1427 1825 ne
1447 1795 1667 1834 nosmetipsos

883 1853 996 1874 amare
1024 1839 1207 1872 videamur.
1257 1838 1381 1879 11.‡21,
1407 1837 1470 1874 47:
1497 1850 1540 1871 ne
1561 1841 1666 1872 nobis-

883 1891 945 1919 met
965 1889 1043 1927 ipsis
1066 1886 1279 1929 imperemus.
1326 1887 1386 1918 111.
1402 1884 1445 1925 3,
1469 1884 1511 1919 6:
1537 1891 1574 1917 ut
1592 1895 1667 1918 nos·

884 1937 945 1965 met
964 1934 1026 1973 ipsi
1044 1931 1140 1964 nobis
1161 1931 1290 1965 mederi
1311 1931 1484 1977 possimus.
1521 1930 1578 1971 29,
1600 1930 1665 1965 73:

883 1982 1003 2012 nosmet
1030 1979 1114 2019 ipsos
1144 1989 1302 2011 amemus.
1350 1978 1555 2011 Constanter
1577 1975 1667 2009 enim

885 2023 975 2068 apud
1004 2023 1200 2057 Ciceronem
1230 2036 1324 2057 casus
1358 2023 1568 2068 pronominis
1599 2026 1667 2064 ipse

887 2070 976 2104 casui
993 2070 1200 2114 pronominis
1221 2071 1406 2114 personalis
1425 2069 1668 2104 accommoda-

886 2124 960 2157 tur,
985 2116 1015 2149 si
1032 2117 1062 2149 ei
1086 2116 1243 2150 enclitica
1266 2122 1327 2151 met
1347 2117 1520 2151 adhaeret.
1567 2114 1669 2160 Apud

885 2163 968 2196 alios
990 2163 1172 2208 scriptores
1205 2175 1257 2196 res
1285 2164 1384 2196 aliter
1411 2176 1448 2196 se
1469 2163 1592 2202 habet,
1631 2167 1668 2194 ut

885 2209 966 2242 Sall.
987 2211 1057 2254 Iug.
1079 2212 1139 2249 16,
1166 2209 1204 2244 7:
1230 2214 1324 2243 semet
1339 2212 1402 2252 ipsi
1420 2209 1582 2242 Numidas
1602 2220 1667 2252 ap-

884 2255 1067 2301 pellavere.
1128 2255 1221 2288 Idem
1255 2256 1346 2289 valet
1375 2256 1418 2288 de
1453 2256 1563 2288 forma
1591 2265 1667 2288 sese.

886 2303 1137 2347 Nonnunquam
1158 2310 1271 2335 tamen
1305 2302 1406 2335 etiam
1435 2310 1527 2342 tum,
1566 2312 1667 2345 quum

884 2348 1037 2382 subiecto
1061 2348 1230 2381 obiectum
1253 2349 1456 2393 opponitur,
1480 2346 1668 2381 nominati-

885 2407 945 2427 vus
965 2398 1033 2436 ipse
1055 2394 1213 2438 ponitur,
1249 2403 1286 2428 ut
1306 2395 1449 2428 subiecti
1481 2394 1530 2427 vis
1552 2391 1667 2437 gravi-

884 2447 939 2474 ter
960 2441 1139 2481 efferatur,
1165 2449 1202 2474 ut
1225 2441 1269 2474 ad
1290 2442 1383 2474 Fam.
1405 2443 1430 2474 1.
1449 2443 1486 2480 1,
1514 2440 1550 2473 1:
1576 2448 1665 2480 „ego

886 2487 978 2520 omni
1009 2487 1125 2520 officio
1159 2499 1199 2521 ac
1221 2488 1333 2532 potius
1364 2487 1491 2532 pietate
1524 2496 1602 2528 erga
1631 2490 1668 2515 te

886 2537 994 2567 ceteris
1012 2533 1186 2566 satisfacio
1206 2534 1371 2573 omnibus,
1395 2535 1472 2566 mihi
1491 2534 1558 2572 ipse
1576 2541 1669 2562 nun-

887 2592 986 2624 quam
1015 2580 1225 2613 satisfaeio.“
1287 2582 1329 2612 V.
1363 2581 1503 2612 Kithner.
1534 2577 1576 2608 L.
1607 2575 1667 2607 Gr·

888 2627 917 2671 ς.
933 2626 1019 2666 122,
1044 2629 1078 2660 ὅ.
1103 2633 1138 2659 et
1160 2627 1243 2660 Not.
1262 2624 1312 2660 14.
1338 2638 1372 2670 p.
1387 2622 1455 2657 264
1468 2634 1517 2666 sq.
1542 2621 1595 2653 ed.
1609 2620 1644 2673 2⁰.

954 2675 1058 2706 multa
1070 2675 1209 2706 adversa
1222 2672 1379 2713 reverens]
1403 2668 1544 2702 Rariore
1559 2667 1666 2711 sigm-

887 2718 1044 2752 ficatione
1068 2731 1131 2763 pro
1154 2722 1275 2752 timens.
1321 2719 1458 2750 Terent.
1474 2714 1607 2746 Phorm.
1622 2714 1666 2746 ΙΙ.

891 2765 922 2804 1,
945 2766 986 2798 5:
1011 2765 1215 2810 simultatem
1236 2765 1380 2797 reuereri.
1417 2759 1484 2792 Cic.
1506 2758 1549 2792 de
1573 2761 1667 2792 Orat.

888 2812 932 2844 11.
950 2811 1015 2852 28,
1042 2812 1125 2845 122:
1162 2811 1273 2843 dicam
1305 2807 1393 2840 enim
1427 2817 1498 2838 non
1524 2816 1668 2839 reverens

888 2857 1082 2890 assentandi
1107 2856 1342 2900 suspicionem.

957 2907 1111 2944 tanquam
1133 2905 1167 2934 in
1189 2905 1256 2934 rate
1280 2902 1313 2932 in
1334 2901 1486 2931 immenso
1506 2900 1592 2931 mari
1611 2908 1664 2932 ve·

888 2951 973 2983 luitur
993 2948 1109 2990 oratio]
1129 2948 1169 2979 In
1186 2946 1251 2979 hac
1264 2956 1397 2990 quoque
1413 2944 1665 2989 comparatione

890 2994 1021 3029 Tullius
1049 2999 1164 3027 noster
1182 2991 1331 3026 Platonis
1359 2989 1499 3036 vestigia
1528 2990 1662 3038 pressit.
