1843 3101
205 53 290 98 268

205 149 298 185 sunt
325 142 366 183 in
390 140 508 181 malo.

207 223 283 259 est.
345 213 423 268 Qui
451 220 578 253 autem
601 212 742 252 natura
765 210 946 250 dicuntur
966 209 1169 261 iracundi,
1202 216 1268 250 aut
1293 209 1594 260 misericordes,
1627 215 1695 250 aut
1714 208 1775 249 in-

204 290 310 340 vidi,
356 294 421 328 aut
453 286 529 328 tale
557 285 670 340 quid,
716 284 751 324 ei
783 291 875 325 sunt
897 284 1097 324 constituti
1123 283 1231 338 quasi
1261 283 1362 324 mala
1387 282 1610 324 valetudine
1636 280 1771 331 animi,

703 56 874 90 mann
895 57 951 91 iv.
975 53 1038 98 37,
1062 53 1118 89 81.
1141 53 1206 98 38,
1230 54 1286 89 82.

569 136 679 192 Ergo
706 143 749 177 ut
778 136 997 177 constantia
1021 135 1209 177 scientiae
1224 167 1235 187 ,
1283 134 1340 177 sic
1361 133 1601 190 perturbatio
1626 134 1774 176 erroris

205 362 402 406 sanabiles
435 367 590 410 tamen,
635 365 677 399 ut
701 355 888 400 Socrates
919 357 1073 398 dicitur.
1137 356 1267 411 Quum
1289 357 1408 397 multa
1434 356 1475 397 in
1495 362 1694 397 conventu
1715 354 1774 395 vi-

204 438 260 478 tia
286 435 511 489 collegisset
542 434 583 474 in
607 447 694 474 eum
720 432 926 487 Zopyrus,
974 432 1037 486 qui
1078 444 1122 472 se
1146 437 1324 472 naturam
1348 430 1535 485 cuiusque
1567 443 1620 471 ex
1651 429 1776 469 forma

204 510 428 567 perspicere
450 507 726 564 profitebatur,
760 506 912 547 derisus
936 513 996 546 est
1019 519 1042 545 a
1064 505 1230 556 ceteris,
1264 493 1329 559 qfii
1348 505 1413 545 illa
1429 504 1470 545 in
1494 501 1662 546 Socrate
1677 501 1776 544 vitia

203 600 282 627 non
308 588 593 639 agnoscerent,
641 581 687 622 ab
720 581 803 635 ipso
825 587 952 620 autem
978 577 1144 621 Socrate
1168 578 1419 630 sublevatus,
1467 591 1582 632 quum
1606 575 1673 616 illa
1700 574 1775 615 sibi

201 659 373 709 *insita,
417 656 485 697 sed
509 655 663 696 ratione
695 668 717 694 a
746 668 789 695 se
808 654 958 694 deiecta
984 654 1146 694 diceret.
1209 659 1279 696 81.
1312 652 1422 707 Ergo
1444 659 1486 692 ut
1509 650 1651 706 optima
1670 648 1774 704 quis-

202 747 277 789 que
306 731 530 774 valetudine
554 730 718 770 affectus
751 735 880 784 potest
906 727 1055 778 videri,
1101 734 1141 767 at
1167 728 1308 767 natura
1340 727 1387 767 ad
1408 726 1575 780 aliquem
1595 722 1773 764 morbum

203 807 437 864 proclivior,
477 805 533 845 sic
553 803 705 845 animus
729 803 828 843 alius
848 803 894 842 ad
919 802 993 842 alia
1014 801 1111 842 vitia
1135 800 1381 856 propensior.
1444 797 1522 852 Qui
1543 804 1672 839 autem
1693 811 1774 837 non

201 889 368 932 natura,
402 879 471 920 sed
499 878 609 933 culpa
628 877 760 918 vitiosi
787 890 875 917 esse
897 876 1101 927 dicuutur,
1135 889 1269 915 eorum
1292 874 1388 915 vitia
1410 879 1592 913 constant
1618 885 1639 912 e
1664 870 1773 912 falsis

202 954 449 1012 opinionibus
471 966 602 992 rerum
625 951 814 990 bonarum
846 956 884 990 et
913 949 1101 989 malarum
1119 980 1129 999 ,
1175 955 1217 988 ut
1247 948 1298 988 sit
1330 947 1427 987 alius
1453 946 1500 986 ad
1523 945 1620 986 alios
1644 951 1773 985 motus

200 1026 592 1085 perturbationesque
614 1024 841 1080 proclivior.
901 1020 1144 1063 Inveteratio
1177 1027 1332 1072 autem,
1382 1026 1423 1060 ut
1452 1018 1493 1060 in
1523 1018 1770 1074 corporibus,
1823 1057 1831 1063 ,

201 1103 357 1158 aegrius
385 1100 614 1156 depellitur,
655 1112 768 1152 quam
793 1096 1056 1152 perturbatio,
1104 1095 1294 1150 citiusque
1320 1093 1548 1148 repentinus
1572 1092 1772 1133 oculorum

200 1185 330 1219 tumor
359 1183 546 1226 sanatur,
579 1187 693 1228 quam
725 1171 904 1211 diuturna
933 1170 1117 1225 lippitudo
1149 1168 1368 1224 depellitur.

269 1276 271 1279 v
313 1246 566 1292 XXXVIII.
601 1254 670 1288 82.
706 1244 787 1287 Sed
825 1245 979 1299 cognita
1006 1244 1083 1284 iani
1107 1257 1247 1284 caussa
1267 1240 1628 1297 perturbationum,
1673 1252 1772 1293 quae

202 1339 337 1368 omnes
361 1325 541 1364 oriuntur
571 1335 624 1362 ex
652 1319 804 1361 iudiciis
827 1319 1051 1373 opinionum
1076 1324 1116 1357 et
1141 1315 1404 1358 voluntatibus
1421 1346 1432 1366 ,
1481 1314 1531 1356 sit
1557 1314 1633 1355 iam
1656 1313 1772 1354 huius

201 1398 473 1456 disputationis
505 1396 658 1435 modus.

199 1480 364 1530 possunt
397 1472 444 1512 ab
472 1469 637 1511 homine·
656 1466 862 1522 cognosci,
909 1465 1100 1506 bonorum
1134 1465 1383 1505 etmalorum
1410 1463 1573 1513 finibus,
1620 1461 1717 1502 nihil
1749 1473 1772 1500 a

200 1546 441 1605 philosophia
466 1557 582 1600 posse
604 1549 670 1583 aut
695 1541 818 1582 maius
834 1573 844 1592 ,
881 1548 956 1580 >aut
977 1540 1109 1580 utilius
1134 1538 1283 1594 optari,
1331 1552 1445 1593 quain
1468 1537 1584 1586 haec,
1628 1547 1725 1590 quae
1749 1548 1773 1574 a

1073 1624 1150 1655 CAP.
1165 1624 1362 1654 XXXVIII.
1387 1622 1442 1656 ei).
1467 1622 1609 1663 coynitis]
1635 1621 1678 1652 H.
1694 1631 1720 1652 e.
1743 1618 1772 1650 si

203 1640 291 1667 ctum
314 1638 384 1668 est,
409 1630 484 1674 quia
506 1629 540 1660 in
565 1639 604 1660 eo
628 1626 805 1659 maximum
831 1632 967 1658 senten-

1005 1668 1191 1701 discesseris
1208 1680 1226 1700 a
1247 1668 1398 1700 doctrina
1419 1667 1460 1699 dc
1482 1678 1609 1698 summo
1629 1666 1719 1698 bono
1738 1669 1772 1696 et

202 1679 269 1712 tiae
294 1677 424 1721 pondus
449 1674 594 1719 positum
619 1680 678 1706 est.

740 1391 854 1434 Scire
888 1399 1015 1432 autem
1058 1405 1129 1431 nos
1173 1396 1350 1445 oportet,
1399 1388 1593 1443 cognitis,
1645 1387 1771 1442 quoad
1821 1420 1824 1421 ⁷

270 1737 298 1767 ei
317 1737 387 1767 sunt
408 1734 562 1765 constituti
578 1749 623 1754 —
641 1731 754 1771 animi]
782 1729 894 1760 Altera
917 1727 969 1759 le-

203 1780 269 1813 ctio
299 1782 342 1812 eis
373 1791 412 1810 ex
435 1775 630 1809 nominativi
653 1775 786 1819 pluralis
806 1775 913 1805 forma
929 1776 971 1815 Vei

203 1825 363 1869 originem
395 1823 524 1854 duxisse
548 1821 689 1853 videtur.
747 1821 855 1859 Quum
883 1818 970 1850 enim

202 1875 231 1906 ei
253 1882 314 1915 pro
340 1869 453 1902 dativo
475 1867 646 1910 singularis
670 1866 866 1903 haberetur,
892 1864 968 1907 plu—

202 1917 279 1950 ralis
303 1922 412 1948 autem
437 1912 670 1950 antecederet3
695 1915 722 1943 ei
742 1911 774 1942 in
797 1913 840 1942 eis
860 1916 971 1941 muta-

202 1969 275 1994 tum
295 1964 354 1994 est.
402 1958 618 1992 Nominativo
635 1961 662 1989 ei
683 1956 808 2000 optime
829 1967 971 1999 respon-—

204 2007 262 2039 det
277 2018 415 2049 sequens
430 2016 518 2036 nom.
549 2006 702 2036 Socrates.
737 2004 786 2033 De
808 2008 971 2033 structura

202 2055 382 2086 constitutus
407 2061 475 2083 sum
498 2052 586 2081 mam
604 2050 782 2081 valetudine
801 2059 832 2079 v.
853 2046 971 2079 Adno-

203 2104 275 2130 tata
294 2097 325 2127 in
352 2098 392 2127 Il.
417 2095 460 2135 4,
486 2095 535 2127 ll.

272 2155 438 2192 collegyissct
453 2154 485 2184 in
499 2153 583 2193 eum]
611 2149 853 2193 Signilicantius
875 2161 970 2191 quam

205 2203 238 2233 in
261 2208 305 2230 eo.
354 2199 412 2228 Est
445 2196 532 2227 euim
563 2196 654 2239 quasi
688 2195 846 2239 quaedam
871 2206 971 2236 prae-

207 2255 311 2288 gnans
328 2254 411 2285 quae
427 2241 547 2272 dicitur
562 2240 773 2279 constructio,
795 2247 830 2271 ut
850 2239 972 2282 duplex

207 2291 242 2322 in
267 2300 305 2321 ea
327 2287 430 2319 lateat
456 2286 637 2318 sententia:
664 2286 745 2317 Cum
768 2285 871 2317 multa
893 2285 972 2316 vitia

207 2336 242 2368 in
267 2337 404 2366 Socrate
425 2330 612 2373 collegisset
635 2342 736 2373 eaque
753 2331 789 2375 ‘in
815 2331 882 2361 cius
907 2342 971 2372 op—

207 2379 362 2426 probium
376 2377 427 2417 iis,
453 2376 507 2420 qui
530 2375 677 2414 aderant,
703 2375 810 2418 palam
827 2376 971 2407 fecisset.

276 2434 430 2477 Zopyrus]
453 2433 555 2464 Cicer.
575 2431 615 2463 de
637 2432 720 2462 Fato
742 2444 769 2462 c.
785 2433 823 2463 5:
852 2434 972 2463 Socra-

206 2490 277 2515 tem
298 2493 410 2513 nonne
432 2478 586 2521 legimus,
612 2476 886 2519 quemadmodum
907 2488 971 2508 no—

209 2528 291 2560 tarit
302 2530 452 2570 Zopyrus
467 2522 745 2567 physiognomon,
766 2521 820 2563 qni
836 2534 870 2552 se
889 2533 972 2563 pro-

209 2573 366 2605 fitebatur
390 2569 559 2603 hominum
580 2578 687 2599 mores
713 2572 910 2608 naturasque
934 2578 972 2596 ex

211 2629 370 2662 corpore,
411 2615 534 2655 oculis,
571 2613 682 2651 vultu,
711 2611 823 2642 fronte
848 2622 972 2652 perno-

210 2662 327 2697 scere?
354 2661 528 2705 Stupidum
549 2670 618 2690 esse
632 2660 802 2689 Socratem
821 2656 914 2694 dixit,
940 2662 974 2686 et

210 2709 351 2742 bardum
371 2719 435 2745 —3
470 2704 599 2737 addidit
619 2702 728 2743 etiam,
753 2701 973 2733 mulierosum.

267 2765 321 2799 81.
341 2764 508 2805 lippitudo]
531 2760 680 2804 „welche
694 2759 767 2791 eine
780 2757 973 2789 herrscheu-

211 2812 253 2843 de
276 2808 462 2842 Kranklieit
490 2813 587 2838 unter
620 2805 685 2837 den
707 2805 848 2836 Romern
874 2806 975 2834 war.“

214 2858 305 2897 Wolf.
327 2854 429 2895 „Wie
440 2852 571 2885 neulich
585 2850 713 2894 gezeigt
725 2848 869 2884 worden,
882 2847 975 2879 nicht

210 2901 326 2932 immer
342 2897 616 2940 Triesiiugigkeit,
638 2895 781 2928 sondern
801 2893 883 2925 auch
900 2904 976 2924 vor-

211 2944 444 2987 iibergehende
463 2941 830 2986 Augenentziindung.“
872 2940 978 2971 Orelli.

1005 1715 1102 1753 malo,
1128 1713 1339 1757 philosophia
1361 1712 1483 1744 nullam
1503 1712 1601 1744 aliam
1620 1717 1677 1743 aut
1697 1722 1771 1742 ma-

1005 1761 1107 1792 iorem
1122 1785 1129 1799 ,
1170 1766 1226 1791 aut
1259 1759 1427 1790 utiliorem
1458 1769 1527 1788 rem
1565 1762 1771 1800 pertractare

1004 1812 1136 1849 potest,
1162 1816 1260 1848 quam
1283 1804 1383 1840 haec,
1409 1809 1472 1834 etc.

1070 1852 1130 1895 ila]
1169 1853 1275 1892 Saepe
1304 1848 1421 1881 vocula
1443 1851 1507 1889 ita,
1532 1847 1574 1879 ad
1596 1852 1771 1890 sequentes

1007 1895 1273 1928 coniunctiones:
1299 1904 1414 1935 quum,
1439 1896 1486 1934 si,
1510 1897 1543 1925 ut
1559 1892 1684 1930 relata,
1707 1892 1770 1923 ha-

1007 1943 1063 1974 bet
1080 1942 1147 1973 vim
1163 1940 1382 1973 restrictivam
1398 1939 1624 1981 significatque
1635 1941 1773 1979 euterius,

1005 1990 1162 2027 hactenus,
1186 1989 1245 2018 hac
1257 1988 1390 2026 ratione,
1412 1987 1471 2017 hac
1486 1986 1668 2023 conditione,
1688 1985 1772 2015 inso-

1006 2036 1073 2073 fcrvz
1098 2033 1169 2075 gals,
1193 2032 1316 2074 wenn).
1355 2030 1421 2062 Cic.
1440 2031 1530 2062 Brut.
1548 2029 1644 2061 LXlI
1658 2053 1667 2069 ,
1686 2027 1769 2060 222:

1007 2079 1053 2110 M.
1078 2079 1236 2116 Drusum,
1270 2096 1333 2117 —,
1367 2087 1501 2118 gravem
1533 2080 1700 2107 oratorem
1727 2075 1773 2104 ita

1007 2124 1189 2165 duntaxat,
1224 2133 1319 2163 quum
1355 2121 1397 2153 de
1427 2132 1497 2164 rep.
1530 2119 1674 2158 diceret,
1711 2129 1772 2150 nur

1005 2169 1154 2201 insosern
1185 2168 1237 2199 ein
1262 2166 1473 2210 gewichtiger
1496 2165 1648 2207 Redner,
1679 2174 1774 2195 wenn

1009 2227 1043 2246 er
1057 2234 1101 2239 „-
1119 2213 1248 2257 sprach.
1285 2212 1380 2244 Offic.
1398 2214 1422 2243 Ι.
1441 2210 1475 2254 9,
1491 2212 1554 2244 25:
1579 2210 1645 2242 hoc
1663 2208 1772 2252 ipsum

1006 2263 1050 2291 ita
1069 2260 1188 2291 iustum
1209 2265 1270 2296 est,
1296 2257 1385 2300 quod
1405 2264 1496 2288 recte
1516 2255 1561 2296 fit,
1587 2258 1614 2288 si
1636 2261 1686 2286 est
1705 2265 1771 2286 vo-

1006 2305 1193 2336 luntarium.
1217 2304 1258 2335 de
1279 2304 1350 2334 Fin.
1370 2303 1426 2335 IV.
1443 2304 1483 2342 2,
1507 2299 1546 2334 4:
1585 2300 1649 2345 qui(
1671 2310 1770 2342 quum

1008 2350 1179 2390 viderent,
1200 2352 1243 2381 ila
1265 2360 1325 2380 nos
1350 2359 1420 2380 esse
1442 2353 1550 2386 natos,
1574 2350 1608 2378 ut
1630 2346 1664 2377 et
1684 2355 1771 2376 com-

1008 2397 1151 2427 muniter
1169 2395 1212 2427 ad
1235 2406 1288 2426 eas
1305 2394 1444 2425 virtutes
1465 2392 1535 2435 apti
1552 2402 1694 2424 essemus
1709 2396 1772 2421 etc.

1009 2441 1050 2472 de
1068 2444 1197 2473 Senect.
1212 2440 1245 2473 ll
1264 2453 1270 2473 2
1294 2442 1337 2470 ila
1359 2438 1445 2470 enirn
1464 2444 1614 2469 senectus
1633 2436 1773 2467 honesta

1009 2494 1068 2524 cst,
1094 2489 1120 2518 si
1140 2486 1189 2517 ius
1204 2496 1296 2516 suum
1312 2483 1443 2521 retinet,
1471 2485 1498 2515 si
1513 2481 1634 2513 nemini
1654 2491 1768 2511 emau-

1007 2531 1115 2573 eipata
1134 2538 1194 2568 est,
1218 2533 1245 2562 si
1264 2529 1305 2561 ad
1326 2535 1507 2560 extremum
1525 2526 1676 2570 spiritum
1695 2525 1771 2556 vin>

1007 2576 1095 2607 dicut
1130 2576 1178 2607 ius
1213 2586 1316 2606 suum.
1383 2574 1424 2604 V.
1455 2583 1515 2604 nos
1546 2571 1580 2602 in
1610 2571 1686 2602 Lat.
1712 2570 1770 2602 Gr.

1008 2619 1128 2663 §.d-22.
1150 2621 1231 2652 Not.
1248 2618 1298 2651 Η.
1319 2614 1441 2661 p.374.
1465 2616 1560 2648 ed.2.

1075 2665 1128 2697 83.
1153 2668 1185 2697 in
1209 2675 1245 2696 ea
1268 2668 1310 2696 est
1330 2664 1425 2704 enim]
1452 2662 1506 2693 Sic
1528 2662 1553 2694 Ι.
1574 2661 1628 2701 32,
1651 2660 1711 2694 Te:
1737 2663 1770 2692 in

1008 2711 1055 2742 liis
1087 2714 1128 2741 es!
1157 2712 1246 2741 enim.
1284 2708 1380 2739 offic.
1401 2708 1427 2738 I.
1449 2707 1512 2746 20,
1534 2706 1587 2740 67.
1622 2708 1654 2738 in
1674 2716 1708 2738 eo
1730 2710 1774 2738 est

1008 2757 1089 2787 enim
1118 2756 1208 2786 illud.
1264 2752 1355 2785 Lael.
1389 2751 1487 2784 c.27.
1508 2764 1558 2794 pr.
1594 2753 1627 2784 in
1659 2761 1697 2783 ea
1731 2755 1774 2782 est

1008 2803 1089 2832 enim
1115 2798 1344 2831 convenientia
1367 2809 1485 2829 rerum.
1535 2796 1586 2830 Cf.
1607 2795 1775 2829 Adnotata

1009 2851 1123 2877 nostra
1144 2843 1176 2875 in
1202 2845 1225 2875 Ι.
1244 2843 1287 2877 27
1300 2868 1308 2882 ‚
1328 2841 1383 2876 66.

1078 2900 1142 2922 una
1160 2892 1283 2921 sanatio
1302 2892 1363 2928 est,
1388 2894 1491 2921 omues
1508 2889 1678 2929 opinabiles
1697 2885 1775 2929 esse]

1010 2937 1052 2969 V,
1079 2934 1121 2968 ad
1140 2936 1197 2967 Ill.
1222 2934 1286 2973 31,
1312 2932 1365 2968 76.
