1859 3149
1649 62 1729 106 197

117 150 166 195 In
196 165 246 194 eo
268 151 424 208 quidem
457 150 582 202 libro,
627 151 692 206 qui
717 151 896 192 continet
928 164 1085 192 omnem
1112 149 1356 207 disciplinam
1384 157 1516 202 tuam,
1562 153 1722 208 (fungar

119 228 226 270 enim
248 228 326 270 iam
349 211 578 283 iiiffipretis
604 239 769 267 munere
785 257 796 277 ,
845 240 895 266 ne
924 225 1011 280 quis
1037 239 1100 268 me
1126 233 1237 282 putet
1259 226 1456 282 tingere3)
1477 225 1576 268 dieis
1595 226 1715 269 haee:

118 301 244 356 „Nec
269 302 447 358 equidem
482 301 636 353 habeo,
685 300 788 356 quod
813 299 1030 355 intelligam
1056 301 1202 343 bonum
1233 301 1353 354 illud,
1400 300 1615 344 detrahens
1647 316 1717 344 eas

113 378 361 434 voluptates,
405 389 504 432 quae
526 389 668 432 sapore
690 375 986 432 percipiuntur3
1020 375 1234 417 detrahens
1260 389 1353 428 eas,
1387 390 1488 433 quae
1517 376 1652 418 auditu
1676 385 1716 418 et

112 451 317 502 cautibus;
362 450 576 492 detrahens
614 464 682 492 eas
704 449 849 501 etiam,
895 463 996 505 quae
1031 463 1086 491 ex
1105 450 1244 492 formis
1266 451 1536 507 percipiuntur
1568 452 1711 505 oculis,

112 540 259 569 suaves
279 526 500 578 motiones,
546 525 633 567 sive
654 538 754 580 quae
779 525 879 566 aliae
901 525 1126 580 voluptates
1150 525 1189 565 in
1215 531 1297 566 toto
1319 525 1478 568 homine
1499 527 1715 583 gignuntur

111 601 286 658 quolibet
304 615 442 643 sensu.
504 599 595 642 Nec
616 614 714 642 vero
734 599 790 641 ita
810 600 886 641 diei
908 607 1062 656 potest,
1096 599 1240 641 mentis
1262 600 1453 642 laetitiam
1474 601 1598 643 solam
1621 615 1712 644 esse

112 676 154 718 in
186 675 316 718 bouis.
378 674 616 717 Lactantem
650 675 755 716 enim
794 682 967 716 mentem
1005 675 1060 716 ita
1097 675 1215 727 novi,
1260 688 1330 730 spe
1354 689 1492 717 eorum
1517 677 1708 729 omnium,

110 765 212 807 quae
232 764 350 807 supra
374 750 473 802 dixi,
509 751 592 792 fore
607 783 617 803 ‚
653 758 695 791 ut
717 757 856 791 natura
878 750 926 792 iis
946 751 1100 806 potiens
1120 750 1256 792 dolore
1278 754 1469 793 careat.“
1530 757 1600 793 42.
1634 751 1710 794 At-

110 840 186 883 que
222 826 320 868 baec
354 825 508 882 quidem
543 825 602 867 his
626 825 784 877 verbis,
834 825 962 881 quivis
996 833 1037 867 ut
1062 826 1282 883 intelligat,
1329 841 1445 881 quam
1464 826 1706 883 voluptatem

107 901 214 944 norit
237 899 452 958 Epicurus.
517 898 671 942 Deinde
695 900 824 956 paullo
849 901 975 941 infra:
1013 900 1180 958 „Saepe
1205 901 1409 957 quaesivi,
1456 901 1608 957 iuquit,
1652 916 1706 944 ex

103 975 177 1029 iis,
211 975 276 1032 qui
296 975 594 1032 appellabantur
615 976 815 1030 sapientes
830 1008 840 1027 ,
886 976 976 1031 quid
1000 976 1216 1028 haberent,
1252 977 1355 1033 quod
1382 977 1422 1018 in
1445 977 1560 1019 bouis
1583 977 1703 1019 relin-

104 1056 293 1107 querent,
336 1050 370 1091 si
403 1050 467 1091 illa
494 1050 790 1101 detraxissent,
836 1050 912 1091 nisi
943 1051 977 1091 si
1005 1051 1155 1092 vellent
1190 1066 1312 1093 voces
1340 1052 1482 1094 inanes
1510 1052 1699 1103 sundere3

712 70 881 104 LIBER
905 67 1057 110 111.18‚
1081 69 1137 104 42.

102 1126 198 1168 nihil
219 1126 267 1168 ab
291 1126 339 1167 iis
361 1125 467 1181 potui
487 1139 756 1179 cognoscere,
799 1125 862 1180 qui
886 1125 919 1166 si
942 1126 1110 1167 virtutes
1136 1126 1302 1167 ebullire
1324 1127 1460 1168 volent
1485 1134 1521 1168 et
1543 1127 1701 1183 sapien-

103 1200 202 1254 tias,
248 1200 344 1242 nihil
375 1199 479 1241 aliud
512 1199 670 1251 dicent,
721 1199 796 1240 nisi
831 1214 916 1240 eam
949 1201 1078 1252 viam,
1124 1216 1200 1256 qua
1230 1202 1450 1243 efficiantur
1482 1215 1555 1243 eae
1588 1201 1698 1243 volu-

100 1300 180 1332 dant
198 1301 270 1331 unte
287 1299 416 1338 tubum,
439 1307 611 1337 memores,
635 1299 797 1337 auleatum
817 1308 884 1330 sero

100 1346 199 1378 duelli
218 1346 394 1386 poenitere:
417 1355 497 1387 ergo
520 1343 575 1388 qui
602 1350 800 1376 cunctanter
822 1356 881 1375 ac-

102 1389 228 1424 cedunt
260 1388 303 1422 ad
335 1397 503 1422 certamen
543 1401 651 1434 neque
686 1389 811 1422 audent
846 1401 881 1421 se

99 1436 211 1482 palam
234 1435 334 1468 fateri
363 1435 594 1476 adven-sarim,
629 1435 730 1480 idque
753 1436 881 1469 evitare

103 1482 278 1527 cupiunt.“

169 1538 203 1561 us
220 1528 426 1570 perfricuisti]
444 1526 609 1560 pudorem
632 1538 764 1560 omnem
783 1528 878 1560 abie-

102 1573 188 1607 cisti.
237 1574 290 1606 Cf.
313 1573 396 1606 Ptin.
419 1574 451 1606 h.
471 1585 505 1605 n.
523 1574 630 1617 praes.
656 1577 702 1617 (p.
716 1574 748 1608 -l,
769 1574 875 1618 Bip.):

97 1622 254 1662 Perfricui
268 1622 401 1662 frontem
419 1632 480 1651 nec
494 1626 604 1651 tamon
621 1620 760 1664 perfeci.
789 1622 877 1652 Mar-

95 1665 167 1698 tial.
183 1666 342 1705 xis-¹77:
363 1667 528 1707 perfricuit
546 1668 679 1707 frontem
700 1666 877 1710 posuitque

97 1712 273 1759 pudorem.
322 1711 377 1745 Sic
395 1724 444 1756 gr.
465 1711 619 1756 μέτωπον
639 1712 778 1756 τρῖψαι,
808 1725 876 1747 πα-

98 1758 342 1802 ρατρίψασὲαι.

167 1805 248 1837 Sunt
270 1806 347 1837 haec
364 1807 420 1836 lua
438 1807 534 1837 verba
547 1829 557 1845 ,
582 1806 719 1846 necne?]
757 1806 792 1837 ln
820 1804 876 1836 di-

97 1856 188 1883 recta
213 1862 297 1895 quae
326 1849 449 1883 dicitur
472 1850 738 1894 interrogatione
769 1850 876 1882 usita-

95 1896 162 1929 tius
185 1903 235 1929 est
259 1907 386 1937 annon,
411 1908 509 1940 quam
537 1907 641 1929 necne.
690 1897 732 1927 V.
760 1908 820 1928 uos
841 1896 875 1928 in

47 1969 52 1983 ,
97 1942 246 1976 Gramm.
269 1943 310 1974 L.
335 1943 466 1981 §.1503
492 1942 522 1974 ἵ).

162 1991 196 2022 in
215 1999 250 2021 eo
269 1981 397 2029 quidem
418 1988 509 2030 libro]
536 1987 627 2029 Περὶ
648 1986 775 2027 τέλους,
799 1987 831 2019 h.
846 1999 874 2019 e.

44 2030 47 2039 '
95 2033 140 2067 de
158 2034 279 2066 linibus
303 2033 468 2065 bonorum
492 2040 526 2064 et
551 2033 726 2065 malorum.
759 2035 872 2066 Laert.

93 2081 142 2113 X.
167 2078 251 2124 §.ez
287 2075 340 2112 Οὔ
368 2076 432 2122 γὰρ
465 2077 576 2122 ἔγωγε
608 2078 676 2123 ἔχω
701 2078 733 2113 τί
757 2076 873 2122 νοήσω

93 2122 266 2169 τάγαξόν,
302 2119 458 2168 ἀφαιρῶν
492 2123 551 2167 μὲν
583 2123 645 2163 τὰς
674 2123 731 2159 ’διαὶ
761 2126 871 2170 χυλῶν

93 2169 241 2215 ἡδονάς,
274 2166 429 2225 ἀφαιρῶν
450 2169 490 2205 δὲ
511 2168 574 2209 τὰς
598 2169 639 2206 δι”
662 2167 870 2214 ἀφροδισίων

94 2216 154 2252 καὶ
182 2214 246 2255 τάς
280 2213 324 2251 δι’
354 2213 581 2259 ακροαμάτων
621 2216 680 2250 καὶ
716 2215 779 2256 τὰς
813 2215 870 2252 δι’).

95 2262 242 2306 μορφῆς.
278 2262 428 2294 Eandem
443 2263 644 2295 sententiam
658 2263 776 2295 iisdem
800 2265 870 2296 l'ere

92 2308 203 2341 verbis
226 2307 341 2341 retulit
354 2308 542 2341 Athenaeus
563 2310 635 2342 VII.
652 2310 773 2353 p.27·3.
789 2310 833 2343 ’ἐξ
860 2334 868 2341 .

90 2355 170 2388 ΧΠ.
195 2366 228 2398 p.
242 2352 321 2388 546.

158 2401 221 2433 Nec
247 2420 293 2424 -——
318 2402 434 2442 habeo,
471 2403 554 2443 quod
586 2402 777 2446 intelligam]
820 2403 869 2434 De

91 2445 282 2479 discrimine
295 2472 304 2486 ‚
341 2447 432 2491 quod
455 2455 506 2480 est
525 2447 616 2480 inter
634 2450 732 2480 habeo
747 2473 756 2489 ,
785 2451 870 2489 quod

35 2494 40 2498 “
90 2493 197 2526 dicam
218 2499 251 2525 et
273 2492 362 2526 inter
381 2494 498 2534 habeo,
530 2496 608 2535 quid
630 2496 737 2527 dicam
749 2518 758 2534 ,
783 2506 870 2526 enu—

92 2538 289 2572 oleatissime
313 2540 466 2584 exposuit
481 2541 630 2572 Handius
648 2539 692 2572 ad
707 2542 870 2581 Wopkens.

90 2583 200 2618 Lectt.
220 2597 255 2630 p.
267 2583 363 2618 169.:
399 2585 488 2618 cuius
522 2586 625 2618 verba
652 2586 802 2618 tironum
833 2586 867 2618 in

90 2629 229 2672 gratiam
250 2630 307 2664 hic
328 2643 500 2676 apponere
522 2632 603 2663 mihi
625 2632 736 2665 liceat.
783 2635 869 2664 Sunt

93 2674 280 2717 formulae,
314 2676 442 2722 iuquit,
476 2677 511 2709 in
535 2678 652 2722 quibus
681 2685 738 2710 aut
760 2679 870 2722 ipsam

89 2731 162 2753 rem
191 2721 355 2755 incertam
387 2723 524 2768 eiusque
558 2724 733 2756 notionem
758 2724 868 2758 adhuc

91 2764 216 2800 iudicio
231 2765 500 2802 constituendam
517 2768 600 2809 esse,
626 2777 683 2802 aut
696 2783 770 2803 eam
791 2783 867 2804 cer-

91 2816 164 2844 tam
180 2818 216 2860 et
229 2812 296 2846 iam
316 2813 490 2848 definitam
508 2827 582 2849 esse
603 2816 770 2860 ponimus.
817 2817 866 2849 H—

91 2855 152 2888 lud
171 2858 365 2901 exprimitur
386 2872 448 2904 per
467 2863 545 2902 quid
555 2887 566 2903 ,
590 2862 682 2905 quod
702 2863 868 2906 significat

93 2903 172 2943 quid
188 2905 229 2936 sit
248 2907 344 2946 quod,
365 2905 434 2938 hoe
451 2918 513 2950 per
529 2910 614 2948 quod
632 2908 654 2939 i.
672 2919 700 2940 e.
721 2910 757 2940 id
773 2911 866 2949 qued.

93 2948 206 2988 Quare
225 2959 325 2993 quum
343 2949 420 2984 dico
439 2955 504 2985 scio
522 2955 606 2994 quod
625 2955 744 2993 dicam,
768 2954 867 2986 affir-

92 3003 148 3026 mo
170 3004 225 3026 me
244 3005 326 3034 rem.
351 3007 436 3039 quae
456 3005 576 3042 parata
594 3005 628 3031 et
649 2998 784 3042 cognita
804 3005 866 3038 est,

917 1298 1025 1330 scire:
1052 1310 1151 1342 quum
1176 1299 1253 1331 dico
1280 1302 1344 1332 scio
1364 1301 1442 1340 quid
1465 1301 1592 1339 dicam,
1614 1298 1697 1330 illud

917 1344 1026 1388 ipsum
1051 1347 1126 1385 quid
1147 1347 1254 1378 dicam
1285 1357 1336 1377 res
1360 1353 1411 1378 est
1435 1345 1585 1377 nondum
1606 1345 1697 1376 iudi—

918 1390 969 1421 cio
1005 1391 1187 1423 constituta
1203 1417 1210 1425 ,
1252 1391 1310 1422 sed
1347 1391 1457 1423 adhuc
1493 1390 1695 1422 definienda.

917 1437 952 1468 In
974 1436 1030 1469 illa
1051 1436 1196 1470 formula
1219 1438 1378 1469 maiorem
1403 1437 1483 1477 vim,
1507 1437 1608 1469 etiam
1630 1449 1695 1469 vo-

916 1483 1083 1514 ‹tnlutione’
1104 1483 1306 1518 mit-andam,
1333 1484 1434 1515 habet
1460 1483 1598 1515 verbum
1618 1486 1694 1522 scio,

914 1529 946 1561 in
971 1529 1032 1561 linc
1051 1530 1186 1572 gravior
1211 1530 1257 1562 vis
1281 1530 1464 1573 iniungitur
1486 1529 1595 1562 verbis
1616 1531 1694 1570 quid

912 1577 1028 1607 (licam.
1081 1577 1194 1619 Neque
1225 1576 1323 1608 aliter
1347 1576 1380 1608 in
1405 1577 1602 1619 negatione:
1639 1586 1692 1607 ne-

911 1624 996 1661 scio,
1030 1633 1092 1654 nou
1124 1625 1242 1663 Ιιαὶιεο,
1279 1624 1363 1663 quod
1387 1624 1516 1656 dicam.-
1551 1627 1691 1653 accentu

913 1669 1025 1712 posito
1056 1668 1088 1700 in
1114 1671 1237 1708 nescio,
1269 1680 1331 1701 non
1354 1670 1474 1708 habeo,
1509 1667 1558 1699 his
1580 1666 1691 1698 verbis

913 1726 999 1757 nego
1022 1726 1074 1745 me
1097 1714 1181 1746 scire
1205 1714 1259 1752 id,
1295 1714 1386 1757 quod
1406 1713 1487 1745 mihi
1512 1712 1690 1745 dicendum

911 1760 975 1794 sit;
1004 1763 1126 1799 nescio,
1150 1771 1212 1792 non
1235 1762 1353 1799 habeo,
1376 1761 1454 1801 quid
1476 1761 1605 1799 dicamg
1630 1770 1689 1791 ac-

913 1813 1011 1838 centu
1038 1805 1069 1837 in
1096 1807 1172 1846 quid
1195 1812 1364 1844 retracto,
1397 1806 1510 1837 satem·
1532 1817 1584 1837 me
1604 1804 1687 1836 illud

909 1851 1017 1894 ipsum
1051 1851 1201 1889 nescire,
1238 1851 1316 1894 quid
1340 1851 1557 1883 statuendum
1576 1850 1620 1883 sit
1644 1850 1687 1882 de

911 1910 972 1937 eo,
998 1896 1087 1941 quod
1112 1897 1232 1929 dicam.

980 1954 1061 1985 quae
1080 1953 1119 1976 ex
1150 1944 1260 1983 formis
1282 1943 1363 1987 etc.]
1401 1943 1591 1976 Athenaeus
1611 1944 1685 1975 VH.

910 2001 942 2033 p.
955 1990 1039 2041 23³(st
1065 1988 1127 2028 τὰς
1144 1987 1199 2024 διὰ
1220 1990 1358 2034 μορφῆς
1373 1985 1449 2024 κατ’
1469 1985 1547 2031 ὄψιν
1563 1987 1686 2033 ἡδείας

908 2046 1070 2079 xcv-0335.

975 2085 1020 2114 ila
1042 2081 1130 2126 novi]
1156 2081 1244 2113 Novi
1266 2088 1415 2114 mentem
1432 2081 1481 2114 ita
1503 2081 1687 2114 laetantem

909 2139 999 2165 esse,
1036 2135 1071 2160 ut
1094 2135 1228 2171 speret,
1266 2127 1416 2160 futurum
1440 2139 1532 2167 esse,
1559 2134 1596 2160 ut
1622 2140 1685 2160 ua-

904 2181 980 2206 tura
1001 2173 1038 2206 iis
1061 2174 1214 2206 omuibus
1235 2186 1320 2219 quae
1341 2186 1442 2218 supra
1463 2174 1531 2206 dixi
1551 2174 1685 2217 potiens

906 2220 1024 2253 dolore
1045 2228 1168 2253 careat.
1217 2220 1427 2253 Vocabulum
1445 2224 1490 2253 ita
1505 2227 1686 2264 praeparat

906 2266 948 2298 ad
970 2266 1153 2310 sequentia.
1198 2268 1290 2298 Infra
1310 2268 1365 2299 IV.
1383 2267 1416 2307 6,
1438 2267 1498 2300 13:
1527 2265 1682 2310 (laetitia)

905 2324 1004 2356 quarn
1031 2316 1075 2345 ita
1104 2312 1286 2351 definiunt,
1322 2312 1393 2345 sine
1424 2312 1555 2345 ratione
1584 2311 1683 2344 animi

904 2358 1106 2391 elationem:
1144 2358 1200 2391 ubi
1222 2372 1252 2391 v.
1276 2359 1362 2391 Adn.

973 2403 1028 2438 42.
1064 2408 1167 2446 quivis
1189 2409 1222 2437 ut
1243 2405 1411 2450 intelligat]
1446 2406 1487 2436 V.
1512 2403 1682 2436 Adnotatu

904 2450 938 2483 in
964 2453 990 2483 1.
1016 2450 1055 2491 8,
1084 2450 1135 2485 16.

973 2507 1072 2538 quam
1090 2499 1283 2538 voluptatem
1302 2500 1383 2530 norit
1401 2497 1476 2538 Εμ]
1498 2494 1570 2526 Fin.
1585 2495 1626 2525 11.
1646 2493 1680 2534 3,

904 2543 1105 2577 &sinerum
1138 2543 1203 2575 hoc
1235 2543 1312 2575 loco
1344 2553 1459 2581 sumo,
1496 2539 1606 2572 verbis
1630 2539 1681 2571 his

904 2589 1045 2622 eandem
1081 2596 1172 2622 certe
1205 2592 1270 2622 vim
1300 2590 1472 2628 voluptatis
1499 2585 1681 2628 Epicurum

902 2646 1012 2676 nosse,
1038 2647 1138 2680 quam
1162 2642 1315 2667 ceteros:
1348 2633 1402 2664 ubi
1426 2644 1457 2664 v.
1480 2633 1680 2672 Madviyium

903 2693 936 2725 p.
954 2682 1029 2714 150.

972 2730 1035 2760 nisi
1056 2728 1097 2772 si]
1123 2729 1192 2760 Nisi
1214 2724 1411 2767 simpliciter
1433 2729 1484 2755 est
1508 2728 1677 2755 nostrum:

904 2783 992 2806 werin
1024 2776 1130 2813 nieht,
1168 2773 1300 2804 nisisi:
1333 2779 1443 2802 ausser
1474 2778 1574 2802 wenn.
1626 2768 1677 2801 Cf.

902 2830 964 2850 nos
984 2819 1019 2851 in
1043 2820 1192 2851 Gramm.
1209 2818 1247 2848 L.
1263 2817 1292 2859 §-
1308 2813 1380 2848 154.
1396 2815 1477 2847 Not.
1492 2815 1542 2849 11.
1556 2812 1678 2859 p.-121.

903 2864 957 2896 ed.
974 2867 1006 2897 2.

971 2920 1061 2943 voces
1073 2912 1185 2942 inanes
1198 2906 1344 2950 fundere]
1362 2905 1415 2938 Cf.
1437 2906 1481 2939 ad
1495 2907 1536 2940 V.
1553 2905 1610 2946 26,
1625 2907 1679 2942 73.

970 2958 1101 2988 virtutes
1114 2955 1242 2987 ebullire
1258 2954 1374 2995 volent]
1396 2952 1572 2986 Sententia
1585 2952 1681 2985 huius

902 3000 989 3034 loci:
1027 3000 1087 3039 „Si
1121 2998 1224 3032 ceteri
1243 2997 1458 3042 philosophi,
1492 3006 1530 3032 ut
1557 2999 1680 3039 solent,
