1859 3149
1597 18 1675 62 311

86 121 364 175 nullorumque
388 118 554 161 aliorum
585 122 850 159 evanuerunt.
899 113 965 155 *Hi
989 112 1078 169 quid
1107 111 1263 169 possint
1293 109 1502 160 obtinere,
1542 108 1678 152 videa-

87 211 176 239 mus
190 229 202 249 ,
236 193 395 236 omissis
412 191 582 244 Stoicis,
616 206 782 247 quorum
804 190 900 232 satis
919 189 1060 230 videor
1080 186 1304 229 defendisse
1324 183 1579 226 sententiam.
1625 183 1680 225 Et

631 34 801 69 LIBER
825 34 867 66 V.
891 31 958 74 31,
982 28 1040 65 86.
1068 29 1124 65 87.

88 271 445 328 Peripateticorum
467 268 621 323 quidem
640 266 835 323 explicata
855 278 997 316 caussa
1017 271 1098 315 est,
1133 269 1293 319 praeter
1304 258 1624 316 Theophrastum
1641 267 1680 300 et

87 347 121 389 si
147 346 213 402 qui
240 345 346 388 illum
376 343 502 385 secuti
533 342 767 384 imbecillius
791 340 958 382 horrent
983 339 1159 380 dolorem
1191 345 1229 378 et
1259 335 1542 387 reformidant,
1586 333 1679 376 reli-

86 422 172 478 quis
196 420 350 476 quidem
379 419 473 460 lieet
498 419 630 459 facere
653 417 715 468 id,
763 415 864 472 quod
894 415 977 456 fere
1001 413 1175 464 faciunt,
1218 419 1260 452 ut
1286 410 1521 466 gravitatem
1552 409 1677 465 digni-

86 504 285 551 tatemque
319 494 477 537 virtutis
515 498 778 548 exaggerent.
854 489 982 545 Quam
1016 502 1133 543 quum
1167 487 1215 528 ad
1249 485 1401 527 caelum
1430 484 1675 535 extulerunt,

84 571 187 628 quod
214 572 345 612 lacere
367 570 600 625 eloquentes
628 567 808 608 homines
835 566 995 621 copiose
1021 563 1172 613 solent,
1217 561 1368 616 reliqua
1393 574 1446 600 ex
1467 559 1678 600 collatione

86 647 201 690 facile
227 653 290 688 est
309 651 519 687 conterere
542 650 660 698 atque
686 648 959 684 contemnere.
1023 638 1112 680 Nec
1137 637 1241 679 enim
1266 637 1358 677 licet
1387 635 1461 685 iis,
1508 635 1571 689 qui
1596 635 1679 675 lau-

88 724 175 766 dem
205 736 293 763 eum
319 720 455 762 dolore
477 719 685 776 petendam
709 730 799 758 esse
827 716 980 767 dicant,
1025 727 1173 770 negare
1198 726 1268 754 eos
1292 724 1384 753 esse
1407 709 1570 762 beatos,
1616 709 1679 764 qui

85 798 191 840 illam
218 795 348 852 adepti
381 801 489 836 sunt.
553 791 789 848 Quanquam
811 791 916 833 enim
949 790 1029 832 sint
1056 789 1096 831 in
1117 788 1346 845 quibusdam
1369 784 1504 836 malis,
1549 791 1680 825 tamen

87 874 162 916 hoc
192 885 338 917 nonien
367 870 474 911 beati
505 868 624 924 longe
656 875 695 909 et
726 867 804 909 late
835 873 958 923 patet.

199 943 370 989 XXXI.
414 950 486 987 86.
535 943 642 985 Nam
679 950 722 984 ut
751 949 991 997 quaestuosa
1020 946 1272 988 mercatura,
1323 937 1524 978 fructuosa
1556 934 1682 974 aratio

86 1023 252 1074 dicitur,
300 1035 380 1062 non
409 1019 444 1062 si
473 1019 601 1061 altera
624 1031 781 1074 semper
805 1016 910 1058 omni
936 1016 1100 1066 damno,
1145 1014 1270 1055 altera
1298 1011 1404 1053 omni
1436 1009 1683 1066 tempestatis

89 1098 310 1141 calamitate
333 1108 493 1151 semper
512 1101 653 1146 vacat,
687 1092 812 1134 sed-si
834 1091 956 1133 multo
978 1090 1127 1132 maiore
1148 1104 1201 1130 ex
1223 1094 1335 1144 parte
1356 1093 1492 1128 exstat
1513 1085 1552 1126 in
1576 1091 1683 1125 utra-

89 1188 166 1231 que
188 1172 380 1223 l'elicitas3
413 1170 471 1212 sic
494 1170 577 1211 vita
604 1183 682 1210 non
709 1168 836 1210 solum
862 1168 895 1208 si
919 1167 1090 1221 undique
1111 1166 1259 1206 referta
1284 1162 1399 1204 bonis
1422 1167 1508 1211 est,
1555 1159 1625 1201 sed
1650 1159 1683 1200 si

90 1249 211 1291 multo
231 1246 382 1289 maiore
408 1253 449 1288 et
468 1245 655 1300 graviore
682 1258 735 1285 ex
762 1250 874 1300 parte
894 1242 996 1284 bona
1020 1240 1290 1297 propendent,
1336 1237 1450 1278 beata
1474 1242 1585 1277 recte
1609 1234 1684 1275 dici

88 1330 233 1382 potest.
295 1327 367 1365 87.
402 1320 604 1377 Sequetur
626 1320 746 1376 igitur
777 1318 917 1359 horum
950 1317 1107 1358 ratione
1138 1315 1204 1357 vel
1230 1314 1277 1355 ad
1302 1312 1534 1368 supplicium
1567 1309 1685 1351 beata

89 1401 170 1442 vita
186 1399 372 1442 virtutem
394 1409 562 1453 cumque
581 1409 630 1437 ea
652 1393 868 1437 descendet
886 1393 926 1434 in
951 1400 1124 1442 taurum,
1158 1388 1397 1438 Aristotele,
1430 1384 1682 1436 Xenocrate,

90 1503 255 1549 plinarum
275 1500 408 1533 ratione
428 1499 536 1545 possit
555 1498 705 1532 defendi.
744 1497 780 1529 V.
795 1496 868 1529 Ad-
901 1507 982 1530 uere
1006 1497 1175 1535 videatur,
1194 1500 1311 1529 ,tamen
1332 1497 1396 1523 etc.
1444 1488 1486 1522 de
1512 1491 1604 1522 Orat.
1626 1489 1689 1520 111.

93 1555 211 1584 notata
234 1547 269 1580 in
294 1548 320 1579 Ι.
348 1546 390 1581 12
404 1572 413 1588 ,
436 1546 491 1580 26.

163 1596 321 1636 explicata
342 1603 456 1625 caussa
479 1593 537 1635 est]
576 1591 619 1623 H.
635 1602 663 1622 e.
689 1601 756 1623 non
789 1589 870 1622 abs-

90 1651 195 1680 trusa,
221 1639 329 1672 facilis
340 1638 526 1677 intellectu,
546 1636 714 1681 expedita.
752 1635 870 1679 Comp.

93 1701 126 1733 p.
150 1687 318 1721 Plaucxss:
355 1684 465 1718 facilis
506 1690 542 1717 et
560 1686 719 1725 explicata
745 1693 870 1715 caussa.

92 1734 136 1768 ad
156 1737 228 1766 Att.
246 1731 280 1774 9,
305 1731 344 1766 7:
370 1730 503 1763 litterae
524 1738 621 1767 tuae,
648 1729 765 1772 quibus
789 1727 872 1760 nihil

93 1787 209 1826 potest
231 1789 305 1810 esse
325 1780 532 1818 explicatius,
568 1776 650 1808 nihil
677 1774 871 1818 perfectius.

141 1826 146 1833 ‘
162 1825 423 1867 Theophrastum]
459 1824 498 1855 V.
522 1822 564 1855 de
583 1821 693 1854 Finib.
713 1821 754 1853 V.
770 1821 802 1860 ἵ),
818 1818 871 1853 12.

96 1873 149 1906 Cf.
170 1883 270 1915 supra
293 1882 321 1903 c.
335 1870 369 1910 9,
393 1867 448 1902 24.
473 1875 508 1901 et
529 1870 584 1901 25.

158 1917 255 1962 racel]
273 1928 315 1948 ex
338 1926 455 1948 eorum
477 1913 660 1958 principiis.
708 1913 850 1946 Neidius.

163 1961 368 2006 exaggerent]
393 1962 434 1993 V.
458 1960 502 1992 ad
527 1972 556 1993 c.
580 1962 641 1998 10⁸,
669 1959 724 1992 51.

165 2012 272 2050 Quam
288 2018 386 2050 quum
406 2009 451 2040 ad
464 2009 587 2040 caelum
605 2005 796 2048 extulerunt]
820 2003 875 2036 Sic

98 2071 126 2090 c.
151 2054 326 2098 Tregdero
356 2052 476 2097 scripsi
499 2063 561 2096 pro
585 2052 674 2095 vulg.
697 2053 875 2090 extulerint,

99 2102 191 2147 quod
218 2100 300 2133 ferri
330 2100 457 2144 nequit.
506 2099 546 2131 V.
576 2097 749 2130 Adnotata
772 2096 805 2128 in
828 2097 871 2128 ΙΙ.

97 2149 163 2187 24,
184 2148 239 2181 58.

168 2204 207 2227 ea:
230 2194 408 2235 collatione]
438 2190 610 2223 Ernestius
633 2189 782 2234 explicat
799 2185 873 2222 κατ’

98 2238 287 2283 ἀναλογίαν.
336 2237 469 2271 Rectius
492 2237 648 2270 Neidius:
680 2247 694 2268 e
713 2238 876 2268 notionum

98 2284 506 2326 conimaclione‚2Wollius:
531 2295 592 2316 aus
612 2286 682 2316 dem
697 2284 876 2320 Kontraste.

102 2331 293 2365 Nissenius:
327 2330 530 2375 'reliquarum
563 2341 675 2362 rerum
707 2340 782 2360 cum
804 2327 876 2359 vir—

100 2385 174 2410 tute
199 2377 291 2410 facta
313 2376 584 2421 comparatione,
610 2387 708 2419 qnam
732 2374 800 2406 sint
818 2385 876 2405 eae

103 2423 380 2461 contemnendae,
405 2423 503 2455 facile
523 2429 630 2466 patet.
662 2419 878 2463 Peripatetici

105 2470 194 2504 euim
216 2469 392 2506 dicebant,
428 2468 569 2512 gloriam
602 2479 674 2499 esse
700 2466 880 2509 petendam

104 2517 208 2550 etiam
241 2527 316 2548 cum
346 2514 489 2552 dolore;
524 2513 666 2558 gloriam
688 2519 800 2544 antem
825 2511 881 2555 qui

107 2561 223 2607 adepti
246 2567 368 2600 essent,
392 2560 511 2593 beatos
534 2571 626 2599 esse3
652 2559 794 2602 gloriam
816 2569 879 2589 au-

104 2615 176 2642 tem
194 2607 259 2640 nisi
276 2607 401 2640 virtute
421 2606 548 2650 acquiri
566 2617 635 2638 non
656 2617 773 2648 posse:
801 2615 880 2647 ergo

106 2655 270 2688 virtutem
288 2653 425 2686 efficere
448 2653 552 2684 vitam
574 2652 720 2684 beatam.

149 2726 153 2729 .
174 2702 344 2742 conterere]
383 2698 475 2743 qnasi
508 2698 648 2743 pedibus
687 2696 884 2730 conculcare

110 2745 274 2790 exquisite
292 2757 374 2790 pro:
400 2745 583 2789 despicere,
607 2755 670 2786 pro
693 2744 800 2776 nihilo
819 2743 881 2775 ha-

113 2791 204 2824 bere.
243 2792 299 2825 Sic
320 2803 383 2836 pro
402 2793 438 2825 P.
459 2790 576 2824 Sextio
594 2789 756 2832 XL‚·0'.6:
781 2801 882 2833 prae*

98 2837 165 2869 'ter
187 2836 265 2876 hoc,
288 2837 380 2881 quod
400 2837 468 2870 iam
486 2839 655 2870 contritum
675 2843 710 2868 et
731 2842 886 2868 contem-

114 2888 210 2927 ptum
231 2888 390 2926 putatur,
412 2883 572 2916 iudicium
594 2883 771 2915 bonorum.

122 2931 123 2934 ’
183 2929 374 2969 Ωιιαπᾳιιαῐὴ
393 2932 476 2962 enim
495 2930 573 2971 sint]
595 2930 700 2971 Legg.
718 2929 775 2959 111.
788 2926 822 2966 8,
835 2924 887 2959 18.

113 2983 302 3017 quanquam
318 2973 362 3006 ad
385 2975 597 3007 commodum
623 2981 757 3006 senatus
780 2970 887 3016 perti-

903 1545 945 1581 ὅ,
970 1541 1031 1575 ’.ζῖε
1071 1550 1257 1582 quanquam
1290 1536 1444 1571 omnibus
1480 1547 1539 1580 par
1575 1545 1683 1579 paene

902 1589 973 1622 laus
997 1607 1042 1612 --
1064 1588 1231 1619 tribuatur.
1280 1583 1378 1616 offic.
1400 1584 1426 1614 Ι.
1448 1582 1488 1620 2,
1513 1582 1554 1615 0:
1591 1583 1684 1621 Quae

903 1644 1087 1677 quanquam
1119 1634 1165 1665 ita
1197 1631 1263 1663 sint
1297 1631 1331 1662 in
1363 1634 1517 1672 promtu,
1563 1634 1599 1659 ut
1630 1638 1683 1659 res

905 1680 1134 1724 disputatione
1169 1689 1238 1710 non
1267 1680 1376 1718 «meat,-
1410 1680 1524 1706 tamen
1553 1679 1632 1705 sunt
1663 1683 1682 1704 a

905 1727 1000 1760 nobis
1035 1726 1101 1758 alio
1135 1725 1211 1757 loco
1243 1722 1423 1766 disputata.
1473 1720 1524 1751 Cf.
1552 1730 1614 1751 nos
1648 1718 1684 1750 in

908 1776 947 1806 L.
964 1773 1030 1805 Gr.
1061 1771 1191 1815 §.155-
1225 1770 1306 1801 Not.
1336 1768 1364 1801 l.
1397 1779 1430 1810 p.
1454 1763 1532 1799 4¹26.
1571 1764 1624 1797 ed.
1648 1764 1680 1797 2.

908 1818 1007 1863 Apud
1031 1824 1209 1860 argenteae
1234 1813 1351 1847 aetatis
1380 1812 1562 1855 scriptores
1599 1810 1683 1843 nihil

907 1863 1116 1908 frequentius
1139 1862 1202 1895 hac
1230 1858 1491 1894 constructione.
1525 1858 1567 1890 V.
1589 1858 1684 1898 Spal-

907 1914 996 1952 ding.
1017 1909 1059 1942 ad
1073 1907 1232 1949 Quinctil.
1255 1907 1297 1939 de
1309 1907 1391 1938 Inst.
1404 1915 1451 1937 or.
1464 1915 1618 1948 prooem.
1634 1904 1685 1936 le.

908 1971 940 2002 p.
955 1958 1005 1990 15.
1057 1954 1123 1988 Ubi
1157 1953 1247 1997 apud
1273 1953 1468 1985 Ciceronem
1499 1959 1687 1991 quanquam

909 2015 982 2037 curn
1005 2000 1221 2035 coniunctivo
1243 1999 1393 2032 iunctum
1416 1997 1601 2041 reperitur,
1631 2007 1686 2027 res

909 2062 975 2083 non
1010 2047 1209 2092 simpliciter
1232 2045 1286 2078 vel
1311 2051 1350 2077 ut
1377 2055 1451 2083 res,
1487 2055 1573 2087 quae
1606 2053 1685 2074 vere

909 2103 978 2136 est,
1014 2094 1171 2138 ponitur,
1207 2091 1268 2124 sed
1291 2091 1335 2124 ad
1359 2090 1516 2128 alterius,
1551 2088 1685 2133 quicum

910 2141 1018 2176 oratio
1042 2140 1196 2173 instituta
1217 2145 1286 2175 est,
1313 2136 1552 2180 cogitationem
1574 2135 1686 2167 refer—

906 2198 982 2228 tur,
1016 2194 1053 2219 ut
1071 2185 1161 2219 h.l.:
1197 2195 1386 2228 quanquam
1411 2182 1510 2227 facile
1533 2183 1590 2213 tibi
1612 2191 1684 2213 con-

909 2238 1006 2276 cedo,
1027 2243 1124 2275 quum
1147 2233 1239 2271 dicis,
1265 2241 1321 2262 eos
1341 2240 1414 2262 esse
1435 2228 1468 2260 in
1491 2226 1688 2272 quibusdam

909 2281 1014 2314 malis.
1064 2276 1287 2311 ludicativum
1321 2276 1424 2319 igitur
1447 2274 1489 2306 ab
1520 2274 1586 2306 hoc
1611 2273 1688 2303 loco

911 2328 1056 2360 alienum
1078 2336 1162 2363 esse,
1182 2323 1281 2355 facile
1300 2330 1350 2355 est
1367 2321 1410 2354 ad
1421 2317 1687 2362 intelligendum.

913 2376 1023 2413 Quare
1047 2369 1278 2403 coniunctivus
1303 2375 1395 2401 recte
1430 2378 1500 2398 sese
1529 2363 1686 2399 tuebitur,

913 2420 969 2452 ubi
993 2418 1020 2450 is
1046 2416 1102 2461 qui
1125 2415 1273 2460 loquitur
1299 2413 1425 2459 aliquid
1454 2414 1631 2444 dubitanter
1656 2414 1690 2439 et

914 2476 985 2499 cum
1017 2465 1221 2506 fluctuatione
1247 2463 1390 2502 quadam
1424 2456 1601 2494 concedit,
1634 2453 1689 2485 ubi

914 2524 985 2545 rem
1010 2520 1202 2542 concessam
1226 2519 1294 2539 non
1319 2514 1356 2538 ut
1378 2515 1491 2538 veram
1511 2510 1611 2545 atque
1634 2500 1690 2531 in-

916 2557 1102 2590 dubitatam
1136 2554 1320 2599 proponit,
1366 2550 1427 2583 sed
1464 2549 1507 2581 ad
1542 2546 1690 2583 alterins,

917 2604 1050 2648 quicum
1068 2601 1227 2646 loquitur,
1250 2598 1409 2631 iudicium
1427 2596 1546 2633 refert,
1569 2605 1607 2625 ex
1628 2602 1703 2623 eo-

918 2662 981 2695 que
1005 2655 1119 2692 aptum
1144 2645 1237 2678 facit.

990 2696 1067 2727 CAp.
1087 2693 1223 2726 XXXI.
1259 2689 1314 2724 86.
1349 2684 1558 2730 propendent]
1594 2694 1695 2726 prae—

918 2741 1129 2786 ponderant,
1154 2744 1190 2769 ut
1214 2736 1395 2779 loquuntur
1418 2729 1615 2776 posterioris
1634 2741 1695 2766 ae—

920 2788 999 2820 tatis
1030 2786 1222 2829 scriptores.
1269 2780 1370 2825 Apud
1395 2779 1591 2810 Ciceronem
1615 2787 1693 2819 pas-

920 2834 990 2866 sive
1020 2838 1151 2864 tantum
1185 2834 1361 2871 usurpatur
1383 2826 1450 2857 hoc
1472 2821 1628 2863 verbnm,
1658 2827 1695 2852 ut

919 2877 1170 2921 praeponderari
1194 2872 1364 2906 honestate.'
1406 2868 1614 2912 metaphora.
1630 2867 1700 2900 dw-v

925 2933 980 2958 cta
1003 2931 1052 2956 est
1073 2934 1091 2954 a
1114 2920 1208 2953 libra.
1244 2920 1285 2952 V.
1309 2929 1410 2962 supra
1435 2928 1464 2949 c.
1488 2914 1550 2952 17.
1573 2915 1627 2948 51.

1003 2969 1057 3003 87.
1100 2968 1210 3000 horum
1242 2965 1378 3007 ratione]
1417 2961 1506 3007 Scil.¹
1526 2960 1700 3004 Peripate-
