<?xml version="1.0" encoding="UTF-8"?>
<!DOCTYPE html PUBLIC "-//W3C//DTD XHTML 1.0 Transitional//EN"
    "http://www.w3.org/TR/xhtml1/DTD/xhtml1-transitional.dtd">
<html xmlns="http://www.w3.org/1999/xhtml" xml:lang="en" lang="en">
 <head>
  <title>
</title>
<meta http-equiv="Content-Type" content="text/html;charset=utf-8" />
  <meta name='ocr-system' content='tesseract 3.04.00' />
  <meta name='ocr-capabilities' content='ocr_page ocr_carea ocr_par ocr_line ocrx_word'/>
</head>
<body>
  <div class='ocr_page' id='page_1' title='image "./tusculanarumdi00ciceuoft_0271.png"; bbox 0 0 1859 3149; ppageno 0'>
   <div class='ocr_carea' id='block_1_1' title="bbox 675 37 1677 88">
    <p class='ocr_par' dir='ltr' id='par_1_1' title="bbox 675 37 1677 88">
     <span class='ocr_line' id='line_1_1' title="bbox 675 37 1677 88; baseline 0.002 -9"><span class='ocrx_word' id='word_1_1' title='bbox 675 45 846 80; x_wconf 71' lang='lat' dir='ltr'>Lmen</span> <span class='ocrx_word' id='word_1_2' title='bbox 870 46 929 81; x_wconf 71' lang='lat' dir='ltr'>iv.</span> <span class='ocrx_word' id='word_1_3' title='bbox 954 45 1021 88; x_wconf 82' lang='lat'>32,</span> <span class='ocrx_word' id='word_1_4' title='bbox 1046 44 1102 80; x_wconf 77' lang='lat'>68.</span> <span class='ocrx_word' id='word_1_5' title='bbox 1598 37 1677 81; x_wconf 83' lang='lat'>261</span> 
     </span>
    </p>
   </div>
   <div class='ocr_carea' id='block_1_2' title="bbox 68 129 1666 1010">
    <p class='ocr_par' dir='ltr' id='par_1_2' title="bbox 68 129 1666 1010">
     <span class='ocr_line' id='line_1_2' title="bbox 158 129 1426 181; baseline -0.002 -12"><span class='ocrx_word' id='word_1_6' title='bbox 158 131 302 170; x_wconf 65' lang='lat' dir='ltr'>Ladms</span> <span class='ocrx_word' id='word_1_7' title='bbox 328 142 412 168; x_wconf 76' lang='lat' dir='ltr'>mm</span> <span class='ocrx_word' id='word_1_8' title='bbox 442 129 607 168; x_wconf 64' lang='lat' dir='ltr'>laudm-e·</span> <span class='ocrx_word' id='word_1_9' title='bbox 632 141 690 166; x_wconf 84' lang='lat' dir='ltr'>me</span> <span class='ocrx_word' id='word_1_10' title='bbox 718 129 787 168; x_wconf 79' lang='lat' dir='ltr'>abs</span> <span class='ocrx_word' id='word_1_11' title='bbox 819 136 875 176; x_wconf 82' lang='lat' dir='ltr'>te,</span> <span class='ocrx_word' id='word_1_12' title='bbox 903 132 1049 181; x_wconf 70' lang='lat' dir='ltr'>priter,</span> <span class='ocrx_word' id='word_1_13' title='bbox 1083 142 1107 168; x_wconf 85' lang='lat' dir='ltr'>a</span> <span class='ocrx_word' id='word_1_14' title='bbox 1136 129 1291 168; x_wconf 67' lang='lat' dir='ltr'>laudato</span> <span class='ocrx_word' id='word_1_15' title='bbox 1322 129 1426 174; x_wconf 77' lang='lat' dir='ltr'>viro,-</span> 
     </span>
     <span class='ocr_line' id='line_1_3' title="bbox 80 200 674 258; baseline -0.007 -12"><span class='ocrx_word' id='word_1_16' title='bbox 80 203 198 246; x_wconf 80' lang='lat' dir='ltr'>aliter</span> <span class='ocrx_word' id='word_1_17' title='bbox 225 203 291 245; x_wconf 89' lang='lat' dir='ltr'>ille</span> <span class='ocrx_word' id='word_1_18' title='bbox 320 202 421 258; x_wconf 83' lang='lat' dir='ltr'>apud</span> <span class='ocrx_word' id='word_1_19' title='bbox 449 200 674 243; x_wconf 79' lang='lat' dir='ltr'><strong>Trabeam:</strong></span> 
     </span>
     <span class='ocr_line' id='line_1_4' title="bbox 99 271 1220 330; baseline -0.003 -9"><span class='ocrx_word' id='word_1_20' title='bbox 99 271 109 275; x_wconf 70' lang='lat'>‚</span> <span class='ocrx_word' id='word_1_21' title='bbox 155 282 262 320; x_wconf 66' lang='lat' dir='ltr'>Lena</span> <span class='ocrx_word' id='word_1_22' title='bbox 289 279 457 319; x_wconf 81' lang='lat' dir='ltr'><em>delenita</em></span> <span class='ocrx_word' id='word_1_23' title='bbox 485 284 649 330; x_wconf 78' lang='lat' dir='ltr'>urgento</span> <span class='ocrx_word' id='word_1_24' title='bbox 677 279 812 316; x_wconf 56' lang='lat' dir='ltr'>notum</span> <span class='ocrx_word' id='word_1_25' title='bbox 842 277 1057 318; x_wconf 76' lang='lat' dir='ltr'><em>observabit</em></span> <span class='ocrx_word' id='word_1_26' title='bbox 1085 293 1220 327; x_wconf 81' lang='lat' dir='ltr'>meum,</span> 
     </span>
     <span class='ocr_line' id='line_1_5' title="bbox 156 351 1588 406; baseline -0.001 -13"><span class='ocrx_word' id='word_1_27' title='bbox 156 356 262 406; x_wconf 77' lang='lat' dir='ltr'>Quid</span> <span class='ocrx_word' id='word_1_28' title='bbox 287 355 394 392; x_wconf 78' lang='lat' dir='ltr'>velem</span> <span class='ocrx_word' id='word_1_29' title='bbox 410 383 421 400; x_wconf 93' lang='lat'>‚</span> <span class='ocrx_word' id='word_1_30' title='bbox 456 354 550 406; x_wconf 77' lang='lat' dir='ltr'>quid</span> <span class='ocrx_word' id='word_1_31' title='bbox 575 351 772 402; x_wconf 65' lang='lat' dir='ltr'>stlideam5</span> <span class='ocrx_word' id='word_1_32' title='bbox 806 355 1008 392; x_wconf 81' lang='lat' dir='ltr'>advem&#39;ens</span> <span class='ocrx_word' id='word_1_33' title='bbox 1037 352 1159 405; x_wconf 74' lang='lat' dir='ltr'>digito</span> <span class='ocrx_word' id='word_1_34' title='bbox 1190 354 1376 406; x_wconf 79' lang='lat' dir='ltr'><em>impellam</em></span> <span class='ocrx_word' id='word_1_35' title='bbox 1408 354 1588 402; x_wconf 75' lang='grc' dir='ltr'>ι’άηιιαιης</span> 
     </span>
     <span class='ocr_line' id='line_1_6' title="bbox 163 424 1462 481; baseline -0.001 -13"><span class='ocrx_word' id='word_1_36' title='bbox 163 430 283 469; x_wconf 71' lang='lat' dir='ltr'>Fore‘s</span> <span class='ocrx_word' id='word_1_37' title='bbox 306 428 517 481; x_wconf 71' lang='lat' dir='ltr'>patebunt5</span> <span class='ocrx_word' id='word_1_38' title='bbox 550 430 596 468; x_wconf 86' lang='lat' dir='ltr'>de</span> <span class='ocrx_word' id='word_1_39' title='bbox 625 431 827 481; x_wconf 46' lang='lat' dir='ltr'>improviso</span> <span class='ocrx_word' id='word_1_40' title='bbox 860 424 1020 480; x_wconf 59' lang='lat' dir='ltr'>Chrysis</span> <span class='ocrx_word' id='word_1_41' title='bbox 1049 429 1118 468; x_wconf 76' lang='lat' dir='ltr'>ube·</span> <span class='ocrx_word' id='word_1_42' title='bbox 1142 443 1199 468; x_wconf 85' lang='lat' dir='ltr'>me</span> <span class='ocrx_word' id='word_1_43' title='bbox 1228 430 1462 481; x_wconf 65' lang='lat' dir='ltr'>adspexerit,</span> 
     </span>
     <span class='ocr_line' id='line_1_7' title="bbox 150 484 1439 557; baseline -0.002 -13"><span class='ocrx_word' id='word_1_44' title='bbox 150 484 311 544; x_wconf 59' lang='lat' dir='ltr'>Alae-ris</span> <span class='ocrx_word' id='word_1_45' title='bbox 340 504 485 544; x_wconf 75' lang='lat' dir='ltr'>obvae‘cim</span> <span class='ocrx_word' id='word_1_46' title='bbox 515 505 612 543; x_wconf 79' lang='lat' dir='ltr'>me‘lu&#39;</span> <span class='ocrx_word' id='word_1_47' title='bbox 635 506 782 552; x_wconf 76' lang='lat' dir='ltr'>veniet,</span> <span class='ocrx_word' id='word_1_48' title='bbox 816 505 1053 557; x_wconf 72' lang='lat' dir='ltr'>complexum</span> <span class='ocrx_word' id='word_1_49' title='bbox 1083 507 1274 556; x_wconf 56' lang='lat' dir='ltr'>exoptans</span> <span class='ocrx_word' id='word_1_50' title='bbox 1305 518 1439 551; x_wconf 81' lang='lat' dir='ltr'>meum,</span> 
     </span>
     <span class='ocr_line' id='line_1_8' title="bbox 150 579 469 619; baseline -0.006 0"><span class='ocrx_word' id='word_1_51' title='bbox 150 579 254 619; x_wconf 73' lang='lat' dir='ltr'>Mihi</span> <span class='ocrx_word' id='word_1_52' title='bbox 277 593 318 618; x_wconf 82' lang='lat' dir='ltr'>se</span> <span class='ocrx_word' id='word_1_53' title='bbox 347 580 469 618; x_wconf 78' lang='lat' dir='ltr'>dedet.</span> 
     </span>
     <span class='ocr_line' id='line_1_9' title="bbox 75 651 1079 709; baseline -0.001 -14"><span class='ocrx_word' id='word_1_54' title='bbox 75 652 206 709; x_wconf 76' lang='lat' dir='ltr'>Quam</span> <span class='ocrx_word' id='word_1_55' title='bbox 237 652 336 694; x_wconf 84' lang='lat' dir='ltr'>haee</span> <span class='ocrx_word' id='word_1_56' title='bbox 365 652 527 708; x_wconf 85' lang='lat' dir='ltr'>pulchra</span> <span class='ocrx_word' id='word_1_57' title='bbox 557 658 691 708; x_wconf 81' lang='lat' dir='ltr'>putet,</span> <span class='ocrx_word' id='word_1_58' title='bbox 724 651 810 708; x_wconf 87' lang='lat' dir='ltr'>ipse</span> <span class='ocrx_word' id='word_1_59' title='bbox 839 653 920 694; x_wconf 81' lang='lat' dir='ltr'>iam</span> <span class='ocrx_word' id='word_1_60' title='bbox 951 652 1079 695; x_wconf 83' lang='lat' dir='ltr'>dicet:</span> 
     </span>
     <span class='ocr_line' id='line_1_10' title="bbox 151 729 1109 784; baseline 0 -16"><span class='ocrx_word' id='word_1_61' title='bbox 151 754 206 760; x_wconf 90' lang='lat'>—</span> <span class='ocrx_word' id='word_1_62' title='bbox 237 731 447 768; x_wconf 72' lang='lat' dir='ltr'>Fortunam</span> <span class='ocrx_word' id='word_1_63' title='bbox 477 730 596 780; x_wconf 79' lang='lat' dir='ltr'>ipsam</span> <span class='ocrx_word' id='word_1_64' title='bbox 626 729 776 769; x_wconf 72' lang='lat' dir='ltr'>anteibo</span> <span class='ocrx_word' id='word_1_65' title='bbox 794 730 974 784; x_wconf 73' lang='lat' dir='ltr'>fortunis</span> <span class='ocrx_word' id='word_1_66' title='bbox 1004 732 1109 769; x_wconf 62' lang='grc' dir='ltr'>νηοῖς.</span> 
     </span>
     <span class='ocr_line' id='line_1_11' title="bbox 184 800 1666 860; baseline 0 -16"><span class='ocrx_word' id='word_1_67' title='bbox 184 800 376 844; x_wconf 86' lang='lat' dir='ltr'>XXXII.</span> <span class='ocrx_word' id='word_1_68' title='bbox 410 808 482 845; x_wconf 83' lang='grc'>68.</span> <span class='ocrx_word' id='word_1_69' title='bbox 517 801 627 844; x_wconf 83' lang='lat' dir='ltr'>Haec</span> <span class='ocrx_word' id='word_1_70' title='bbox 648 802 799 845; x_wconf 82' lang='lat' dir='ltr'>laetitia</span> <span class='ocrx_word' id='word_1_71' title='bbox 822 818 938 860; x_wconf 86' lang='lat' dir='ltr'>quam</span> <span class='ocrx_word' id='word_1_72' title='bbox 962 803 1089 860; x_wconf 86' lang='lat' dir='ltr'>turpis</span> <span class='ocrx_word' id='word_1_73' title='bbox 1118 803 1196 854; x_wconf 87' lang='lat' dir='ltr'>sit,</span> <span class='ocrx_word' id='word_1_74' title='bbox 1245 802 1343 844; x_wconf 81' lang='lat' dir='ltr'>satis</span> <span class='ocrx_word' id='word_1_75' title='bbox 1373 808 1436 844; x_wconf 81' lang='lat' dir='ltr'>est</span> <span class='ocrx_word' id='word_1_76' title='bbox 1457 802 1666 859; x_wconf 79' lang='lat' dir='ltr'>diligenter</span> 
     </span>
     <span class='ocr_line' id='line_1_12' title="bbox 68 877 1666 936; baseline 0.001 -17"><span class='ocrx_word' id='word_1_77' title='bbox 68 877 336 920; x_wconf 81' lang='lat' dir='ltr'>attendentem</span> <span class='ocrx_word' id='word_1_78' title='bbox 362 877 518 935; x_wconf 87' lang='lat' dir='ltr'>penitus</span> <span class='ocrx_word' id='word_1_79' title='bbox 542 877 696 920; x_wconf 85' lang='lat' dir='ltr'>videre.</span> <span class='ocrx_word' id='word_1_80' title='bbox 758 877 813 920; x_wconf 79' lang='lat' dir='ltr'>Et</span> <span class='ocrx_word' id='word_1_81' title='bbox 836 886 878 921; x_wconf 83' lang='lat' dir='ltr'>ut</span> <span class='ocrx_word' id='word_1_82' title='bbox 902 887 1037 936; x_wconf 87' lang='lat' dir='ltr'>turpes</span> <span class='ocrx_word' id='word_1_83' title='bbox 1066 886 1183 931; x_wconf 90' lang='lat' dir='ltr'>sunt,</span> <span class='ocrx_word' id='word_1_84' title='bbox 1231 879 1297 935; x_wconf 91' lang='lat' dir='ltr'>qui</span> <span class='ocrx_word' id='word_1_85' title='bbox 1320 879 1494 920; x_wconf 84' lang='lat' dir='ltr'>efferunt</span> <span class='ocrx_word' id='word_1_86' title='bbox 1515 892 1559 920; x_wconf 89' lang='lat' dir='ltr'>se</span> <span class='ocrx_word' id='word_1_87' title='bbox 1587 878 1666 920; x_wconf 86' lang='lat' dir='ltr'>lae-</span> 
     </span>
     <span class='ocr_line' id='line_1_13' title="bbox 70 946 1665 1010; baseline 0 -16"><span class='ocrx_word' id='word_1_88' title='bbox 70 953 155 995; x_wconf 83' lang='lat' dir='ltr'>titia</span> <span class='ocrx_word' id='word_1_89' title='bbox 189 961 296 1005; x_wconf 81' lang='lat' dir='ltr'>tum,</span> <span class='ocrx_word' id='word_1_90' title='bbox 343 968 460 1009; x_wconf 88' lang='lat' dir='ltr'>quum</span> <span class='ocrx_word' id='word_1_91' title='bbox 495 946 680 995; x_wconf 70' lang='lat' dir='ltr'>fruuntur</span> <span class='ocrx_word' id='word_1_92' title='bbox 702 951 903 996; x_wconf 86' lang='lat' dir='ltr'>Venereis</span> <span class='ocrx_word' id='word_1_93' title='bbox 925 954 1218 1010; x_wconf 81' lang='lat' dir='ltr'>voluptatibus3</span> <span class='ocrx_word' id='word_1_94' title='bbox 1265 955 1323 995; x_wconf 85' lang='lat' dir='ltr'>sic</span> <span class='ocrx_word' id='word_1_95' title='bbox 1342 953 1553 1010; x_wconf 84' lang='lat' dir='ltr'>flagitiosi,</span> <span class='ocrx_word' id='word_1_96' title='bbox 1599 952 1665 1010; x_wconf 86' lang='lat' dir='ltr'>qui</span> 
     </span>
    </p>
   </div>
   <div class='ocr_carea' id='block_1_3' title="bbox 56 1090 1701 1137">
    <p class='ocr_par' dir='ltr' id='par_1_3' title="bbox 56 1090 1701 1137">
     <span class='ocr_line' id='line_1_14' title="bbox 56 1090 1701 1137; baseline 0.001 -15"><span class='ocrx_word' id='word_1_97' title='bbox 56 1097 231 1135; x_wconf 54' lang='lat' dir='ltr'>&lt;quentem</span> <span class='ocrx_word' id='word_1_98' title='bbox 260 1097 361 1135; x_wconf 84' lang='lat' dir='ltr'>atque</span> <span class='ocrx_word' id='word_1_99' title='bbox 389 1090 538 1130; x_wconf 86' lang='lat' dir='ltr'>acutius,</span> <span class='ocrx_word' id='word_1_100' title='bbox 573 1103 672 1136; x_wconf 84' lang='lat' dir='ltr'>quam</span> <span class='ocrx_word' id='word_1_101' title='bbox 702 1099 760 1125; x_wconf 84' lang='lat' dir='ltr'>aut</span> <span class='ocrx_word' id='word_1_102' title='bbox 782 1104 847 1125; x_wconf 87' lang='lat' dir='ltr'>vo-</span> <span class='ocrx_word' id='word_1_103' title='bbox 885 1093 1106 1126; x_wconf 81' lang='lat' dir='ltr'>constantiam</span> <span class='ocrx_word' id='word_1_104' title='bbox 1144 1092 1283 1137; x_wconf 90' lang='lat' dir='ltr'>opponi.</span> <span class='ocrx_word' id='word_1_105' title='bbox 1334 1094 1475 1126; x_wconf 76' lang='lat' dir='ltr'>Neidius.</span> <span class='ocrx_word' id='word_1_106' title='bbox 1522 1092 1701 1136; x_wconf 56' lang='lat' dir='ltr'>Sapiens-Q</span> 
     </span>
    </p>
   </div>
   <div class='ocr_carea' id='block_1_4' title="bbox 66 1136 848 1503">
    <p class='ocr_par' dir='ltr' id='par_1_4' title="bbox 66 1136 848 1503">
     <span class='ocr_line' id='line_1_15' title="bbox 68 1136 848 1182; baseline 0.001 -12"><span class='ocrx_word' id='word_1_107' title='bbox 68 1136 131 1170; x_wconf 88' lang='lat' dir='ltr'>luit</span> <span class='ocrx_word' id='word_1_108' title='bbox 152 1137 242 1181; x_wconf 87' lang='lat' dir='ltr'>ipse,</span> <span class='ocrx_word' id='word_1_109' title='bbox 268 1143 326 1169; x_wconf 88' lang='lat' dir='ltr'>aut</span> <span class='ocrx_word' id='word_1_110' title='bbox 349 1149 411 1180; x_wconf 83' lang='lat' dir='ltr'>pro</span> <span class='ocrx_word' id='word_1_111' title='bbox 432 1149 467 1169; x_wconf 88' lang='lat' dir='ltr'>re</span> <span class='ocrx_word' id='word_1_112' title='bbox 488 1143 566 1170; x_wconf 81' lang='lat' dir='ltr'>nata</span> <span class='ocrx_word' id='word_1_113' title='bbox 589 1138 711 1182; x_wconf 87' lang='lat' dir='ltr'>potuit.</span> <span class='ocrx_word' id='word_1_114' title='bbox 761 1139 848 1171; x_wconf 81' lang='lat' dir='ltr'>Nam</span> 
     </span>
     <span class='ocr_line' id='line_1_16' title="bbox 70 1182 847 1228; baseline 0.003 -12"><span class='ocrx_word' id='word_1_115' title='bbox 70 1194 172 1228; x_wconf 89' lang='lat' dir='ltr'>quum</span> <span class='ocrx_word' id='word_1_116' title='bbox 188 1189 265 1216; x_wconf 88' lang='lat' dir='ltr'>toto</span> <span class='ocrx_word' id='word_1_117' title='bbox 279 1182 348 1216; x_wconf 86' lang='lat' dir='ltr'>hoc</span> <span class='ocrx_word' id='word_1_118' title='bbox 363 1182 441 1216; x_wconf 89' lang='lat' dir='ltr'>loco</span> <span class='ocrx_word' id='word_1_119' title='bbox 454 1183 491 1215; x_wconf 91' lang='lat' dir='ltr'>id</span> <span class='ocrx_word' id='word_1_120' title='bbox 515 1183 756 1224; x_wconf 81' lang='lat' dir='ltr'><strong>contendisset,</strong></span> <span class='ocrx_word' id='word_1_121' title='bbox 775 1196 847 1218; x_wconf 89' lang='lat' dir='ltr'>esse</span> 
     </span>
     <span class='ocr_line' id='line_1_17' title="bbox 67 1228 847 1264; baseline 0.001 -2"><span class='ocrx_word' id='word_1_122' title='bbox 67 1240 138 1262; x_wconf 87' lang='lat' dir='ltr'>non</span> <span class='ocrx_word' id='word_1_123' title='bbox 159 1228 266 1261; x_wconf 86' lang='lat' dir='ltr'>minus</span> <span class='ocrx_word' id='word_1_124' title='bbox 285 1228 320 1261; x_wconf 90' lang='lat' dir='ltr'>in</span> <span class='ocrx_word' id='word_1_125' title='bbox 339 1228 437 1261; x_wconf 87' lang='lat' dir='ltr'>rebus</span> <span class='ocrx_word' id='word_1_126' title='bbox 457 1229 612 1262; x_wconf 88' lang='lat' dir='ltr'>secundis</span> <span class='ocrx_word' id='word_1_127' title='bbox 633 1231 771 1264; x_wconf 84' lang='lat' dir='ltr'>modum</span> <span class='ocrx_word' id='word_1_128' title='bbox 791 1239 847 1263; x_wconf 86' lang='lat' dir='ltr'>te-</span> 
     </span>
     <span class='ocr_line' id='line_1_18' title="bbox 69 1274 843 1319; baseline 0.001 -11"><span class='ocrx_word' id='word_1_129' title='bbox 69 1274 228 1316; x_wconf 82' lang='lat' dir='ltr'>nendum,</span> <span class='ocrx_word' id='word_1_130' title='bbox 253 1286 351 1319; x_wconf 88' lang='lat' dir='ltr'>quam</span> <span class='ocrx_word' id='word_1_131' title='bbox 375 1274 409 1307; x_wconf 91' lang='lat' dir='ltr'>in</span> <span class='ocrx_word' id='word_1_132' title='bbox 433 1275 531 1308; x_wconf 84' lang='lat' dir='ltr'>rebus</span> <span class='ocrx_word' id='word_1_133' title='bbox 553 1275 714 1319; x_wconf 76' lang='lat' dir='ltr'>adversis,</span> <span class='ocrx_word' id='word_1_134' title='bbox 740 1276 843 1309; x_wconf 86' lang='lat' dir='ltr'>dixis-</span> 
     </span>
     <span class='ocr_line' id='line_1_19' title="bbox 67 1321 845 1366; baseline 0.001 -12"><span class='ocrx_word' id='word_1_135' title='bbox 67 1328 207 1366; x_wconf 82' lang='lat' dir='ltr'>setque,</span> <span class='ocrx_word' id='word_1_136' title='bbox 243 1321 278 1354; x_wconf 87' lang='lat' dir='ltr'>iu</span> <span class='ocrx_word' id='word_1_137' title='bbox 300 1321 380 1364; x_wconf 88' lang='lat' dir='ltr'>ipsis</span> <span class='ocrx_word' id='word_1_138' title='bbox 403 1321 500 1354; x_wconf 92' lang='lat' dir='ltr'>bonis</span> <span class='ocrx_word' id='word_1_139' title='bbox 527 1322 699 1365; x_wconf 84' lang='lat' dir='ltr'>potiundis</span> <span class='ocrx_word' id='word_1_140' title='bbox 732 1323 845 1355; x_wconf 76' lang='lat' dir='ltr'>exsul-</span> 
     </span>
     <span class='ocr_line' id='line_1_20' title="bbox 66 1367 844 1411; baseline 0.001 -11"><span class='ocrx_word' id='word_1_141' title='bbox 66 1374 196 1401; x_wconf 82' lang='lat' dir='ltr'><strong>tantem</strong></span> <span class='ocrx_word' id='word_1_142' title='bbox 219 1367 381 1400; x_wconf 73' lang='lat' dir='ltr'>laetitiam</span> <span class='ocrx_word' id='word_1_143' title='bbox 414 1374 548 1411; x_wconf 78' lang='lat' dir='ltr'>turpem</span> <span class='ocrx_word' id='word_1_144' title='bbox 577 1380 650 1401; x_wconf 86' lang='lat' dir='ltr'>esse</span> <span class='ocrx_word' id='word_1_145' title='bbox 672 1382 738 1406; x_wconf 85' lang='lat'>——3</span> <span class='ocrx_word' id='word_1_146' title='bbox 772 1376 844 1402; x_wconf 92' lang='lat' dir='ltr'>tum</span> 
     </span>
     <span class='ocr_line' id='line_1_21' title="bbox 68 1413 843 1459; baseline 0.001 -13"><span class='ocrx_word' id='word_1_147' title='bbox 68 1420 107 1446; x_wconf 88' lang='lat' dir='ltr'>ut</span> <span class='ocrx_word' id='word_1_148' title='bbox 131 1413 265 1458; x_wconf 78' lang='lat' dir='ltr'>paucis,</span> <span class='ocrx_word' id='word_1_149' title='bbox 303 1413 395 1457; x_wconf 86' lang='lat' dir='ltr'>quud</span> <span class='ocrx_word' id='word_1_150' title='bbox 418 1414 552 1446; x_wconf 79' lang='lat' dir='ltr'>efficere</span> <span class='ocrx_word' id='word_1_151' title='bbox 587 1415 737 1459; x_wconf 88' lang='lat' dir='ltr'>pluribus</span> <span class='ocrx_word' id='word_1_152' title='bbox 768 1422 843 1447; x_wconf 88' lang='lat' dir='ltr'>stn-</span> 
     </span>
     <span class='ocr_line' id='line_1_22' title="bbox 68 1459 842 1503; baseline 0.001 -11"><span class='ocrx_word' id='word_1_153' title='bbox 68 1459 206 1499; x_wconf 88' lang='lat' dir='ltr'>duerat‚</span> <span class='ocrx_word' id='word_1_154' title='bbox 230 1467 421 1503; x_wconf 80' lang='lat' dir='ltr'>repeteret,</span> <span class='ocrx_word' id='word_1_155' title='bbox 457 1471 532 1492; x_wconf 87' lang='lat' dir='ltr'>usus</span> <span class='ocrx_word' id='word_1_156' title='bbox 557 1468 608 1492; x_wconf 89' lang='lat' dir='ltr'>est</span> <span class='ocrx_word' id='word_1_157' title='bbox 633 1461 683 1494; x_wconf 91' lang='lat' dir='ltr'>his</span> <span class='ocrx_word' id='word_1_158' title='bbox 714 1461 842 1493; x_wconf 85' lang='lat' dir='ltr'>verbis:</span> 
     </span>
    </p>
   </div>
   <div class='ocr_carea' id='block_1_5' title="bbox 0 1507 845 1548">
    <p class='ocr_par' dir='ltr' id='par_1_5' title="bbox 0 1507 845 1548">
     <span class='ocr_line' id='line_1_23' title="bbox 0 1507 845 1548; baseline 0.002 -10"><span class='ocrx_word' id='word_1_159' title='bbox 0 1530 11 1534; x_wconf 81' lang='grc'><strong>-</strong></span> <span class='ocrx_word' id='word_1_160' title='bbox 67 1510 161 1548; x_wconf 79' lang='lat' dir='ltr'>atque</span> <span class='ocrx_word' id='word_1_161' title='bbox 182 1509 217 1538; x_wconf 76' lang='lat' dir='ltr'>ut</span> <span class='ocrx_word' id='word_1_162' title='bbox 237 1507 392 1547; x_wconf 82' lang='lat' dir='ltr'>confidere</span> <span class='ocrx_word' id='word_1_163' title='bbox 414 1507 510 1547; x_wconf 80' lang='lat' dir='ltr'>decet,</span> <span class='ocrx_word' id='word_1_164' title='bbox 532 1509 640 1539; x_wconf 77' lang='lat' dir='ltr'>timere</span> <span class='ocrx_word' id='word_1_165' title='bbox 664 1518 725 1548; x_wconf 77' lang='grc' dir='ltr'>ηοη</span> <span class='ocrx_word' id='word_1_166' title='bbox 749 1509 845 1548; x_wconf 73' lang='lat' dir='ltr'>decet,</span> 
     </span>
    </p>
   </div>
   <div class='ocr_carea' id='block_1_6' title="bbox 51 1553 844 1689">
    <p class='ocr_par' dir='ltr' id='par_1_6' title="bbox 51 1553 844 1689">
     <span class='ocr_line' id='line_1_24' title="bbox 66 1553 844 1594; baseline 0.001 -9"><span class='ocrx_word' id='word_1_167' title='bbox 66 1555 112 1585; x_wconf 72' lang='lat' dir='ltr'>sic</span> <span class='ocrx_word' id='word_1_168' title='bbox 131 1553 270 1594; x_wconf 69' lang='lat' dir='ltr'>gaudere</span> <span class='ocrx_word' id='word_1_169' title='bbox 290 1553 386 1593; x_wconf 80' lang='lat' dir='ltr'>decet,</span> <span class='ocrx_word' id='word_1_170' title='bbox 409 1554 523 1584; x_wconf 80' lang='lat' dir='ltr'>laetari</span> <span class='ocrx_word' id='word_1_171' title='bbox 540 1563 603 1586; x_wconf 83' lang='lat' dir='ltr'>non</span> <span class='ocrx_word' id='word_1_172' title='bbox 623 1555 718 1586; x_wconf 73' lang='lat' dir='ltr'>decet.</span> <span class='ocrx_word' id='word_1_173' title='bbox 751 1556 844 1594; x_wconf 82' lang='lat' dir='ltr'><strong>Quae</strong></span> 
     </span>
     <span class='ocr_line' id='line_1_25' title="bbox 51 1598 843 1642; baseline 0.003 -12"><span class='ocrx_word' id='word_1_174' title='bbox 51 1598 182 1637; x_wconf 55' lang='lat' dir='ltr'>verba,</span> <span class='ocrx_word' id='word_1_175' title='bbox 207 1609 305 1642; x_wconf 91' lang='lat' dir='ltr'>quum</span> <span class='ocrx_word' id='word_1_176' title='bbox 329 1609 381 1630; x_wconf 87' lang='lat' dir='ltr'>res</span> <span class='ocrx_word' id='word_1_177' title='bbox 400 1598 560 1630; x_wconf 74' lang='lat' dir='ltr'>adversae</span> <span class='ocrx_word' id='word_1_178' title='bbox 579 1606 655 1632; x_wconf 91' lang='lat' dir='ltr'>toto</span> <span class='ocrx_word' id='word_1_179' title='bbox 679 1599 745 1632; x_wconf 92' lang='lat' dir='ltr'>hoc</span> <span class='ocrx_word' id='word_1_180' title='bbox 766 1599 843 1632; x_wconf 85' lang='lat' dir='ltr'>loco</span> 
     </span>
     <span class='ocr_line' id='line_1_26' title="bbox 67 1643 844 1689; baseline 0.001 -13"><span class='ocrx_word' id='word_1_181' title='bbox 67 1643 222 1676; x_wconf 86' lang='lat' dir='ltr'>secundis</span> <span class='ocrx_word' id='word_1_182' title='bbox 243 1651 470 1688; x_wconf 77' lang='lat' dir='ltr'>opponantur,</span> <span class='ocrx_word' id='word_1_183' title='bbox 493 1644 561 1677; x_wconf 92' lang='lat' dir='ltr'>hoc</span> <span class='ocrx_word' id='word_1_184' title='bbox 581 1644 717 1677; x_wconf 62' lang='lat' dir='ltr'>dicunt‘:</span> <span class='ocrx_word' id='word_1_185' title='bbox 743 1653 844 1689; x_wconf 83' lang='lat' dir='ltr'>atque</span> 
     </span>
    </p>
   </div>
   <div class='ocr_carea' id='block_1_7' title="bbox 10 1689 843 1734">
    <p class='ocr_par' dir='ltr' id='par_1_7' title="bbox 10 1689 843 1734">
     <span class='ocr_line' id='line_1_27' title="bbox 10 1689 843 1734; baseline 0.002 -12"><span class='ocrx_word' id='word_1_186' title='bbox 10 1692 104 1734; x_wconf 17' lang='lat' dir='ltr'>&#39;&#39;vut</span> <span class='ocrx_word' id='word_1_187' title='bbox 136 1690 169 1722; x_wconf 90' lang='lat' dir='ltr'>in</span> <span class='ocrx_word' id='word_1_188' title='bbox 201 1689 299 1723; x_wconf 84' lang='lat' dir='ltr'>rebus</span> <span class='ocrx_word' id='word_1_189' title='bbox 334 1689 482 1723; x_wconf 87' lang='lat' dir='ltr'>adversis</span> <span class='ocrx_word' id='word_1_190' title='bbox 506 1689 541 1723; x_wconf 90' lang='lat' dir='ltr'>in</span> <span class='ocrx_word' id='word_1_191' title='bbox 570 1703 611 1724; x_wconf 86' lang='lat' dir='ltr'>eo</span> <span class='ocrx_word' id='word_1_192' title='bbox 643 1698 693 1723; x_wconf 83' lang='lat' dir='ltr'>est</span> <span class='ocrx_word' id='word_1_193' title='bbox 724 1693 843 1725; x_wconf 91' lang='lat' dir='ltr'>modus</span> 
     </span>
    </p>
   </div>
   <div class='ocr_carea' id='block_1_8' title="bbox 32 1735 846 2333">
    <p class='ocr_par' dir='ltr' id='par_1_8' title="bbox 32 1735 846 2333">
     <span class='ocr_line' id='line_1_28' title="bbox 66 1735 843 1780; baseline 0.004 -12"><span class='ocrx_word' id='word_1_194' title='bbox 66 1735 249 1769; x_wconf 87' lang='lat' dir='ltr'>servandus</span> <span class='ocrx_word' id='word_1_195' title='bbox 263 1762 272 1777; x_wconf 91' lang='lat'>‚</span> <span class='ocrx_word' id='word_1_196' title='bbox 297 1743 355 1777; x_wconf 91' lang='lat' dir='ltr'>ut,</span> <span class='ocrx_word' id='word_1_197' title='bbox 381 1748 483 1780; x_wconf 82' lang='lat' dir='ltr'>quum</span> <span class='ocrx_word' id='word_1_198' title='bbox 506 1737 648 1770; x_wconf 84' lang='lat' dir='ltr'>maxima</span> <span class='ocrx_word' id='word_1_199' title='bbox 670 1737 714 1769; x_wconf 77' lang='lat' dir='ltr'>sit</span> <span class='ocrx_word' id='word_1_200' title='bbox 736 1738 843 1771; x_wconf 90' lang='lat' dir='ltr'>timo-</span> 
     </span>
     <span class='ocr_line' id='line_1_29' title="bbox 68 1782 844 1826; baseline 0 -10"><span class='ocrx_word' id='word_1_201' title='bbox 68 1782 114 1816; x_wconf 87' lang='lat' dir='ltr'>ris</span> <span class='ocrx_word' id='word_1_202' title='bbox 137 1794 271 1822; x_wconf 80' lang='lat' dir='ltr'>caussa,</span> <span class='ocrx_word' id='word_1_203' title='bbox 296 1794 370 1815; x_wconf 86' lang='lat' dir='ltr'>eam</span> <span class='ocrx_word' id='word_1_204' title='bbox 389 1783 438 1815; x_wconf 84' lang='lat' dir='ltr'>ita</span> <span class='ocrx_word' id='word_1_205' title='bbox 458 1789 570 1816; x_wconf 75' lang='lat' dir='ltr'>tamen</span> <span class='ocrx_word' id='word_1_206' title='bbox 592 1791 760 1826; x_wconf 63' lang='lat' dir='ltr'>temperes</span> <span class='ocrx_word' id='word_1_207' title='bbox 774 1810 781 1823; x_wconf 94' lang='lat'>‚</span> <span class='ocrx_word' id='word_1_208' title='bbox 809 1791 844 1816; x_wconf 89' lang='lat' dir='ltr'>ut</span> 
     </span>
     <span class='ocr_line' id='line_1_30' title="bbox 69 1828 844 1867; baseline -0.001 -6"><span class='ocrx_word' id='word_1_209' title='bbox 69 1828 217 1861; x_wconf 73' lang='lat' dir='ltr'>confidas</span> <span class='ocrx_word' id='word_1_210' title='bbox 241 1840 305 1861; x_wconf 78' lang='lat' dir='ltr'>nec</span> <span class='ocrx_word' id='word_1_211' title='bbox 326 1835 362 1861; x_wconf 86' lang='lat' dir='ltr'>te</span> <span class='ocrx_word' id='word_1_212' title='bbox 382 1828 496 1862; x_wconf 81' lang='lat' dir='ltr'>tradas</span> <span class='ocrx_word' id='word_1_213' title='bbox 521 1829 761 1867; x_wconf 88' lang='lat' dir='ltr'>sollicitudini,</span> <span class='ocrx_word' id='word_1_214' title='bbox 796 1830 844 1861; x_wconf 87' lang='lat' dir='ltr'>sic</span> 
     </span>
     <span class='ocr_line' id='line_1_31' title="bbox 66 1874 844 1908; baseline 0 -1"><span class='ocrx_word' id='word_1_215' title='bbox 66 1874 104 1907; x_wconf 84' lang='lat' dir='ltr'>in&#39;</span> <span class='ocrx_word' id='word_1_216' title='bbox 124 1874 222 1908; x_wconf 89' lang='lat' dir='ltr'>rebus</span> <span class='ocrx_word' id='word_1_217' title='bbox 257 1874 413 1908; x_wconf 84' lang='lat' dir='ltr'>secundis</span> <span class='ocrx_word' id='word_1_218' title='bbox 438 1886 479 1908; x_wconf 89' lang='lat' dir='ltr'>eo</span> <span class='ocrx_word' id='word_1_219' title='bbox 505 1875 715 1908; x_wconf 89' lang='lat' dir='ltr'>occasionem</span> <span class='ocrx_word' id='word_1_220' title='bbox 742 1874 844 1907; x_wconf 88' lang='lat' dir='ltr'>laeti-</span> 
     </span>
     <span class='ocr_line' id='line_1_32' title="bbox 66 1920 844 1965; baseline -0.003 -11"><span class='ocrx_word' id='word_1_221' title='bbox 66 1920 135 1954; x_wconf 85' lang='lat' dir='ltr'>tiae</span> <span class='ocrx_word' id='word_1_222' title='bbox 170 1920 417 1961; x_wconf 58' lang='lat' dir='ltr'>moderaberef</span> <span class='ocrx_word' id='word_1_223' title='bbox 451 1927 487 1952; x_wconf 86' lang='lat' dir='ltr'>ut</span> <span class='ocrx_word' id='word_1_224' title='bbox 521 1920 666 1963; x_wconf 71' lang='lat' dir='ltr'>gaudeas</span> <span class='ocrx_word' id='word_1_225' title='bbox 697 1921 844 1965; x_wconf 85' lang='lat' dir='ltr'>quidem,</span> 
     </span>
     <span class='ocr_line' id='line_1_33' title="bbox 32 1966 843 2010; baseline -0.001 -11"><span class='ocrx_word' id='word_1_226' title='bbox 32 1997 34 1999; x_wconf 74' lang='grc'><strong>,</strong></span> <span class='ocrx_word' id='word_1_227' title='bbox 67 1966 128 1999; x_wconf 84' lang='lat' dir='ltr'>sed</span> <span class='ocrx_word' id='word_1_228' title='bbox 148 1972 184 1999; x_wconf 87' lang='lat' dir='ltr'>te</span> <span class='ocrx_word' id='word_1_229' title='bbox 197 1966 348 1999; x_wconf 84' lang='lat' dir='ltr'>laetitiae</span> <span class='ocrx_word' id='word_1_230' title='bbox 366 1978 438 1999; x_wconf 84' lang='lat' dir='ltr'>non</span> <span class='ocrx_word' id='word_1_231' title='bbox 457 1966 583 1999; x_wconf 85' lang='lat' dir='ltr'>tradas.</span> <span class='ocrx_word' id='word_1_232' title='bbox 618 1968 707 1999; x_wconf 86' lang='lat' dir='ltr'>Nam</span> <span class='ocrx_word' id='word_1_233' title='bbox 725 1978 843 2010; x_wconf 91' lang='lat' dir='ltr'>quem-</span> 
     </span>
     <span class='ocr_line' id='line_1_34' title="bbox 67 2011 845 2046; baseline 0 0"><span class='ocrx_word' id='word_1_234' title='bbox 67 2011 250 2046; x_wconf 80' lang='lat' dir='ltr'>admodum</span> <span class='ocrx_word' id='word_1_235' title='bbox 274 2012 308 2044; x_wconf 90' lang='lat' dir='ltr'>in</span> <span class='ocrx_word' id='word_1_236' title='bbox 332 2012 430 2044; x_wconf 87' lang='lat' dir='ltr'>rebus</span> <span class='ocrx_word' id='word_1_237' title='bbox 459 2011 606 2044; x_wconf 83' lang='lat' dir='ltr'>adversis</span> <span class='ocrx_word' id='word_1_238' title='bbox 631 2012 770 2045; x_wconf 84' lang='lat' dir='ltr'>confisio</span> <span class='ocrx_word' id='word_1_239' title='bbox 795 2020 845 2046; x_wconf 88' lang='lat' dir='ltr'>est</span> 
     </span>
     <span class='ocr_line' id='line_1_35' title="bbox 68 2058 845 2102; baseline -0.001 -10"><span class='ocrx_word' id='word_1_240' title='bbox 68 2058 292 2102; x_wconf 78' lang='lat' dir='ltr'>temperantia</span> <span class='ocrx_word' id='word_1_241' title='bbox 325 2064 425 2102; x_wconf 88' lang='lat' dir='ltr'>atque</span> <span class='ocrx_word' id='word_1_242' title='bbox 448 2058 656 2090; x_wconf 83' lang='lat' dir='ltr'>continentia</span> <span class='ocrx_word' id='word_1_243' title='bbox 680 2070 700 2091; x_wconf 89' lang='lat' dir='ltr'>a</span> <span class='ocrx_word' id='word_1_244' title='bbox 723 2058 845 2091; x_wconf 86' lang='lat' dir='ltr'>timore</span> 
     </span>
     <span class='ocr_line' id='line_1_36' title="bbox 67 2102 845 2145; baseline -0.001 -7"><span class='ocrx_word' id='word_1_245' title='bbox 67 2116 109 2138; x_wconf 87' lang='lat' dir='ltr'>ac</span> <span class='ocrx_word' id='word_1_246' title='bbox 140 2102 386 2145; x_wconf 87' lang='lat' dir='ltr'>sollicitudine,</span> <span class='ocrx_word' id='word_1_247' title='bbox 420 2103 467 2136; x_wconf 89' lang='lat' dir='ltr'>ita</span> <span class='ocrx_word' id='word_1_248' title='bbox 493 2103 528 2136; x_wconf 88' lang='lat' dir='ltr'>in</span> <span class='ocrx_word' id='word_1_249' title='bbox 559 2104 657 2137; x_wconf 90' lang='lat' dir='ltr'>rebus</span> <span class='ocrx_word' id='word_1_250' title='bbox 691 2105 845 2138; x_wconf 88' lang='lat' dir='ltr'>secundis</span> 
     </span>
     <span class='ocr_line' id='line_1_37' title="bbox 68 2149 846 2194; baseline 0.003 -12"><span class='ocrx_word' id='word_1_251' title='bbox 68 2149 226 2194; x_wconf 87' lang='lat' dir='ltr'>gaudium</span> <span class='ocrx_word' id='word_1_252' title='bbox 250 2156 301 2182; x_wconf 91' lang='lat' dir='ltr'>est</span> <span class='ocrx_word' id='word_1_253' title='bbox 325 2150 497 2182; x_wconf 79' lang='lat' dir='ltr'>revocatio</span> <span class='ocrx_word' id='word_1_254' title='bbox 527 2150 569 2182; x_wconf 92' lang='lat' dir='ltr'>ab</span> <span class='ocrx_word' id='word_1_255' title='bbox 604 2150 782 2183; x_wconf 79' lang='lat' dir='ltr'>exsultanti</span> <span class='ocrx_word' id='word_1_256' title='bbox 811 2158 846 2184; x_wconf 90' lang='lat' dir='ltr'>et</span> 
     </span>
     <span class='ocr_line' id='line_1_38' title="bbox 68 2195 846 2240; baseline 0.001 -11"><span class='ocrx_word' id='word_1_257' title='bbox 68 2195 226 2240; x_wconf 83' lang='lat' dir='ltr'>gestienti</span> <span class='ocrx_word' id='word_1_258' title='bbox 248 2195 387 2228; x_wconf 83' lang='lat' dir='ltr'>laetitia.</span> <span class='ocrx_word' id='word_1_259' title='bbox 421 2195 462 2228; x_wconf 86' lang='lat' dir='ltr'>Id</span> <span class='ocrx_word' id='word_1_260' title='bbox 483 2195 580 2229; x_wconf 89' lang='lat' dir='ltr'>nobis</span> <span class='ocrx_word' id='word_1_261' title='bbox 598 2196 716 2230; x_wconf 89' lang='lat' dir='ltr'>Cicero</span> <span class='ocrx_word' id='word_1_262' title='bbox 737 2197 846 2230; x_wconf 80' lang='lat' dir='ltr'>voluit</span> 
     </span>
     <span class='ocr_line' id='line_1_39' title="bbox 72 2242 845 2287; baseline 0.003 -13"><span class='ocrx_word' id='word_1_263' title='bbox 72 2248 151 2275; x_wconf 82' lang='lat' dir='ltr'>ante</span> <span class='ocrx_word' id='word_1_264' title='bbox 182 2242 296 2275; x_wconf 88' lang='lat' dir='ltr'>oculos</span> <span class='ocrx_word' id='word_1_265' title='bbox 322 2253 468 2285; x_wconf 85' lang='lat' dir='ltr'>ponere;</span> <span class='ocrx_word' id='word_1_266' title='bbox 502 2254 605 2286; x_wconf 88' lang='lat' dir='ltr'>quare</span> <span class='ocrx_word' id='word_1_267' title='bbox 640 2255 707 2276; x_wconf 91' lang='lat' dir='ltr'>non</span> <span class='ocrx_word' id='word_1_268' title='bbox 731 2244 845 2287; x_wconf 88' lang='lat' dir='ltr'>potuit</span> 
     </span>
     <span class='ocr_line' id='line_1_40' title="bbox 68 2287 845 2333; baseline 0 -11"><span class='ocrx_word' id='word_1_269' title='bbox 68 2298 178 2322; x_wconf 82' lang='lat' dir='ltr'>cavere</span> <span class='ocrx_word' id='word_1_270' title='bbox 200 2287 346 2321; x_wconf 86' lang='lat' dir='ltr'>scribere</span> <span class='ocrx_word' id='word_1_271' title='bbox 359 2314 368 2326; x_wconf 86' lang='lat'>‚</span> <span class='ocrx_word' id='word_1_272' title='bbox 393 2287 484 2332; x_wconf 89' lang='lat' dir='ltr'>quod</span> <span class='ocrx_word' id='word_1_273' title='bbox 504 2300 605 2333; x_wconf 90' lang='lat' dir='ltr'>quum</span> <span class='ocrx_word' id='word_1_274' title='bbox 627 2289 792 2322; x_wconf 85' lang='lat' dir='ltr'>cautionis</span> <span class='ocrx_word' id='word_1_275' title='bbox 812 2297 845 2322; x_wconf 82' lang='lat' dir='ltr'>et</span> 
     </span>
    </p>
   </div>
   <div class='ocr_carea' id='block_1_9' title="bbox 65 2333 894 2378">
    <p class='ocr_par' dir='ltr' id='par_1_9' title="bbox 65 2333 894 2378">
     <span class='ocr_line' id='line_1_41' title="bbox 65 2333 894 2378; baseline 0.001 -11"><span class='ocrx_word' id='word_1_276' title='bbox 65 2333 302 2378; x_wconf 84' lang='lat' dir='ltr'>providentiae</span> <span class='ocrx_word' id='word_1_277' title='bbox 325 2333 500 2372; x_wconf 84' lang='lat' dir='ltr'>notionem</span> <span class='ocrx_word' id='word_1_278' title='bbox 518 2334 667 2375; x_wconf 81' lang='lat' dir='ltr'>inferat,</span> <span class='ocrx_word' id='word_1_279' title='bbox 689 2335 761 2368; x_wconf 87' lang='lat' dir='ltr'>h.l.</span> <span class='ocrx_word' id='word_1_280' title='bbox 786 2342 842 2368; x_wconf 91' lang='lat' dir='ltr'>to·</span> <span class='ocrx_word' id='word_1_281' title='bbox 891 2343 894 2346; x_wconf 86' lang='grc'><strong>“</strong></span> 
     </span>
    </p>
   </div>
   <div class='ocr_carea' id='block_1_10' title="bbox 68 2380 849 2607">
    <p class='ocr_par' dir='ltr' id='par_1_10' title="bbox 68 2380 849 2607">
     <span class='ocr_line' id='line_1_42' title="bbox 68 2380 847 2423; baseline 0.004 -12"><span class='ocrx_word' id='word_1_282' title='bbox 68 2380 258 2422; x_wconf 57' lang='grc' dir='ltr'>Ιετᾱι-Ῑῃοη</span> <span class='ocrx_word' id='word_1_283' title='bbox 279 2387 403 2423; x_wconf 84' lang='lat' dir='ltr'>potest.</span> <span class='ocrx_word' id='word_1_284' title='bbox 452 2382 498 2413; x_wconf 90' lang='lat' dir='ltr'>So</span> <span class='ocrx_word' id='word_1_285' title='bbox 526 2381 588 2413; x_wconf 83' lang='lat' dir='ltr'>wie</span> <span class='ocrx_word' id='word_1_286' title='bbox 610 2393 687 2413; x_wconf 91' lang='lat' dir='ltr'>man</span> <span class='ocrx_word' id='word_1_287' title='bbox 711 2381 847 2414; x_wconf 89' lang='lat' dir='ltr'>endlich</span> 
     </span>
     <span class='ocr_line' id='line_1_43' title="bbox 72 2425 844 2471; baseline 0.003 -13"><span class='ocrx_word' id='word_1_288' title='bbox 72 2425 133 2470; x_wconf 80' lang='lat' dir='ltr'>(im</span> <span class='ocrx_word' id='word_1_289' title='bbox 147 2426 336 2471; x_wconf 69' lang='lat' dir='ltr'>Ungliicke)</span> <span class='ocrx_word' id='word_1_290' title='bbox 360 2426 460 2459; x_wconf 86' lang='lat' dir='ltr'>Muth</span> <span class='ocrx_word' id='word_1_291' title='bbox 478 2426 590 2459; x_wconf 87' lang='lat' dir='ltr'>fassen</span> <span class='ocrx_word' id='word_1_292' title='bbox 612 2439 725 2467; x_wconf 90' lang='lat' dir='ltr'>muss,</span> <span class='ocrx_word' id='word_1_293' title='bbox 749 2427 844 2460; x_wconf 87' lang='lat' dir='ltr'>nicht</span> 
     </span>
     <span class='ocr_line' id='line_1_44' title="bbox 69 2472 846 2517; baseline 0 -11"><span class='ocrx_word' id='word_1_294' title='bbox 69 2472 153 2506; x_wconf 85' lang='lat' dir='ltr'>aber</span> <span class='ocrx_word' id='word_1_295' title='bbox 173 2484 356 2516; x_wconf 77' lang='lat' dir='ltr'>verzagen3</span> <span class='ocrx_word' id='word_1_296' title='bbox 380 2483 418 2505; x_wconf 91' lang='lat' dir='ltr'>so</span> <span class='ocrx_word' id='word_1_297' title='bbox 435 2485 524 2506; x_wconf 86' lang='lat' dir='ltr'>muss</span> <span class='ocrx_word' id='word_1_298' title='bbox 546 2485 624 2505; x_wconf 90' lang='lat' dir='ltr'>man</span> <span class='ocrx_word' id='word_1_299' title='bbox 646 2473 718 2506; x_wconf 88' lang='lat' dir='ltr'>sich</span> <span class='ocrx_word' id='word_1_300' title='bbox 743 2474 846 2517; x_wconf 79' lang='lat' dir='ltr'>(heim</span> 
     </span>
     <span class='ocr_line' id='line_1_45' title="bbox 70 2518 849 2561; baseline 0.003 -10"><span class='ocrx_word' id='word_1_301' title='bbox 70 2519 222 2552; x_wconf 87' lang='lat' dir='ltr'>Genusse</span> <span class='ocrx_word' id='word_1_302' title='bbox 261 2518 322 2551; x_wconf 88' lang='lat' dir='ltr'>der</span> <span class='ocrx_word' id='word_1_303' title='bbox 357 2519 485 2561; x_wconf 65' lang='lat' dir='ltr'>Giiter)</span> <span class='ocrx_word' id='word_1_304' title='bbox 530 2518 594 2552; x_wconf 87' lang='lat' dir='ltr'>mit</span> <span class='ocrx_word' id='word_1_305' title='bbox 630 2519 849 2553; x_wconf 87' lang='lat' dir='ltr'>Gleichmuth</span> 
     </span>
     <span class='ocr_line' id='line_1_46' title="bbox 70 2564 846 2607; baseline 0 -9"><span class='ocrx_word' id='word_1_306' title='bbox 70 2565 186 2598; x_wconf 75' lang='lat' dir='ltr'>freuen</span> <span class='ocrx_word' id='word_1_307' title='bbox 201 2591 210 2607; x_wconf 91' lang='lat'>‚</span> <span class='ocrx_word' id='word_1_308' title='bbox 235 2564 330 2598; x_wconf 86' lang='lat' dir='ltr'>nicht</span> <span class='ocrx_word' id='word_1_309' title='bbox 352 2565 433 2598; x_wconf 82' lang='lat' dir='ltr'>aber</span> <span class='ocrx_word' id='word_1_310' title='bbox 458 2564 695 2598; x_wconf 71' lang='lat' dir='ltr'>frohlocken.“</span> <span class='ocrx_word' id='word_1_311' title='bbox 742 2567 794 2598; x_wconf 91' lang='lat' dir='ltr'>De</span> <span class='ocrx_word' id='word_1_312' title='bbox 815 2578 846 2599; x_wconf 84' lang='lat' dir='ltr'>v.</span> 
     </span>
    </p>
   </div>
   <div class='ocr_carea' id='block_1_11' title="bbox 69 2609 848 2653">
    <p class='ocr_par' dir='ltr' id='par_1_11' title="bbox 69 2609 848 2653">
     <span class='ocr_line' id='line_1_47' title="bbox 69 2609 848 2653; baseline 0 -9"><span class='ocrx_word' id='word_1_313' title='bbox 69 2613 250 2653; x_wconf 73' lang='lat' dir='ltr'>confidendi</span> <span class='ocrx_word' id='word_1_314' title='bbox 272 2611 408 2644; x_wconf 79' lang='lat' dir='ltr'>confert</span> <span class='ocrx_word' id='word_1_315' title='bbox 431 2623 459 2644; x_wconf 86' lang='lat' dir='ltr'>c.</span> <span class='ocrx_word' id='word_1_316' title='bbox 476 2609 534 2650; x_wconf 82' lang='lat'>37,</span> <span class='ocrx_word' id='word_1_317' title='bbox 554 2610 619 2644; x_wconf 74' lang='lat'>80:</span> <span class='ocrx_word' id='word_1_318' title='bbox 645 2618 682 2644; x_wconf 87' lang='lat' dir='ltr'>et</span> <span class='ocrx_word' id='word_1_319' title='bbox 695 2612 723 2644; x_wconf 90' lang='lat' dir='ltr'>si</span> <span class='ocrx_word' id='word_1_320' title='bbox 737 2612 848 2645; x_wconf 89' lang='lat' dir='ltr'>fiden-</span> 
     </span>
    </p>
   </div>
   <div class='ocr_carea' id='block_1_12' title="bbox 7 2655 849 2699">
    <p class='ocr_par' dir='ltr' id='par_1_12' title="bbox 7 2655 849 2699">
     <span class='ocr_line' id='line_1_48' title="bbox 7 2655 849 2699; baseline 0.002 -10"><span class='ocrx_word' id='word_1_321' title='bbox 7 2670 10 2674; x_wconf 92' lang='lat'>·</span> <span class='ocrx_word' id='word_1_322' title='bbox 70 2655 140 2698; x_wconf 74' lang='lat' dir='ltr'>tia,</span> <span class='ocrx_word' id='word_1_323' title='bbox 173 2656 196 2690; x_wconf 88' lang='lat' dir='ltr'>i.</span> <span class='ocrx_word' id='word_1_324' title='bbox 213 2669 242 2690; x_wconf 88' lang='lat' dir='ltr'>e.</span> <span class='ocrx_word' id='word_1_325' title='bbox 266 2657 362 2690; x_wconf 89' lang='lat' dir='ltr'>firma</span> <span class='ocrx_word' id='word_1_326' title='bbox 384 2657 486 2690; x_wconf 90' lang='lat' dir='ltr'>animi</span> <span class='ocrx_word' id='word_1_327' title='bbox 512 2657 674 2699; x_wconf 87' lang='lat' dir='ltr'>confisio,</span> <span class='ocrx_word' id='word_1_328' title='bbox 709 2658 849 2692; x_wconf 85' lang='lat' dir='ltr'>seientia</span> 
     </span>
    </p>
   </div>
   <div class='ocr_carea' id='block_1_13' title="bbox 50 2701 854 2978">
    <p class='ocr_par' dir='ltr' id='par_1_13' title="bbox 50 2701 854 2978">
     <span class='ocr_line' id='line_1_49' title="bbox 69 2701 847 2748; baseline 0.006 -15"><span class='ocrx_word' id='word_1_329' title='bbox 69 2701 233 2745; x_wconf 84' lang='lat' dir='ltr'>quaedam</span> <span class='ocrx_word' id='word_1_330' title='bbox 254 2709 306 2736; x_wconf 88' lang='lat' dir='ltr'>est</span> <span class='ocrx_word' id='word_1_331' title='bbox 329 2709 364 2735; x_wconf 89' lang='lat' dir='ltr'>et</span> <span class='ocrx_word' id='word_1_332' title='bbox 388 2703 504 2748; x_wconf 87' lang='lat' dir='ltr'>opinio</span> <span class='ocrx_word' id='word_1_333' title='bbox 528 2704 661 2747; x_wconf 81' lang='lat' dir='ltr'>gravis,</span> <span class='ocrx_word' id='word_1_334' title='bbox 695 2717 764 2739; x_wconf 88' lang='lat' dir='ltr'>non</span> <span class='ocrx_word' id='word_1_335' title='bbox 792 2712 847 2738; x_wconf 86' lang='lat' dir='ltr'>te-</span> 
     </span>
     <span class='ocr_line' id='line_1_50' title="bbox 72 2748 519 2782; baseline 0.007 -3"><span class='ocrx_word' id='word_1_336' title='bbox 72 2757 165 2780; x_wconf 83' lang='lat' dir='ltr'>mere</span> <span class='ocrx_word' id='word_1_337' title='bbox 184 2748 400 2782; x_wconf 82' lang='lat' dir='ltr'>‘assentientis</span> <span class='ocrx_word' id='word_1_338' title='bbox 425 2756 491 2782; x_wconf 90' lang='lat' dir='ltr'>etc.</span> <span class='ocrx_word' id='word_1_339' title='bbox 516 2751 519 2753; x_wconf 67' lang='grc'><strong><em>’</em></strong></span> 
     </span>
     <span class='ocr_line' id='line_1_51' title="bbox 137 2788 850 2840; baseline 0.001 -13"><span class='ocrx_word' id='word_1_340' title='bbox 137 2794 268 2828; x_wconf 68' lang='lat' dir='ltr'>docendi</span> <span class='ocrx_word' id='word_1_341' title='bbox 280 2795 410 2840; x_wconf 81' lang='lat' dir='ltr'>caussa]</span> <span class='ocrx_word' id='word_1_342' title='bbox 424 2788 531 2839; x_wconf 83' lang='lat' dir='ltr'>Supra</span> <span class='ocrx_word' id='word_1_343' title='bbox 548 2793 618 2837; x_wconf 84' lang='lat' dir='ltr'>c..6‚</span> <span class='ocrx_word' id='word_1_344' title='bbox 633 2796 686 2831; x_wconf 83' lang='lat'>13.</span> <span class='ocrx_word' id='word_1_345' title='bbox 700 2804 735 2829; x_wconf 90' lang='lat' dir='ltr'>et</span> <span class='ocrx_word' id='word_1_346' title='bbox 748 2796 781 2837; x_wconf 87' lang='lat'>7,</span> <span class='ocrx_word' id='word_1_347' title='bbox 796 2795 850 2831; x_wconf 81' lang='lat'>16.</span> 
     </span>
     <span class='ocr_line' id='line_1_52' title="bbox 140 2837 852 2886; baseline 0.004 -14"><span class='ocrx_word' id='word_1_348' title='bbox 140 2837 198 2873; x_wconf 86' lang='lat'>67.</span> <span class='ocrx_word' id='word_1_349' title='bbox 214 2845 321 2881; x_wconf 65' lang='lat' dir='ltr'>,supra</span> <span class='ocrx_word' id='word_1_350' title='bbox 344 2842 501 2886; x_wconf 71' lang='lat' dir='ltr'>diximus]</span> <span class='ocrx_word' id='word_1_351' title='bbox 527 2853 556 2874; x_wconf 86' lang='lat' dir='ltr'>c.</span> <span class='ocrx_word' id='word_1_352' title='bbox 574 2841 618 2883; x_wconf 85' lang='lat'>6,</span> <span class='ocrx_word' id='word_1_353' title='bbox 642 2840 696 2876; x_wconf 74' lang='lat'>14.</span> <span class='ocrx_word' id='word_1_354' title='bbox 718 2843 776 2875; x_wconf 86' lang='lat' dir='ltr'>ubi</span> <span class='ocrx_word' id='word_1_355' title='bbox 797 2843 852 2875; x_wconf 82' lang='lat' dir='ltr'>di-</span> 
     </span>
     <span class='ocr_line' id='line_1_53' title="bbox 50 2887 854 2931; baseline 0.009 -17"><span class='ocrx_word' id='word_1_356' title='bbox 50 2920 58 2926; x_wconf 40' lang='grc'><em>,</em></span> <span class='ocrx_word' id='word_1_357' title='bbox 72 2889 180 2925; x_wconf 73' lang='lat' dir='ltr'>xerat,</span> <span class='ocrx_word' id='word_1_358' title='bbox 204 2888 392 2928; x_wconf 82' lang='lat' dir='ltr'>praesentis</span> <span class='ocrx_word' id='word_1_359' title='bbox 412 2887 493 2920; x_wconf 88' lang='lat' dir='ltr'>mali</span> <span class='ocrx_word' id='word_1_360' title='bbox 514 2887 677 2931; x_wconf 85' lang='lat' dir='ltr'>sapientis</span> <span class='ocrx_word' id='word_1_361' title='bbox 695 2887 854 2922; x_wconf 85' lang='lat' dir='ltr'>affectio-</span> 
     </span>
     <span class='ocr_line' id='line_1_54' title="bbox 70 2930 854 2978; baseline 0.008 -17"><span class='ocrx_word' id='word_1_362' title='bbox 70 2939 150 2961; x_wconf 83' lang='lat' dir='ltr'>nem</span> <span class='ocrx_word' id='word_1_363' title='bbox 185 2930 310 2964; x_wconf 81' lang='lat' dir='ltr'>nullam</span> <span class='ocrx_word' id='word_1_364' title='bbox 347 2943 420 2966; x_wconf 81' lang='lat' dir='ltr'>esse</span> <span class='ocrx_word' id='word_1_365' title='bbox 443 2939 479 2966; x_wconf 84' lang='lat' dir='ltr'>et</span> <span class='ocrx_word' id='word_1_366' title='bbox 499 2933 700 2978; x_wconf 79' lang='lat' dir='ltr'>aegritudini</span> <span class='ocrx_word' id='word_1_367' title='bbox 729 2933 854 2967; x_wconf 82' lang='lat' dir='ltr'>nullam</span> 
     </span>
    </p>
   </div>
   <div class='ocr_carea' id='block_1_14' title="bbox 876 1138 1660 2973">
    <p class='ocr_par' dir='ltr' id='par_1_14' title="bbox 882 1138 1660 1276">
     <span class='ocr_line' id='line_1_55' title="bbox 884 1138 1660 1182; baseline -0.001 -12"><span class='ocrx_word' id='word_1_368' title='bbox 884 1139 972 1172; x_wconf 85' lang='lat' dir='ltr'>enim</span> <span class='ocrx_word' id='word_1_369' title='bbox 1000 1139 1042 1172; x_wconf 90' lang='lat' dir='ltr'>de</span> <span class='ocrx_word' id='word_1_370' title='bbox 1065 1138 1255 1172; x_wconf 88' lang='lat' dir='ltr'>Stoicorum</span> <span class='ocrx_word' id='word_1_371' title='bbox 1289 1139 1458 1171; x_wconf 84' lang='lat' dir='ltr'>sententia</span> <span class='ocrx_word' id='word_1_372' title='bbox 1492 1149 1660 1182; x_wconf 86' lang='lat' dir='ltr'>nunquam</span> 
     </span>
     <span class='ocr_line' id='line_1_56' title="bbox 882 1184 1659 1229; baseline -0.003 -11"><span class='ocrx_word' id='word_1_373' title='bbox 882 1185 1127 1229; x_wconf 84' lang='lat' dir='ltr'>aegritudinem</span> <span class='ocrx_word' id='word_1_374' title='bbox 1149 1184 1309 1229; x_wconf 87' lang='lat' dir='ltr'>suscipit;</span> <span class='ocrx_word' id='word_1_375' title='bbox 1344 1187 1485 1227; x_wconf 69' lang='lat' dir='ltr'>gaudere</span> <span class='ocrx_word' id='word_1_376' title='bbox 1513 1184 1544 1217; x_wconf 90' lang='lat' dir='ltr'>ei</span> <span class='ocrx_word' id='word_1_377' title='bbox 1566 1184 1659 1224; x_wconf 81' lang='lat' dir='ltr'>licet,</span> 
     </span>
     <span class='ocr_line' id='line_1_57' title="bbox 884 1234 1202 1276; baseline 0.003 -13"><span class='ocrx_word' id='word_1_378' title='bbox 884 1243 1052 1276; x_wconf 87' lang='lat' dir='ltr'>nunquam</span> <span class='ocrx_word' id='word_1_379' title='bbox 1078 1234 1202 1264; x_wconf 79' lang='lat' dir='ltr'>laetari.</span> 
     </span>
    </p>

    <p class='ocr_par' dir='ltr' id='par_1_15' title="bbox 880 1276 1658 1363">
     <span class='ocr_line' id='line_1_58' title="bbox 949 1276 1658 1321; baseline -0.001 -11"><span class='ocrx_word' id='word_1_380' title='bbox 949 1288 1114 1319; x_wconf 77' lang='lat' dir='ltr'>nunquam</span> <span class='ocrx_word' id='word_1_381' title='bbox 1133 1287 1244 1319; x_wconf 81' lang='lat' dir='ltr'>posse,</span> <span class='ocrx_word' id='word_1_382' title='bbox 1267 1296 1313 1302; x_wconf 93' lang='lat'>—</span> <span class='ocrx_word' id='word_1_383' title='bbox 1335 1279 1440 1321; x_wconf 75' lang='lat' dir='ltr'>posse]</span> <span class='ocrx_word' id='word_1_384' title='bbox 1473 1278 1516 1311; x_wconf 88' lang='lat' dir='ltr'>V.</span> <span class='ocrx_word' id='word_1_385' title='bbox 1536 1276 1580 1310; x_wconf 90' lang='lat' dir='ltr'>ad</span> <span class='ocrx_word' id='word_1_386' title='bbox 1601 1278 1658 1310; x_wconf 88' lang='lat'>111.</span> 
     </span>
     <span class='ocr_line' id='line_1_59' title="bbox 880 1324 999 1363; baseline -0.008 -7"><span class='ocrx_word' id='word_1_387' title='bbox 880 1324 920 1363; x_wconf 82' lang='lat'>5,</span> <span class='ocrx_word' id='word_1_388' title='bbox 948 1325 999 1357; x_wconf 85' lang='lat'>11.</span> 
     </span>
    </p>

    <p class='ocr_par' dir='ltr' id='par_1_16' title="bbox 877 1369 1659 1690">
     <span class='ocr_line' id='line_1_60' title="bbox 949 1369 1659 1414; baseline 0 -13"><span class='ocrx_word' id='word_1_389' title='bbox 949 1371 1066 1402; x_wconf 74' lang='lat' dir='ltr'>Laeliis</span> <span class='ocrx_word' id='word_1_390' title='bbox 1086 1369 1171 1414; x_wconf 88' lang='lat' dir='ltr'>sum]</span> <span class='ocrx_word' id='word_1_391' title='bbox 1198 1370 1257 1402; x_wconf 87' lang='lat' dir='ltr'>Est</span> <span class='ocrx_word' id='word_1_392' title='bbox 1280 1369 1470 1402; x_wconf 83' lang='lat' dir='ltr'>trochaicus</span> <span class='ocrx_word' id='word_1_393' title='bbox 1495 1375 1659 1401; x_wconf 82' lang='lat' dir='ltr'>tetrame-</span> 
     </span>
     <span class='ocr_line' id='line_1_61' title="bbox 879 1414 1653 1454; baseline -0.001 -7"><span class='ocrx_word' id='word_1_394' title='bbox 879 1422 932 1447; x_wconf 87' lang='lat' dir='ltr'>ter</span> <span class='ocrx_word' id='word_1_395' title='bbox 969 1415 1195 1448; x_wconf 77' lang='lat' dir='ltr'>catalecticus.</span> <span class='ocrx_word' id='word_1_396' title='bbox 1232 1414 1275 1447; x_wconf 87' lang='lat' dir='ltr'>ad</span> <span class='ocrx_word' id='word_1_397' title='bbox 1306 1416 1397 1447; x_wconf 87' lang='lat' dir='ltr'>Fam.</span> <span class='ocrx_word' id='word_1_398' title='bbox 1431 1415 1509 1447; x_wconf 79' lang='lat' dir='ltr'>XV.</span> <span class='ocrx_word' id='word_1_399' title='bbox 1542 1414 1585 1454; x_wconf 83' lang='lat'>6,</span> <span class='ocrx_word' id='word_1_400' title='bbox 1618 1414 1653 1448; x_wconf 86' lang='lat'>1:</span> 
     </span>
     <span class='ocr_line' id='line_1_62' title="bbox 878 1461 1655 1506; baseline 0 -13"><span class='ocrx_word' id='word_1_401' title='bbox 878 1463 996 1494; x_wconf 75' lang='lat' dir='ltr'>Laetus</span> <span class='ocrx_word' id='word_1_402' title='bbox 1027 1473 1097 1494; x_wconf 85' lang='lat' dir='ltr'>sum</span> <span class='ocrx_word' id='word_1_403' title='bbox 1130 1463 1262 1493; x_wconf 82' lang='lat' dir='ltr'>laudari</span> <span class='ocrx_word' id='word_1_404' title='bbox 1284 1472 1352 1501; x_wconf 87' lang='lat' dir='ltr'>me,</span> <span class='ocrx_word' id='word_1_405' title='bbox 1388 1461 1496 1506; x_wconf 91' lang='lat' dir='ltr'>inquit</span> <span class='ocrx_word' id='word_1_406' title='bbox 1517 1461 1655 1501; x_wconf 84' lang='lat' dir='ltr'>Hector,</span> 
     </span>
     <span class='ocr_line' id='line_1_63' title="bbox 880 1507 1656 1551; baseline 0.001 -12"><span class='ocrx_word' id='word_1_407' title='bbox 880 1508 1003 1551; x_wconf 84' lang='lat' dir='ltr'>opinor</span> <span class='ocrx_word' id='word_1_408' title='bbox 1026 1507 1115 1551; x_wconf 88' lang='lat' dir='ltr'>apud</span> <span class='ocrx_word' id='word_1_409' title='bbox 1139 1507 1322 1547; x_wconf 79' lang='lat' dir='ltr'>Naevium,</span> <span class='ocrx_word' id='word_1_410' title='bbox 1352 1510 1408 1540; x_wconf 81' lang='lat' dir='ltr'>abs</span> <span class='ocrx_word' id='word_1_411' title='bbox 1433 1512 1481 1548; x_wconf 75' lang='lat' dir='ltr'>le,</span> <span class='ocrx_word' id='word_1_412' title='bbox 1502 1511 1612 1548; x_wconf 80' lang='lat' dir='ltr'>pater,</span> <span class='ocrx_word' id='word_1_413' title='bbox 1636 1517 1656 1539; x_wconf 84' lang='lat' dir='ltr'>a</span> 
     </span>
     <span class='ocr_line' id='line_1_64' title="bbox 879 1552 1657 1597; baseline -0.003 -11"><span class='ocrx_word' id='word_1_414' title='bbox 879 1556 1011 1587; x_wconf 82' lang='lat' dir='ltr'>laudato</span> <span class='ocrx_word' id='word_1_415' title='bbox 1035 1557 1114 1587; x_wconf 78' lang='lat' dir='ltr'>viro.</span> <span class='ocrx_word' id='word_1_416' title='bbox 1165 1555 1211 1587; x_wconf 84' lang='lat' dir='ltr'>Ea</span> <span class='ocrx_word' id='word_1_417' title='bbox 1236 1556 1288 1586; x_wconf 79' lang='lat' dir='ltr'>es&#39;t</span> <span class='ocrx_word' id='word_1_418' title='bbox 1308 1554 1396 1586; x_wconf 85' lang='lat' dir='ltr'>enirn</span> <span class='ocrx_word' id='word_1_419' title='bbox 1422 1554 1579 1597; x_wconf 86' lang='lat' dir='ltr'>profecto</span> <span class='ocrx_word' id='word_1_420' title='bbox 1601 1552 1657 1585; x_wconf 89' lang='lat' dir='ltr'>iu-</span> 
     </span>
     <span class='ocr_line' id='line_1_65' title="bbox 878 1598 1657 1644; baseline -0.001 -12"><span class='ocrx_word' id='word_1_421' title='bbox 878 1600 988 1632; x_wconf 71' lang='lat' dir='ltr'>cunda</span> <span class='ocrx_word' id='word_1_422' title='bbox 1010 1599 1091 1637; x_wconf 78' lang='lat' dir='ltr'>laus,</span> <span class='ocrx_word' id='word_1_423' title='bbox 1117 1612 1202 1644; x_wconf 85' lang='lat' dir='ltr'>quae</span> <span class='ocrx_word' id='word_1_424' title='bbox 1223 1600 1265 1632; x_wconf 90' lang='lat' dir='ltr'>ab</span> <span class='ocrx_word' id='word_1_425' title='bbox 1286 1599 1325 1633; x_wconf 89' lang='lat' dir='ltr'>iis</span> <span class='ocrx_word' id='word_1_426' title='bbox 1348 1599 1581 1644; x_wconf 78' lang='lat' dir='ltr'>proficiscitur,</span> <span class='ocrx_word' id='word_1_427' title='bbox 1600 1598 1657 1644; x_wconf 87' lang='lat' dir='ltr'>qui</span> 
     </span>
     <span class='ocr_line' id='line_1_66' title="bbox 877 1645 1315 1690; baseline 0 -12"><span class='ocrx_word' id='word_1_428' title='bbox 877 1646 941 1690; x_wconf 86' lang='lat' dir='ltr'>ipsi</span> <span class='ocrx_word' id='word_1_429' title='bbox 968 1646 1002 1678; x_wconf 90' lang='lat' dir='ltr'>in</span> <span class='ocrx_word' id='word_1_430' title='bbox 1026 1645 1124 1678; x_wconf 80' lang='lat' dir='ltr'>laude</span> <span class='ocrx_word' id='word_1_431' title='bbox 1148 1646 1315 1679; x_wconf 82' lang='lat' dir='ltr'>vixerunt.</span> 
     </span>
    </p>

    <p class='ocr_par' dir='ltr' id='par_1_17' title="bbox 876 1690 1657 2237">
     <span class='ocr_line' id='line_1_67' title="bbox 948 1690 1655 1736; baseline -0.001 -11"><span class='ocrx_word' id='word_1_432' title='bbox 948 1695 1006 1725; x_wconf 81' lang='lat' dir='ltr'>abs</span> <span class='ocrx_word' id='word_1_433' title='bbox 1031 1697 1057 1725; x_wconf 81' lang='lat' dir='ltr'>le</span> <span class='ocrx_word' id='word_1_434' title='bbox 1080 1711 1147 1734; x_wconf 87' lang='lat'>-‚</span> <span class='ocrx_word' id='word_1_435' title='bbox 1182 1703 1202 1725; x_wconf 88' lang='lat' dir='ltr'>u</span> <span class='ocrx_word' id='word_1_436' title='bbox 1233 1694 1366 1725; x_wconf 77' lang='lat' dir='ltr'>laudato</span> <span class='ocrx_word' id='word_1_437' title='bbox 1398 1691 1482 1736; x_wconf 86' lang='lat' dir='ltr'>viro]</span> <span class='ocrx_word' id='word_1_438' title='bbox 1526 1690 1655 1724; x_wconf 81' lang='lat' dir='ltr'>Multae</span> 
     </span>
     <span class='ocr_line' id='line_1_68' title="bbox 878 1737 1655 1781; baseline -0.003 -10"><span class='ocrx_word' id='word_1_439' title='bbox 878 1737 955 1771; x_wconf 86' lang='lat' dir='ltr'>edd.</span> <span class='ocrx_word' id='word_1_440' title='bbox 970 1745 1052 1770; x_wconf 78' lang='lat' dir='ltr'>vett.</span> <span class='ocrx_word' id='word_1_441' title='bbox 1069 1745 1102 1770; x_wconf 88' lang='lat' dir='ltr'>et</span> <span class='ocrx_word' id='word_1_442' title='bbox 1119 1738 1215 1781; x_wconf 85' lang='lat' dir='ltr'>pauci</span> <span class='ocrx_word' id='word_1_443' title='bbox 1236 1738 1420 1770; x_wconf 87' lang='lat' dir='ltr'>deteriores</span> <span class='ocrx_word' id='word_1_444' title='bbox 1439 1737 1537 1770; x_wconf 88' lang='lat' dir='ltr'>codd.</span> <span class='ocrx_word' id='word_1_445' title='bbox 1551 1737 1655 1769; x_wconf 90' lang='lat' dir='ltr'>omit-</span> 
     </span>
     <span class='ocr_line' id='line_1_69' title="bbox 879 1783 1652 1828; baseline 0.001 -13"><span class='ocrx_word' id='word_1_446' title='bbox 879 1792 954 1816; x_wconf 86' lang='lat' dir='ltr'>tunt</span> <span class='ocrx_word' id='word_1_447' title='bbox 976 1784 1262 1828; x_wconf 78' lang='lat' dir='ltr'>praepositionem</span> <span class='ocrx_word' id='word_1_448' title='bbox 1283 1794 1315 1825; x_wconf 85' lang='lat' dir='ltr'>a,</span> <span class='ocrx_word' id='word_1_449' title='bbox 1341 1795 1425 1827; x_wconf 89' lang='lat' dir='ltr'>quae</span> <span class='ocrx_word' id='word_1_450' title='bbox 1442 1783 1495 1816; x_wconf 84' lang='lat' dir='ltr'>vel</span> <span class='ocrx_word' id='word_1_451' title='bbox 1516 1783 1560 1816; x_wconf 93' lang='lat' dir='ltr'>ob</span> <span class='ocrx_word' id='word_1_452' title='bbox 1578 1795 1652 1816; x_wconf 89' lang='lat' dir='ltr'>me-</span> 
     </span>
     <span class='ocr_line' id='line_1_70' title="bbox 877 1829 1651 1873; baseline 0.001 -12"><span class='ocrx_word' id='word_1_453' title='bbox 877 1837 966 1862; x_wconf 84' lang='lat' dir='ltr'>trum</span> <span class='ocrx_word' id='word_1_454' title='bbox 992 1830 1174 1861; x_wconf 78' lang='lat' dir='ltr'>desiderari</span> <span class='ocrx_word' id='word_1_455' title='bbox 1205 1842 1273 1862; x_wconf 89' lang='lat' dir='ltr'>non</span> <span class='ocrx_word' id='word_1_456' title='bbox 1296 1836 1425 1873; x_wconf 82' lang='lat' dir='ltr'>potest,</span> <span class='ocrx_word' id='word_1_457' title='bbox 1463 1836 1498 1861; x_wconf 91' lang='lat' dir='ltr'>et</span> <span class='ocrx_word' id='word_1_458' title='bbox 1520 1829 1554 1862; x_wconf 87' lang='lat' dir='ltr'>in</span> <span class='ocrx_word' id='word_1_459' title='bbox 1574 1829 1598 1862; x_wconf 90' lang='lat' dir='ltr'>l.</span> <span class='ocrx_word' id='word_1_460' title='bbox 1619 1829 1651 1862; x_wconf 92' lang='lat' dir='ltr'>d.</span> 
     </span>
     <span class='ocr_line' id='line_1_71' title="bbox 879 1872 1653 1919; baseline 0 -12"><span class='ocrx_word' id='word_1_461' title='bbox 879 1875 923 1907; x_wconf 85' lang='lat' dir='ltr'>ad</span> <span class='ocrx_word' id='word_1_462' title='bbox 947 1876 1039 1909; x_wconf 88' lang='lat' dir='ltr'>Fam.</span> <span class='ocrx_word' id='word_1_463' title='bbox 1061 1876 1138 1907; x_wconf 91' lang='lat' dir='ltr'>XV.</span> <span class='ocrx_word' id='word_1_464' title='bbox 1161 1872 1194 1913; x_wconf 83' lang='grc'>6,</span> <span class='ocrx_word' id='word_1_465' title='bbox 1218 1876 1246 1908; x_wconf 92' lang='grc'>1.</span> <span class='ocrx_word' id='word_1_466' title='bbox 1268 1875 1409 1909; x_wconf 84' lang='lat' dir='ltr'>firmiter</span> <span class='ocrx_word' id='word_1_467' title='bbox 1432 1882 1520 1915; x_wconf 86' lang='lat' dir='ltr'>stat,</span> <span class='ocrx_word' id='word_1_468' title='bbox 1545 1886 1653 1919; x_wconf 87' lang='lat' dir='ltr'>neque</span> 
     </span>
     <span class='ocr_line' id='line_1_72' title="bbox 879 1921 1653 1966; baseline 0.001 -13"><span class='ocrx_word' id='word_1_469' title='bbox 879 1921 1023 1965; x_wconf 88' lang='lat' dir='ltr'>denique</span> <span class='ocrx_word' id='word_1_470' title='bbox 1037 1921 1298 1966; x_wconf 80' lang='lat' dir='ltr'>praepositionis</span> <span class='ocrx_word' id='word_1_471' title='bbox 1313 1921 1348 1954; x_wconf 88' lang='lat' dir='ltr'>in</span> <span class='ocrx_word' id='word_1_472' title='bbox 1363 1921 1578 1966; x_wconf 89' lang='lat' dir='ltr'>appositione</span> <span class='ocrx_word' id='word_1_473' title='bbox 1596 1933 1653 1954; x_wconf 88' lang='lat' dir='ltr'>re-</span> 
     </span>
     <span class='ocr_line' id='line_1_73' title="bbox 878 1967 1655 2012; baseline 0.001 -13"><span class='ocrx_word' id='word_1_474' title='bbox 878 1967 1002 2011; x_wconf 86' lang='lat' dir='ltr'>petitio</span> <span class='ocrx_word' id='word_1_475' title='bbox 1024 1967 1205 2000; x_wconf 84' lang='lat' dir='ltr'>offensioni</span> <span class='ocrx_word' id='word_1_476' title='bbox 1226 1974 1342 2012; x_wconf 86' lang='lat' dir='ltr'>potest</span> <span class='ocrx_word' id='word_1_477' title='bbox 1363 1979 1445 2000; x_wconf 90' lang='lat' dir='ltr'>esse.</span> <span class='ocrx_word' id='word_1_478' title='bbox 1482 1968 1571 2000; x_wconf 90' lang='lat' dir='ltr'>Nam</span> <span class='ocrx_word' id='word_1_479' title='bbox 1591 1980 1655 2011; x_wconf 87' lang='lat' dir='ltr'>ap—</span> 
     </span>
     <span class='ocr_line' id='line_1_74' title="bbox 879 2013 1656 2058; baseline 0.001 -13"><span class='ocrx_word' id='word_1_480' title='bbox 879 2013 1024 2057; x_wconf 79' lang='lat' dir='ltr'>positio,</span> <span class='ocrx_word' id='word_1_481' title='bbox 1051 2020 1089 2046; x_wconf 90' lang='lat' dir='ltr'>ut</span> <span class='ocrx_word' id='word_1_482' title='bbox 1110 2026 1195 2058; x_wconf 88' lang='lat' dir='ltr'>quae</span> <span class='ocrx_word' id='word_1_483' title='bbox 1220 2026 1292 2046; x_wconf 89' lang='lat' dir='ltr'>cum</span> <span class='ocrx_word' id='word_1_484' title='bbox 1316 2013 1540 2055; x_wconf 82' lang='lat' dir='ltr'>substantivo,</span> <span class='ocrx_word' id='word_1_485' title='bbox 1564 2013 1656 2058; x_wconf 89' lang='lat' dir='ltr'>quod</span> 
     </span>
     <span class='ocr_line' id='line_1_75' title="bbox 880 2059 1655 2104; baseline 0.003 -13"><span class='ocrx_word' id='word_1_486' title='bbox 880 2059 1037 2104; x_wconf 80' lang='lat' dir='ltr'>explicat,</span> <span class='ocrx_word' id='word_1_487' title='bbox 1062 2067 1154 2093; x_wconf 87' lang='lat' dir='ltr'>arcte</span> <span class='ocrx_word' id='word_1_488' title='bbox 1177 2060 1368 2099; x_wconf 82' lang='lat' dir='ltr'>cohaereat,</span> <span class='ocrx_word' id='word_1_489' title='bbox 1394 2060 1460 2093; x_wconf 79' lang='lat' dir='ltr'>etsi</span> <span class='ocrx_word' id='word_1_490' title='bbox 1478 2060 1655 2104; x_wconf 85' lang='lat' dir='ltr'>praeposi—</span> 
     </span>
     <span class='ocr_line' id='line_1_76' title="bbox 876 2106 1657 2151; baseline 0.001 -13"><span class='ocrx_word' id='word_1_491' title='bbox 876 2106 980 2139; x_wconf 88' lang='lat' dir='ltr'>tionis</span> <span class='ocrx_word' id='word_1_492' title='bbox 1003 2106 1240 2150; x_wconf 85' lang='lat' dir='ltr'>repetitionem</span> <span class='ocrx_word' id='word_1_493' title='bbox 1259 2118 1416 2150; x_wconf 86' lang='lat' dir='ltr'>respuere</span> <span class='ocrx_word' id='word_1_494' title='bbox 1436 2107 1524 2139; x_wconf 89' lang='lat' dir='ltr'>solet</span> <span class='ocrx_word' id='word_1_495' title='bbox 1548 2109 1591 2151; x_wconf 73' lang='lat' dir='ltr'>(v.</span> <span class='ocrx_word' id='word_1_496' title='bbox 1612 2106 1657 2139; x_wconf 86' lang='lat' dir='ltr'>ad.</span> 
     </span>
     <span class='ocr_line' id='line_1_77' title="bbox 879 2151 1653 2194; baseline 0.001 -10"><span class='ocrx_word' id='word_1_497' title='bbox 879 2154 936 2184; x_wconf 81' lang='grc' dir='ltr'>ΙΙΙ.</span> <span class='ocrx_word' id='word_1_498' title='bbox 962 2152 1024 2194; x_wconf 81' lang='lat'>15,</span> <span class='ocrx_word' id='word_1_499' title='bbox 1047 2151 1115 2186; x_wconf 50' lang='lat'>33)</span> <span class='ocrx_word' id='word_1_500' title='bbox 1130 2179 1138 2193; x_wconf 90' lang='lat'>,</span> <span class='ocrx_word' id='word_1_501' title='bbox 1162 2159 1277 2185; x_wconf 83' lang='lat' dir='ltr'>tamen</span> <span class='ocrx_word' id='word_1_502' title='bbox 1290 2179 1300 2194; x_wconf 86' lang='lat'>‚</span> <span class='ocrx_word' id='word_1_503' title='bbox 1325 2152 1382 2185; x_wconf 82' lang='lat' dir='ltr'>ubi</span> <span class='ocrx_word' id='word_1_504' title='bbox 1399 2153 1526 2186; x_wconf 87' lang='lat' dir='ltr'>maiore</span> <span class='ocrx_word' id='word_1_505' title='bbox 1545 2153 1578 2185; x_wconf 90' lang='lat' dir='ltr'>vi</span> <span class='ocrx_word' id='word_1_506' title='bbox 1598 2153 1653 2186; x_wconf 81' lang='lat' dir='ltr'>ef·-</span> 
     </span>
     <span class='ocr_line' id='line_1_78' title="bbox 878 2199 1408 2237; baseline 0 -6"><span class='ocrx_word' id='word_1_507' title='bbox 878 2199 1008 2237; x_wconf 72' lang='lat' dir='ltr'>fertm,</span> <span class='ocrx_word' id='word_1_508' title='bbox 1033 2205 1126 2231; x_wconf 85' lang='lat' dir='ltr'>recte</span> <span class='ocrx_word' id='word_1_509' title='bbox 1151 2211 1224 2231; x_wconf 87' lang='lat' dir='ltr'>eam</span> <span class='ocrx_word' id='word_1_510' title='bbox 1248 2199 1408 2232; x_wconf 87' lang='lat' dir='ltr'>admittit.</span> 
     </span>
    </p>

    <p class='ocr_par' dir='ltr' id='par_1_18' title="bbox 880 2245 1656 2469">
     <span class='ocr_line' id='line_1_79' title="bbox 948 2245 1654 2288; baseline 0.001 -12"><span class='ocrx_word' id='word_1_511' title='bbox 948 2246 1035 2277; x_wconf 84' lang='lat' dir='ltr'>Lena</span> <span class='ocrx_word' id='word_1_512' title='bbox 1068 2246 1218 2288; x_wconf 76' lang='lat' dir='ltr'>delenita]</span> <span class='ocrx_word' id='word_1_513' title='bbox 1262 2247 1346 2278; x_wconf 87' lang='lat' dir='ltr'>Sunt</span> <span class='ocrx_word' id='word_1_514' title='bbox 1379 2245 1461 2278; x_wconf 86' lang='lat' dir='ltr'>item</span> <span class='ocrx_word' id='word_1_515' title='bbox 1492 2245 1654 2279; x_wconf 86' lang='lat' dir='ltr'>trochaici</span> 
     </span>
     <span class='ocr_line' id='line_1_80' title="bbox 880 2290 1292 2324; baseline 0.002 -2"><span class='ocrx_word' id='word_1_516' title='bbox 880 2290 1068 2322; x_wconf 86' lang='lat' dir='ltr'>tetrametri</span> <span class='ocrx_word' id='word_1_517' title='bbox 1093 2291 1292 2324; x_wconf 82' lang='lat' dir='ltr'>catalectici.</span> 
     </span>
     <span class='ocr_line' id='line_1_81' title="bbox 948 2336 1652 2380; baseline 0.004 -12"><span class='ocrx_word' id='word_1_518' title='bbox 948 2336 1062 2380; x_wconf 84' lang='lat' dir='ltr'>di9ilo]</span> <span class='ocrx_word' id='word_1_519' title='bbox 1099 2337 1153 2369; x_wconf 88' lang='lat' dir='ltr'>Sic</span> <span class='ocrx_word' id='word_1_520' title='bbox 1180 2338 1317 2370; x_wconf 86' lang='lat' dir='ltr'>Terent.</span> <span class='ocrx_word' id='word_1_521' title='bbox 1344 2338 1429 2370; x_wconf 89' lang='lat' dir='ltr'>Eun.</span> <span class='ocrx_word' id='word_1_522' title='bbox 1451 2339 1503 2377; x_wconf 87' lang='lat'>11,</span> <span class='ocrx_word' id='word_1_523' title='bbox 1529 2338 1569 2377; x_wconf 78' lang='lat'>2,</span> <span class='ocrx_word' id='word_1_524' title='bbox 1590 2337 1652 2371; x_wconf 78' lang='lat'>53:</span> 
     </span>
     <span class='ocr_line' id='line_1_82' title="bbox 881 2382 1656 2426; baseline 0.001 -13"><span class='ocrx_word' id='word_1_525' title='bbox 881 2382 946 2422; x_wconf 88' lang='lat' dir='ltr'>Qui</span> <span class='ocrx_word' id='word_1_526' title='bbox 967 2382 1050 2414; x_wconf 83' lang='lat' dir='ltr'>mihi</span> <span class='ocrx_word' id='word_1_527' title='bbox 1070 2395 1159 2416; x_wconf 90' lang='lat' dir='ltr'>nnnc</span> <span class='ocrx_word' id='word_1_528' title='bbox 1181 2395 1243 2416; x_wconf 83' lang='lat' dir='ltr'>uno</span> <span class='ocrx_word' id='word_1_529' title='bbox 1264 2385 1398 2425; x_wconf 67' lang='lat' dir='ltr'>digitulo</span> <span class='ocrx_word' id='word_1_530' title='bbox 1416 2384 1525 2416; x_wconf 84' lang='lat' dir='ltr'>forem</span> <span class='ocrx_word' id='word_1_531' title='bbox 1548 2382 1656 2426; x_wconf 76' lang='lat' dir='ltr'>aperis</span> 
     </span>
     <span class='ocr_line' id='line_1_83' title="bbox 881 2428 1393 2469; baseline 0.002 -9"><span class='ocrx_word' id='word_1_532' title='bbox 881 2428 1094 2469; x_wconf 86' lang='lat' dir='ltr'>fortunatus,</span> <span class='ocrx_word' id='word_1_533' title='bbox 1119 2429 1153 2461; x_wconf 92' lang='lat' dir='ltr'>h.</span> <span class='ocrx_word' id='word_1_534' title='bbox 1169 2442 1197 2462; x_wconf 90' lang='lat' dir='ltr'>e.</span> <span class='ocrx_word' id='word_1_535' title='bbox 1223 2429 1393 2462; x_wconf 85' lang='lat' dir='ltr'>facillime.</span> 
     </span>
    </p>

    <p class='ocr_par' dir='ltr' id='par_1_19' title="bbox 881 2471 1658 2564">
     <span class='ocr_line' id='line_1_84' title="bbox 950 2471 1658 2521; baseline 0 -14"><span class='ocrx_word' id='word_1_536' title='bbox 950 2477 1046 2508; x_wconf 86' lang='lat' dir='ltr'>Fores</span> <span class='ocrx_word' id='word_1_537' title='bbox 1070 2477 1237 2518; x_wconf 73' lang='lat' dir='ltr'>patebunt]</span> <span class='ocrx_word' id='word_1_538' title='bbox 1275 2478 1370 2509; x_wconf 87' lang='lat' dir='ltr'>Fores</span> <span class='ocrx_word' id='word_1_539' title='bbox 1400 2471 1658 2521; x_wconf 70' lang='grc' dir='ltr'>μονοσυλλάβῳς</span> 
     </span>
     <span class='ocr_line' id='line_1_85' title="bbox 881 2516 1656 2564; baseline -0.001 -11"><span class='ocrx_word' id='word_1_540' title='bbox 881 2520 1061 2564; x_wconf 84' lang='lat' dir='ltr'>legendum</span> <span class='ocrx_word' id='word_1_541' title='bbox 1082 2534 1172 2560; x_wconf 85' lang='lat' dir='ltr'>esse,</span> <span class='ocrx_word' id='word_1_542' title='bbox 1199 2521 1340 2554; x_wconf 77' lang='lat' dir='ltr'>vidimus</span> <span class='ocrx_word' id='word_1_543' title='bbox 1363 2520 1406 2553; x_wconf 81' lang='lat' dir='ltr'>ad</span> <span class='ocrx_word' id='word_1_544' title='bbox 1427 2521 1484 2553; x_wconf 88' lang='lat' dir='ltr'>HJ.</span> <span class='ocrx_word' id='word_1_545' title='bbox 1514 2519 1574 2559; x_wconf 81' lang='lat'>19,</span> <span class='ocrx_word' id='word_1_546' title='bbox 1598 2516 1656 2552; x_wconf 71' lang='lat'>44.</span> 
     </span>
    </p>

    <p class='ocr_par' dir='ltr' id='par_1_20' title="bbox 883 2565 1656 2882">
     <span class='ocr_line' id='line_1_86' title="bbox 950 2565 1654 2611; baseline -0.004 -11"><span class='ocrx_word' id='word_1_547' title='bbox 950 2569 1139 2611; x_wconf 76' lang='lat' dir='ltr'>Fortunam]</span> <span class='ocrx_word' id='word_1_548' title='bbox 1164 2568 1258 2600; x_wconf 83' lang='lat' dir='ltr'>Haec</span> <span class='ocrx_word' id='word_1_549' title='bbox 1277 2567 1449 2610; x_wconf 85' lang='lat' dir='ltr'>pertinent</span> <span class='ocrx_word' id='word_1_550' title='bbox 1469 2565 1512 2598; x_wconf 85' lang='lat' dir='ltr'>ad</span> <span class='ocrx_word' id='word_1_551' title='bbox 1534 2565 1654 2597; x_wconf 85' lang='lat' dir='ltr'>verba:</span> 
     </span>
     <span class='ocr_line' id='line_1_87' title="bbox 883 2610 1656 2656; baseline -0.005 -9"><span class='ocrx_word' id='word_1_552' title='bbox 883 2615 962 2647; x_wconf 80' lang='lat' dir='ltr'>Mihi</span> <span class='ocrx_word' id='word_1_553' title='bbox 982 2623 1013 2646; x_wconf 86' lang='lat' dir='ltr'>se</span> <span class='ocrx_word' id='word_1_554' title='bbox 1035 2615 1137 2655; x_wconf 79' lang='lat' dir='ltr'>dedet,</span> <span class='ocrx_word' id='word_1_555' title='bbox 1161 2620 1197 2645; x_wconf 80' lang='lat' dir='ltr'>ut</span> <span class='ocrx_word' id='word_1_556' title='bbox 1219 2614 1350 2656; x_wconf 86' lang='lat' dir='ltr'>integer</span> <span class='ocrx_word' id='word_1_557' title='bbox 1373 2623 1485 2644; x_wconf 90' lang='lat' dir='ltr'>versus</span> <span class='ocrx_word' id='word_1_558' title='bbox 1505 2610 1656 2644; x_wconf 87' lang='lat' dir='ltr'>trochai-</span> 
     </span>
     <span class='ocr_line' id='line_1_88' title="bbox 885 2657 1656 2692; baseline -0.003 0"><span class='ocrx_word' id='word_1_559' title='bbox 885 2670 941 2692; x_wconf 88' lang='lat' dir='ltr'>cus</span> <span class='ocrx_word' id='word_1_560' title='bbox 967 2659 1021 2691; x_wconf 88' lang='lat' dir='ltr'>sit.</span> <span class='ocrx_word' id='word_1_561' title='bbox 1073 2661 1121 2691; x_wconf 89' lang='lat' dir='ltr'>De</span> <span class='ocrx_word' id='word_1_562' title='bbox 1143 2659 1322 2691; x_wconf 73' lang='lat' dir='ltr'>verborum</span> <span class='ocrx_word' id='word_1_563' title='bbox 1349 2657 1423 2689; x_wconf 89' lang='lat' dir='ltr'>lusu</span> <span class='ocrx_word' id='word_1_564' title='bbox 1444 2657 1552 2690; x_wconf 83' lang='lat' dir='ltr'>Plaut.</span> <span class='ocrx_word' id='word_1_565' title='bbox 1574 2657 1656 2690; x_wconf 86' lang='lat' dir='ltr'>Mo·-</span> 
     </span>
     <span class='ocr_line' id='line_1_89' title="bbox 884 2702 1656 2745; baseline -0.003 -7"><span class='ocrx_word' id='word_1_566' title='bbox 884 2705 971 2738; x_wconf 90' lang='lat' dir='ltr'>stell.</span> <span class='ocrx_word' id='word_1_567' title='bbox 991 2705 1032 2737; x_wconf 86' lang='lat'>11.</span> <span class='ocrx_word' id='word_1_568' title='bbox 1053 2706 1085 2745; x_wconf 88' lang='lat'>1,</span> <span class='ocrx_word' id='word_1_569' title='bbox 1104 2702 1142 2738; x_wconf 72' lang='lat'>4:</span> <span class='ocrx_word' id='word_1_570' title='bbox 1169 2716 1232 2736; x_wconf 85' lang='lat' dir='ltr'>nec</span> <span class='ocrx_word' id='word_1_571' title='bbox 1251 2706 1348 2737; x_wconf 79' lang='lat' dir='ltr'>Salus</span> <span class='ocrx_word' id='word_1_572' title='bbox 1365 2703 1461 2735; x_wconf 89' lang='lat' dir='ltr'>nobis</span> <span class='ocrx_word' id='word_1_573' title='bbox 1478 2705 1575 2736; x_wconf 65' lang='lat' dir='ltr'>saluti</span> <span class='ocrx_word' id='word_1_574' title='bbox 1589 2702 1656 2736; x_wconf 87' lang='lat' dir='ltr'>iam</span> 
     </span>
     <span class='ocr_line' id='line_1_90' title="bbox 885 2748 1656 2795; baseline 0 -12"><span class='ocrx_word' id='word_1_575' title='bbox 885 2763 957 2784; x_wconf 86' lang='lat' dir='ltr'>esse</span> <span class='ocrx_word' id='word_1_576' title='bbox 968 2771 1012 2775; x_wconf 92' lang='lat'>—-</span> <span class='ocrx_word' id='word_1_577' title='bbox 1026 2757 1151 2795; x_wconf 87' lang='lat' dir='ltr'>potest.</span> <span class='ocrx_word' id='word_1_578' title='bbox 1176 2751 1254 2782; x_wconf 89' lang='lat' dir='ltr'>Ter.</span> <span class='ocrx_word' id='word_1_579' title='bbox 1268 2749 1329 2781; x_wconf 78' lang='lat' dir='ltr'>Ad.</span> <span class='ocrx_word' id='word_1_580' title='bbox 1346 2750 1403 2782; x_wconf 83' lang='lat' dir='ltr'>IV.</span> <span class='ocrx_word' id='word_1_581' title='bbox 1425 2748 1446 2783; x_wconf 77' lang='grc' dir='ltr'>ἰ’</span> <span class='ocrx_word' id='word_1_582' title='bbox 1459 2754 1561 2781; x_wconf 56' lang='lat' dir='ltr'>extu:</span> <span class='ocrx_word' id='word_1_583' title='bbox 1584 2749 1656 2794; x_wconf 88' lang='lat' dir='ltr'>ipsa</span> 
     </span>
     <span class='ocr_line' id='line_1_91' title="bbox 885 2795 1656 2840; baseline -0.001 -11"><span class='ocrx_word' id='word_1_584' title='bbox 885 2797 913 2829; x_wconf 91' lang='lat' dir='ltr'>si</span> <span class='ocrx_word' id='word_1_585' title='bbox 933 2796 1045 2840; x_wconf 87' lang='lat' dir='ltr'>cupiat</span> <span class='ocrx_word' id='word_1_586' title='bbox 1059 2798 1168 2836; x_wconf 80' lang='lat' dir='ltr'>Salus,</span> <span class='ocrx_word' id='word_1_587' title='bbox 1192 2796 1327 2828; x_wconf 77' lang='lat' dir='ltr'>Servare</span> <span class='ocrx_word' id='word_1_588' title='bbox 1347 2805 1484 2838; x_wconf 86' lang='lat' dir='ltr'>prorsus</span> <span class='ocrx_word' id='word_1_589' title='bbox 1500 2795 1588 2828; x_wconf 83' lang='lat' dir='ltr'>hanc</span> <span class='ocrx_word' id='word_1_590' title='bbox 1604 2796 1656 2828; x_wconf 88' lang='lat' dir='ltr'>fa-</span> 
     </span>
     <span class='ocr_line' id='line_1_92' title="bbox 886 2843 1521 2882; baseline -0.009 -7"><span class='ocrx_word' id='word_1_591' title='bbox 886 2843 1013 2875; x_wconf 84' lang='lat' dir='ltr'>miliam</span> <span class='ocrx_word' id='word_1_592' title='bbox 1036 2853 1106 2874; x_wconf 86' lang='lat' dir='ltr'>non</span> <span class='ocrx_word' id='word_1_593' title='bbox 1130 2847 1254 2882; x_wconf 87' lang='lat' dir='ltr'>potest.</span> <span class='ocrx_word' id='word_1_594' title='bbox 1516 2871 1521 2876; x_wconf 69' lang='grc'>,</span> 
     </span>
    </p>

    <p class='ocr_par' dir='ltr' id='par_1_21' title="bbox 887 2880 1657 2973">
     <span class='ocr_line' id='line_1_93' title="bbox 958 2880 1657 2932; baseline 0.001 -12"><span class='ocrx_word' id='word_1_595' title='bbox 958 2888 1036 2920; x_wconf 52' lang='grc' dir='ltr'>ευ.</span> <span class='ocrx_word' id='word_1_596' title='bbox 1048 2886 1201 2919; x_wconf 72' lang='lat' dir='ltr'>xxxxi.</span> <span class='ocrx_word' id='word_1_597' title='bbox 1218 2885 1273 2920; x_wconf 79' lang='lat'>68.</span> <span class='ocrx_word' id='word_1_598' title='bbox 1297 2880 1521 2932; x_wconf 67' lang='lat' dir='ltr'>attendentem]</span> <span class='ocrx_word' id='word_1_599' title='bbox 1531 2888 1575 2923; x_wconf 75' lang='lat' dir='ltr'>v.</span> <span class='ocrx_word' id='word_1_600' title='bbox 1589 2888 1657 2921; x_wconf 83' lang='lat' dir='ltr'>Ad-</span> 
     </span>
     <span class='ocr_line' id='line_1_94' title="bbox 887 2930 1270 2973; baseline -0.01 -5"><span class='ocrx_word' id='word_1_601' title='bbox 887 2940 1004 2968; x_wconf 83' lang='lat' dir='ltr'>notata</span> <span class='ocrx_word' id='word_1_602' title='bbox 1025 2933 1061 2965; x_wconf 88' lang='lat' dir='ltr'>in</span> <span class='ocrx_word' id='word_1_603' title='bbox 1081 2933 1107 2965; x_wconf 88' lang='grc' dir='ltr'>Ι.</span> <span class='ocrx_word' id='word_1_604' title='bbox 1130 2931 1197 2973; x_wconf 80' lang='grc'>38,</span> <span class='ocrx_word' id='word_1_605' title='bbox 1216 2930 1270 2965; x_wconf 87' lang='grc'>91.</span> 
     </span>
    </p>
   </div>
  </div>
 </body>
</html>
