1859 3149
671 57 844 94 LIBER
866 58 927 90 111.
953 52 1015 96 1²,
1038 51 1096 87 27.
1605 36 1685 82 187

238 149 431 204 Refibgwe
458 145 584 191 oculi,
617 144 759 193 corpus
787 141 907 179 macie
936 135 1132 183 exhihuit,

235 224 442 265 Laerimde
463 219 649 273 peredere
678 217 836 255 latmore
863 212 1083 264 exsangues
1108 222 1231 262 genas
1245 225 1257 247 .-

231 301 322 355 Szjm
350 296 498 337 nidoris
529 292 653 333 bc'zrba
678 290 846 343 paedore
875 288 1036 326 horrida
1067 292 1182 338 atque

235 375 396 414 lnthnsa
426 370 598 424 infuscat
618 367 755 420 pectus
785 363 916 403 illuvie
944 361 1136 401 scabrum.

91 447 204 491 Haec
224 446 354 498 mala,
397 459 420 486 o
446 441 680 486 stultissime
703 438 836 481 Aeeta
853 469 864 489 ,
906 436 991 492 ipse
1014 434 1085 475 tibi
1112 430 1320 483 addidisti,
1364 444 1444 472 non
1470 428 1630 470 inerant
1651 425 1694 468 in

92 524 167 575 iis,
208 535 308 578 quae
344 520 413 562 tibi
447 532 564 560 casus
596 517 837 565 invexerat,
893 517 934 552 et
958 510 1114 566 quidem
1146 508 1369 549 inveterato
1402 504 1533 555 malo,
1574 516 1694 558 quum

92 585 376 640 tumor‘imimi
405 593 648 643 resedisset,
683 591 764 645 (est
798 595 930 630 autem
964 583 1196 640 aegritudo,
1243 588 1286 622 ut
1314 580 1490 632 docebo,
1536 578 1577 619 in
1610 577 1695 634 opi-

94 673 216 716 nione
233 671 324 713 mali
343 669 516 712 recentis
531 667 563 722 3)
596 666 666 708 sed
685 677 841 706 maeres
862 661 1047 704 videlicet
1065 658 1179 714 regni
1200 655 1398 699 desiderio
1412 687 1424 707 ,
1470 669 1549 696 non
1572 653 1691 695 filiae.

95 747 208 790 Illam
227 747 331 789 enim
357 745 517 795 oderaS,
551 749 591 783 et
610 741 698 782 iure
718 741 918 789 sortasse,
950 749 1076 791 regno
1096 748 1173 775 non
1202 746 1328 787 aequo
1354 732 1486 771 animo
1511 728 1694 770 carebas.

96 822 174 866 Est
203 829 334 864 autem
367 819 573 876 impudens
607 817 735 858 luctus
768 826 949 856 maerore
980 825 1023 852 se
1055 808 1327 859 conficientis,
1371 805 1472 861 quod
1501 805 1697 860 imperare

99 913 181 940 non
209 897 329 939 liceat
351 894 503 937 liberis.
538 927 542 930 .
575 898 647 934 27.
682 888 903 946 Dionysius
938 887 1092 942 quidem
1123 892 1340 941 tyrannus,
1384 879 1599 937 Syracusis
1626 893 1700 920 cx-

98 973 261 1031 pulsus,
296 968 481 1013 Corinthi
505 981 650 1024 pueros
680 964 874 1015 docebat,
907 975 1032 1017 usque
1056 975 1104 1002 eo
1128 959 1294 1015 imperio
1318 970 1456 998 carere
1482 969 1561 997 non
1590 960 1701 1011 pote-

96 1055 175 1091 rat.
239 1044 462 1102 Tarquinio
487 1057 585 1084 vero
611 1041 702 1097 quid
731 1038 1020 1094 impudentius,
1062 1035 1126 1091 qui
1151 1035 1294 1076 bellum
1325 1038 1486 1088 gereret
1513 1045 1600 1071 cum
1630 1029 1696 1081 iis,

99 1123 165 1180 qui
199 1122 284 1164 eius
315 1134 394 1162 non
429 1119 603 1160 tulerant
637 1114 894 1171 superbiam?
939 1111 1005 1163 Is,
1040 1125 1156 1166 quum
1184 1107 1339 1150 restitui
1364 1107 1403 1147 in
1427 1120 1592 1161 regnum
1625 1117 1700 1145 nec

98 1197 328 1241 Veientium
365 1209 438 1237 nec
462 1192 698 1235 Latinorum
723 1189 844 1230 armis
873 1187 1091 1244 potuisset,
1137 1182 1287 1226 Cumas
1316 1181 1533 1223 contulisse
1566 1194 1610 1221 se
1644 1179 1702 1220 di-

99 1273 203 1315 citur
230 1271 351 1326 inque
382 1283 431 1311 ea
461 1268 558 1310 urbe
591 1265 704 1308 senio
737 1272 777 1306 et
807 1263 1054 1319 aegritudine
1087 1274 1176 1303 esse
1209 1259 1433 1299 confectus.

212 1344 336 1388 XIII.
399 1342 488 1385 Hoc
512 1350 552 1384 tu
574 1341 695 1397 igitur
719 1353 861 1381 censes
886 1336 1056 1393 sapienti
1079 1334 1260 1376 accidere
1284 1345 1401 1388 posse
1418 1364 1428 1382 ,
1463 1337 1506 1371 ut
1529 1330 1704 1385 aegritu-

101 1422 192 1483 dine
216 1420 487 1478 opprimatur,
521 1417 559 1458 id
581 1424 643 1458 ost
666 1414 858 1456 miseria?
888 1411 995 1454 Nam
1020 1426 1137 1468 quum
1162 1409 1291 1451 omnis
1315 1406 1559 1464 perturbatio
1585 1405 1705 1446 mise-

101 1497 163 1540 ria
185 1503 272 1549 est,
313 1502 394 1537 tum
421 1492 649 1536 carnificina
680 1497 742 1532 est
774 1488 998 1545 aegritudo.
1063 1485 1194 1527 Habet
1222 1483 1405 1525 ardorem
1431 1481 1575 1534 libido,
1605 1480 1705 1522 levi-

103 1579 224 1613 tatem
262 1570 413 1612 laetitia
449 1567 654 1624 gestiens,
703 1564 960 1606 humilitatem
1003 1569 1159 1612 metus,
1206 1558 1276 1602 sed
1312 1557 1520 1612 aegritudo
1555 1556 1707 1597 maiora

103 1646 321 1703 quaedam,
367 1644 525 1696 tabem,
569 1640 814 1692 cruciatum,
861 1638 1180 1687 afflictationem,
1227 1633 1485 1683 foeditatem3
1537 1630 1704 1683 lacerat,

98 1755 153 1790 'tia
174 1755 237 1789 sit:
260 1757 334 1788 ilico
353 1764 410 1788 vos
429 1755 522 1786 istinc
539 1754 703 1794 proripite.
739 1751 787 1782 Ut
802 1752 886 1782 istim

105 1802 243 1846 antique
264 1801 406 1840 dicitur,
430 1800 479 1832 ita
498 1801 579 1831 illim
601 1810 663 1842 pro
686 1799 782 1830 illinc.
832 1796 885 1828 Cf.

103 1850 283 1882 Forcellim'i
301 1846 403 1880 Thes.
424 1845 535 1878 Latin.
560 1857 592 1878 v.
614 1847 707 1876 illim.

170 1898 299 1936 propter
320 1896 387 1926 vim
407 1894 532 1926 sceleris
554 1892 665 1932 alieni]
704 1890 756 1921 Sc.
781 1886 887 1924 Atrei,

108 1939 246 1983 fratris,
281 1938 339 1984 qui
370 1938 543 1982 Thyestae
575 1936 700 1968 liberos
723 1939 888 1966 mactatos

108 1986 142 2019 ei
167 1984 395 2020 comedendos
419 1988 633 2027 apposuerat.

93 2028 98 2059 ἱ
174 2035 268 2065 inum
284 2033 386 2072 filium
407 2028 505 2072 snus]
531 2029 573 2059 v.
596 2025 701 2059 India.
723 2038 754 2057 v.
775 2028 891 2057 Aeetes.

177 2076 346 2120 Refugere]
368 2077 454 2107 Sunt
474 2085 586 2106 versus
603 2071 726 2105 senarii
744 2070 890 2103 iambici.

921 1755 1019 1793 pater
1041 1754 1075 1780 et
1103 1745 1187 1778 filius
1203 1770 1210 1783 ,
1249 1742 1386 1787 tyranni
1410 1743 1707 1785 Syracusanorum.

923 1797 966 1828 H.
987 1795 1008 1826 l.
1039 1789 1277 1834 intelligendus
1311 1796 1362 1820 est
1394 1788 1491 1820 filius.
1551 1787 1708 1819 Ceterum

923 1841 1025 1874 allata
1046 1838 1197 1881 exempla
1218 1847 1291 1867 cum
1306 1835 1379 1878 ipsa
1393 1833 1622 1878 disputatione
1638 1843 1708 1865 non

925 1887 1109 1919 cohaerent
1131 1894 1237 1926 eoque
1261 1888 1391 1913 tantum
1415 1879 1557 1912 consilio
1581 1891 1600 1911 a
1621 1878 1709 1911 Tul-

925 1933 971 1965 lio
1005 1931 1037 1962 in
1064 1937 1176 1974 partes
1212 1935 1350 1965 vocata,
1387 1933 1423 1957 ut
1446 1926 1710 1965 demonstraret,

925 1990 1024 2023 quam
1038 1978 1206 2017 impudens
1220 1977 1321 2007 luctus
1336 1972 1456 2004 fuisset
1471 1971 1711 2003 nonnullorum

925 2024 1120 2061 hominum,
1162 2020 1218 2066 qui
1254 2029 1396 2052 maerore
1434 2029 1465 2051 se
1500 2019 1713 2059 confecissent,

925 2072 1010 2114 quod
1043 2071 1176 2110 imperio
1205 2068 1326 2108 privati
1357 2069 1466 2098 essent.
1516 2065 1566 2096 De
1592 2063 1712 2096 vocula

110 2124 150 2156 In
179 2122 283 2156 tertio
315 2133 415 2154 versu
445 2119 561 2152 ultima
584 2118 714 2164 syllaba
737 2128 795 2159 que
817 2123 892 2149 tra—

110 2168 224 2203 henda
254 2174 306 2200 est
328 2164 580 2212 pronuntiando
614 2164 658 2197 ad
681 2175 813 2197 versum
834 2174 892 2195 se-

112 2221 282 2260 quentem.
330 2214 482 2255 Refuyere
507 2214 588 2244 oculi
608 2211 642 2243 h.
664 2222 693 2243 e.
719 2209 894 2242 oculorum

112 2261 273 2306 splendor
285 2259 424 2304 quasise
438 2257 577 2302 recepit,
595 2256 683 2290 oculi
696 2256 893 2289 hebescunt.

184 2309 257 2340 Situ
277 2304 414 2349 nidoris]
441 2305 483 2336 H.
499 2316 528 2337 e.
554 2310 696 2348 propter
717 2303 818 2335 situm
839 2301 895 2333 ni-

113 2352 203 2386 doris
227 2352 331 2385 barba
354 2350 510 2383 infuscat.
561 2352 665 2383 Situm
689 2351 811 2382 nidoris
835 2359 896 2380 ac-

114 2398 196 2444 cipit
226 2399 402 2432 Beroaldus
435 2408 499 2441 pro
530 2403 652 2440 putore
682 2395 828 2427 ustrinae
863 2400 897 2426 et

115 2446 165 2480 rei
179 2444 354 2484 ustulatae,
378 2450 417 2476 ut
429 2455 483 2487 ap.
498 2442 616 2486 virgil.
632 2442 712 2481 XII,
729 2442 794 2475 301
810 2453 816 2471 :
843 2439 898 2472 Illi

114 2491 234 2536 ingens
264 2490 370 2524 barba
400 2489 525 2523 reluxit
552 2490 755 2530 nidoremque
783 2488 897 2519 ambu-

114 2542 166 2572 sta
189 2537 295 2570 dedit.

186 2588 292 2617 tumor
312 2581 430 2627 animi]
456 2581 549 2614 infra
568 2582 628 2614 111.
647 2579 710 2619 31,
735 2577 801 2614 76:
826 2583 899 2611 erat

119 2629 210 2662 enim
231 2629 265 2662 in
289 2633 410 2662 tumore
433 2630 571 2661 animus.
621 2625 673 2658 Cf.
698 2623 779 2664 c.9‚
808 2623 861 2657 19.

186 2675 345 2720 videlicet]
369 2675 413 2707 H.
439 2686 469 2707 e.
493 2676 558 2707 sine
581 2675 696 2713 dubio,
732 2682 807 2703 cum
826 2670 899 2703 iro—

120 2720 197 2754 niae
218 2720 262 2754 vi.
309 2722 352 2754 V.
374 2720 547 2753 Adnotata
568 2719 603 2752 in
625 2719 651 2751 Ι.
666 2718 731 2758 21,
757 2715 814 2751 48.

190 2769 280 2808 requi
304 2768 474 2809 deside-io]
501 2767 607 2805 „Erat
633 2763 721 2796 enim
744 2762 809 2807 ipsi
836 2774 899 2795 au-

125 2811 338 2845 reum-vellus
353 2812 474 2857 pignus
494 2811 607 2855 regiae
621 2809 806 2854 dignitatis,
832 2820 899 2853 quo

126 2863 245 2901 erepto
260 2869 400 2902 regnum
416 2857 573 2891 amissum
585 2857 626 2890 iri
642 2856 677 2888 in
694 2855 773 2888 fatis
789 2856 899 2887 erat.“

194 2905 312 2946 liberis]
344 2903 497 2946 Liberis,
531 2904 690 2938 libertate
712 2901 901 2935 fruentibus

125 2947 326 2982 homiuibus.

195 2992 252 3029 27.
274 2995 459 3040 Dionysius]
485 2996 561 3028 Duo
581 2994 720 3028 fuerunt
736 2991 903 3037 Dionysii,

925 2119 1053 2160 quidem
1087 2115 1121 2147 in
1157 2112 1318 2157 exemplis
1349 2110 1530 2144 afferendis
1563 2122 1594 2142 v.
1618 2110 1662 2143 ad
1684 2111 1711 2143 1.

927 2166 992 2203 22,
1017 2162 1072 2195 51.

997 2218 1095 2249 usque
1111 2206 1160 2251 eo]
1184 2205 1304 2246 „Adeo
1322 2203 1461 2248 cupidus
1478 2210 1550 2236 erat
1564 2213 1713 2246 regnan-

929 2255 986 2295 di,
1024 2262 1060 2286 ut
1083 2253 1152 2286 ludi
1172 2251 1332 2295 magister
1356 2263 1428 2283 esse
1449 2249 1628 2294 puerisque
1651 2247 1714 2280 sibi

928 2301 1062 2335 traditis
1097 2300 1264 2343 imperare
1306 2297 1443 2339 mallet,
1489 2308 1589 2340 quam
1623 2293 1714 2328 aliud

932 2347 1116 2394 quodpiam
1142 2344 1312 2388 negotium
1337 2343 1543 2387 suscipere.“

1001 2405 1074 2427 cum
1094 2392 1149 2436 iis]
1179 2391 1350 2424 Romanis.

1004 2441 1083 2472 Cn.
1100 2439 1198 2472 XIII.
1221 2439 1257 2470 id
1277 2442 1320 2470 est
1334 2435 1480 2480 miseria]
1501 2435 1541 2475 ‚ld
1561 2436 1605 2465 est
1625 2429 1715 2475 apud

935 2486 1134 2520 Ciceronem
1166 2495 1266 2527 saepe
1295 2482 1481 2526 significat:
1520 2479 1605 2521 quod
1637 2478 1717 2510 nihil

933 2534 1026 2566 aliud
1048 2536 1103 2573 est,
1125 2541 1235 2573 quam.
1270 2528 1429 2562 Academ.
1446 2529 1469 2559 Ι.
1485 2526 1516 2565 8,
1543 2525 1608 2558 32:
1633 2534 1716 2555 ver-

933 2580 1055 2612 borum
1085 2578 1187 2610 etiam
1213 2575 1393 2620 explicatio
1418 2571 1646 2617 probabatur,
1682 2567 1719 2600 id

935 2633 1007 2665 est,
1045 2636 1110 2669 qna
1141 2623 1183 2656 de
1208 2633 1322 2654 caussa
1346 2629 1495 2664 quaeque
1525 2621 1636 2648 essent
1669 2613 1719 2647 ita

933 2671 1119 2704 nominata.
1177 2668 1263 2701 Ibid.
1293 2668 1366 2701 02.
1389 2664 1429 2698 ὃς
1466 2662 1494 2694 si
1526 2661 1717 2705 Epicurum,

933 2717 970 2750 id
992 2725 1065 2757 est,
1102 2716 1131 2748 si
1154 2713 1384 2748 Democritum
1408 2708 1598 2753 probarem.
1646 2710 1716 2740 Ae·-

937 2770 1051 2797 cnrate
1085 2762 1128 2794 de
1162 2759 1273 2792 verbis
1305 2759 1340 2790 id
1372 2760 1414 2789 est
1445 2755 1510 2787 hac
1536 2753 1572 2787 vi
1596 2752 1716 2797 positis

935 2809 1005 2853 agit
1018 2810 1203 2849 Madvi9ius
1216 2805 1259 2838 ad
1271 2803 1343 2835 Fin.
1360 2804 1401 2837 ΙΙ,
1415 2801 1448 2833 2.
1462 2812 1496 2844 p.
1511 2798 1587 2834 145.
1619 2799 1718 2832 Adde

935 2859 1036 2889 Kritz.
1071 2854 1114 2887 ad
1138 2852 1217 2885 Sall.
1240 2852 1310 2893 Iug.
1338 2847 1482 2887 XXXI,
1507 2847 1562 2880 20.
1586 2857 1622 2891 p.
1637 2845 1717 2880 190.

940 2902 992 2935 Cf.
1015 2900 1188 2934 Adnotata
1207 2903 1321 2929 nostra
1340 2894 1374 2926 in
1388 2894 1412 2925 I.
1427 2892 1483 2931 31,
1500 2893 1555 2927 75.

1006 2956 1104 2988 quum
1117 2963 1162 2969 —-
1177 2944 1258 2985 tum}
1285 2942 1326 2973 V.
1344 2939 1434 2972 infra
1453 2939 1496 2972 ad
1514 2939 1555 2973 V.
1566 2938 1624 2980 39,
1640 2937 1717 2972 113.

1007 2994 1110 3026 Habet
1139 2990 1288 3022 ardorem
1310 2988 1408 3020 libido
1432 2986 1514 3029 ete]
1552 2986 1596 3019 H.
1617 2997 1646 3018 e.
1670 2984 1718 3017 li-
