1859 3149
574 70 745 104 Lmen
771 66 1187 111 v.5,14.6‚15.16.
1598 58 1680 102 277

80 154 254 213 gnitate,
299 161 342 196 ut
372 153 421 196 ad
446 166 515 195 eas
541 151 689 194 cursim
713 158 945 207 perrectura
976 165 1049 193 nec
1074 164 1142 192 eas
1167 150 1284 192 beata
1308 149 1391 192 vita
1426 162 1449 189 a
1474 162 1518 190 se
1543 149 1678 191 deser-

79 237 141 273 tas
162 243 329 287 passura
354 228 551 271 videatur.
617 232 685 269 14.
721 224 852 280 Quum
877 234 1008 268 autem
1035 226 1208 268 animum
1233 225 1280 267 ab
1308 225 1382 266 ista
1407 224 1558 280 pictura
1583 224 1679 265 ima-

77 305 312 362 ginibusque
331 303 521 346 virtutum
553 302 601 343 ad
630 316 711 342 rem
729 302 1019 357 veritatemque
1038 301 1293 352 traduxeri83
1342 299 1416 341 hoc
1440 299 1585 340 nudum
1614 312 1677 341 re-

76 380 291 437 linquitur,
337 378 515 436 possitne
555 376 641 432 quis
669 376 809 418 beatus
840 390 955 429 esse,
1003 377 1186 432 quamdiu
1216 382 1462 431 torqueatur.
1527 372 1677 429 Quam-

77 456 212 497 obrem
240 455 314 496 hoc
342 468 446 495 nunc
470 466 731 509 quaeramus3
779 451 948 493 virtutes
973 458 1104 493 autem
1121 484 1132 504 ,
1180 451 1258 492 noli
1285 450 1443 501 vereri,
1478 464 1528 491 ne
1553 464 1678 506 expo-

75 530 224 573 stulent
248 537 288 572 et.
310 536 551 586 querantur,
586 541 630 570 se
655 542 677 568 a
700 527 815 568 beata
836 527 918 568 vita
943 540 1034 568 esse
1055 526 1244 578 relictas3
1278 526 1310 566 si
1334 525 1438 566 euim
1465 525 1571 566 nulla
1595 525 1676 567 vir-

76 613 138 648 tus
168 605 375 661 prudentia
412 611 552 657 vacat,
603 603 810 659 prudentia
842 602 927 658 ipsa
965 602 1038 643 lioc
1073 601 1209 653 videt,
1259 615 1338 642 non
1373 615 1512 641 omues
1549 600 1675 642 bonos

73 695 164 724 esse
190 681 307 723 etiam
327 680 481 732 beatos,
515 679 715 733 multaque
741 678 787 719 de
810 676 871 719 M.
901 677 1044 728 Atilio,
1080 674 1133 731 Q.
1161 675 1381 734 Caepione,
1415 674 1491 716 Μ’.
1513 674 1675 731 Aquilio

72 757 330 808 recordatur,
365 756 598 810 beatamque
624 754 744 795 vitam
764 786 774 805 ,
809 754 861 808 (si
884 751 1119 808 imaginibus
1146 753 1274 808 potius
1297 752 1377 802 uti,
1412 765 1528 806 quam
1554 750 1674 792 rebus

70 832 168 889 ipsis
196 831 361 888 placet,)
393 837 603 872 conantem
637 829 697 871 ire
726 829 767 871 in
788 829 967 872 eculeum
1001 828 1147 869 retinet
1173 828 1259 885 ipsa
1289 827 1497 884 prudentia
1535 833 1673 881 negat-

71 921 146 965 que
179 908 215 949 ei
247 921 334 948 cum
367 906 504 947 dolore
536 913 576 947 et
606 906 784 947 cruciatu
816 905 1024 961 quicquam
1058 917 1148 945 esse
1181 917 1407 945 commuue.

183 981 261 1025 Vl.
298 989 367 1024 15.
403 981 468 1023 M.
503 979 640 1022 Facile
666 981 816 1037 patior,
866 987 904 1021 te
934 979 1012 1021 isto
1044 979 1160 1021 modo
1196 993 1342 1035 agere,
1391 978 1468 1021 etsi
1495 976 1671 1032 iniquum

69 1066 132 1102 est
157 1057 428 1116 praescribere
453 1056 545 1097 mihi
581 1063 617 1097 te
634 1088 644 1107 ,
693 1055 1021 1111 quemadmodum
1053 1070 1076 1096 a
1105 1068 1168 1096 me
1192 1054 1382 1111 disputari
1407 1054 1524 1096 velis.
1589 1050 1670 1094 Sed

70 1149 242 1191 quaero,
276 1140 405 1175 utrum
424 1131 566 1187 aliquid
587 1138 716 1172 actum
736 1130 1009 1187 superioribus
1028 1130 1183 1182 diebus,
1219 1144 1267 1170 an
1290 1130 1385 1170 nihil
1405 1127 1671 1170 arbitremur?

67 1210 125 1252 A.
160 1210 306 1251 Actum
332 1222 454 1259 vero,
489 1214 530 1248 et
552 1206 791 1262 aliquantum
817 1206 990 1262 quidem.
1057 1205 1125 1247 M.
1161 1205 1284 1260 Atqui
1316 1205 1349 1246 si
1369 1205 1423 1247 ita
1446 1211 1531 1255 est,
1579 1217 1668 1259 pro-

67 1285 201 1342 fligata
225 1284 301 1326 iam
332 1284 431 1325 haec
465 1290 505 1324 et
533 1296 658 1339 paene
689 1282 737 1323 ad
763 1282 916 1322 exitum
943 1281 1111 1322 adducta
1135 1280 1315 1336 quaestio
1341 1286 1417 1321 est.
1482 1278 1538 1320 A.
1575 1277 1666 1334 Quo

66 1361 223 1403 tandem
251 1359 395 1401 modo?
466 1357 534 1400 M.
570 1356 675 1412 Quia
703 1364 832 1398 motus
864 1357 1078 1398 turbulenti
1105 1356 1420 1410 iactationesque
1446 1353 1668 1395 animorum

66 1437 253 1479 incitatae
274 1442 314 1477 et
337 1434 485 1491 impetu
506 1433 800 1475 inconsiderato
825 1432 971 1483 elatae,
1007 1432 1202 1473 rationem
1226 1444 1382 1472 omnem
1408 1429 1664 1486 repellentes,

64 1512 172 1554 vitae
195 1511 334 1553 beatae
354 1509 498 1551 nullam
522 1516 672 1565 partem
697 1508 938 1563 relinquunt.
1005 1505 1106 1562 Quis
1130 1507 1233 1548 euim
1257 1513 1387 1560 potest
1412 1513 1578 1546 mortem
1601 1511 1667 1545 aut

66 1587 243 1629 dolorem
271 1592 477 1637 metuens,
525 1598 689 1639 quorum
716 1584 882 1625 alterum
911 1597 1031 1640 saepe
1053 1583 1188 1633 adest,
1222 1581 1388 1622 alterum
1412 1594 1569 1635 semper
1595 1580 1665 1619 im-

66 1663 236 1719 pendet,
283 1675 374 1703 esse
398 1674 477 1702 non
503 1659 651 1701 miser?
711 1656 845 1713 Quid?
888 1659 920 1699 si
960 1659 1061 1700 idem
1089 1658 1209 1714 (quod
1235 1657 1465 1713 plerumque
1489 1656 1546 1708 su)
1571 1667 1664 1710 pau-

65 1745 283 1795 pertatem,
325 1735 609 1793 ignominiam,
653 1734 852 1791 insamiam
877 1734 1012 1783 timet,
1047 1733 1081 1775 si
1109 1733 1377 1783 debilitatem,
1413 1730 1663 1780 caecitatem,

66 1813 101 1856 si
139 1813 335 1869 denique,
382 1811 505 1868 (quod
542 1825 622 1851 nou
657 1809 825 1863 singulis
850 1809 1096 1858 homiuibus,
1141 1808 1212 1849 sed
1248 1807 1474 1863 potentibus
1513 1804 1665 1861 populis

65 1902 186 1945 saepe
210 1887 414 1943 contigit,)
445 1885 678 1928 servitutem
698 1901 707 1925 ε
755 1891 885 1939 potest
916 1898 964 1925 ea
992 1884 1135 1925 timens
1158 1895 1248 1923 esse
1270 1882 1478 1937 quisquam
1497 1880 1665 1922 beatus?

69 1970 136 2007 16.
173 1962 308 2018 Quid?
339 1962 402 2018 qui
428 1976 505 2003 non
531 1960 647 2001 modo
675 1973 722 2000 ea
745 1960 875 2000 futura
901 1959 1036 2009 timet,
1070 1973 1210 2000 verum
1235 1957 1354 1999 etiam
1378 1958 1455 1998 fert
1475 1956 1664 1997 sustinet-

67 2053 142 2095 que
172 2037 426 2094 praeseutia?
486 2035 603 2077 Adde
625 2035 765 2076 eodem
793 2035 962 2087 exsilia,
1007 2035 1159 2086 luctus,
1203 2033 1421 2084 orbitates3
1455 2031 1521 2088 qui
1543 2030 1663 2072 rebus

65 2114 126 2156 liis
154 2115 303 2154 fractus
328 2110 576 2168 aegritudine
597 2110 778 2163 eliditur,
824 2117 955 2166 potest
977 2110 1134 2151 taudem
1168 2123 1259 2151 esse
1286 2123 1366 2151 non
1388 2107 1635 2151 miserrimus
1646 2107 1664 2145 ἱ)

66 2230 189 2270 Brute,
228 2228 306 2261 dico
340 2227 462 2260 librum
497 2225 578 2259 mihi
607 2225 707 2258 saluti
732 2225 845 2258 fuisse.
883 2225 944 2265 17,
971 2223 1034 2260 77:
1061 2224 1254 2266 videamus,
1281 2236 1323 2257 ne
1353 2224 1427 2267 plus
1463 2223 1493 2255 ei
1520 2223 1660 2261 tribuas,

64 2276 107 2309 V.
118 2287 178 2308 nos
194 2275 226 2308 iu
244 2275 303 2308 Gr.
319 2275 358 2307 L.
373 2275 402 2318 G.
419 2272 494 2307 133.
511 2273 542 2315 e)
558 2285 591 2317 p.
603 2272 670 2306 2529
683 2284 733 2316 sq.
747 2272 800 2304 ed.
812 2274 845 2304 2.
881 2283 980 2315 quam
998 2283 1047 2305 res
1070 2279 1105 2304 et
1119 2275 1236 2305 veritas
1257 2272 1328 2314 ipsa
1343 2270 1518 2303 concedat.
1551 2269 1660 2302 Tliuc.

138 2321 190 2356 13.
223 2321 380 2365 eculeum]
415 2319 557 2352 Eculeus
590 2325 662 2351 erat
691 2318 847 2351 machina
880 2319 923 2351 11.
936 2316 1045 2354 4153:
1073 2317 1179 2361 ἔργων
1204 2314 1363 2360 nik-rihmot.

65 2367 198 2411 lignea,
223 2368 267 2400 ad
288 2366 364 2411 equi
384 2366 528 2399 formam
551 2365 653 2403 sacta,
677 2372 846 2408 torquen-
949 2366 991 2397 M.
1016 2366 1131 2405 Atilio,
1169 2368 1206 2405 Q.
1231 2366 1406 2406 Caepione,
1443 2365 1497 2396 Μ’.
1521 2361 1659 2404 Aquilio]

66 2413 117 2446 dis
139 2413 330 2447 hominibus
354 2418 558 2455 comparata.
609 2413 657 2443 Dc
680 2423 710 2443 v.
735 2413 846 2451 adspi-
880 2411 921 2443 V.
944 2409 1048 2442 Iudic.
1074 2410 1150 2442 hist.

65 2462 174 2501 randi,
198 2459 288 2504 quod
308 2465 359 2491 est
374 2457 535 2491 accedere
552 2457 676 2490 audere
697 2457 751 2489 vel
770 2464 846 2488 ten·
954 2456 1032 2488 Car.
1056 2457 1113 2489 VI.
1141 2457 1191 2490 15.
1216 2456 1405 2500 profligyata]
1429 2456 1473 2488 H.
1489 2467 1517 2488 e.
1541 2465 1661 2497 magna

64 2511 158 2547 tare,
198 2505 357 2539 adiuncta
389 2504 530 2537 notione
561 2503 668 2536 inanis
704 2509 844 2535 conatus
881 2514 922 2535 ex
956 2509 1054 2546 parte
1087 2503 1255 2535 confecta.
1311 2503 1367 2535 Sic
1395 2502 1439 2534 ad
1464 2502 1556 2534 Fam.
1580 2501 1658 2537 XII,

68 2552 148 2596 (sich
175 2550 360 2594 versteiqen)
395 2550 440 2582 cf.
474 2561 501 2582 c.
522 2549 565 2590 9,
598 2549 653 2582 27.
690 2556 724 2580 et
760 2560 845 2592 quae
879 2548 942 2582 30:
983 2551 1154 2590 profliyato
1187 2549 1278 2582 bello
1316 2561 1355 2581 ac
1386 2559 1492 2591 paene
1517 2546 1658 2580 sublato,

65 2598 210 2631 contulit
244 2599 437 2631 Matthiaeus
467 2595 511 2629 ad
543 2607 592 2628 or.
618 2606 680 2639 pro
701 2596 737 2627 P.
753 2594 846 2627 Sulla
880 2595 920 2627 V.
942 2597 1077 2628 Ernesliz'
1102 2595 1191 2627 Clav.
1217 2595 1368 2627 Ciceron.
1388 2595 1469 2626 l1.v.

66 2644 183 2678 XVIII
196 2670 204 2683 ‚
229 2644 284 2678 52.
306 2656 341 2688 p.
354 2643 410 2678 33.
948 2652 1010 2674 non
1032 2644 1165 2684 sivzyulis
1189 2643 1386 2680 hominibus,
1410 2641 1465 2672 sed
1485 2640 1660 2680 potentibus

135 2693 164 2723 si
182 2692 260 2732 quid
276 2700 308 2724 es
327 2690 485 2732 facturus]
512 2688 556 2720 H.
571 2699 601 2720 e.
622 2687 845 2731 probaturus;
877 2689 1020 2730 populis]
1050 2687 1190 2720 Gravius
1210 2687 1336 2719 dictum
1364 2696 1445 2729 pro:
1486 2696 1554 2716 non
1578 2690 1656 2715 tau-

67 2734 96 2767 si
115 2747 170 2767 me
192 2736 393 2769 convincere
415 2734 543 2767 studes.
590 2735 730 2766 Neidius.
881 2740 955 2765 tum
976 2745 1003 2765 s.
1018 2733 1075 2772 h.,
1100 2733 1160 2765 sed
1184 2745 1216 2776 p.
1242 2730 1384 2775 populis.
1439 2731 1529 2762 Infra
1555 2742 1582 2761 c.
1604 2728 1658 2767 10,

137 2785 289 2823 tanquam
309 2784 392 2815 levia
410 2783 570 2822 quaedam
586 2781 678 2823 vina]
704 2778 848 2821 Teuma,
881 2780 937 2812 ’Σὲ-ὲ.
967 2779 1175 2817 Fiu.v.·.'0,
1199 2778 1255 2812 ⁸3.
1289 2789 1352 2820 pro
1376 2776 1475 2809 Arch.
1493 2777 1586 2808 Poet.
1601 2775 1658 2806 IV.

69 2837 156 2871 quae
186 2827 307 2861 leviter
343 2827 450 2860 diluta
483 2838 639 2871 saporem
673 2825 843 2862 amittunt,
886 2825 946 2858 ll:
982 2825 1088 2858 Adest
1107 2844 1150 2848 -
1170 2825 1209 2857 L.
1228 2822 1403 2861 Lucullus,
1440 2821 1496 2864 qui
1527 2833 1564 2853 se
1597 2831 1660 2854 non

69 2883 156 2917 quae
179 2872 288 2915 priino
310 2873 427 2906 statim
448 2880 547 2917 gustu
566 2871 736 2911 arrident,
762 2870 846 2903 nihil
882 2869 1034 2913 opinari,
1068 2871 1125 2903 sed
1153 2869 1258 2908 scire,
1295 2878 1358 2901 non
1387 2867 1570 2906 audivisse,
1603 2869 1659 2900 sed

69 2929 151 2950 vero
171 2917 309 2952 iucundi
328 2919 457 2964 saporis
480 2919 609 2952 habent
638 2917 674 2950 iu
702 2928 846 2950 recessu.
881 2915 1025 2956 vidisse,
1051 2927 1112 2949 non
1131 2914 1335 2953 interfuisse,
1359 2915 1415 2946 sed
1438 2913 1544 2958 egisse
1564 2913 1659 2946 dicit.

68 2966 166 2998 Idem.
954 2962 1008 2996 16.
1033 2962 1173 3002 eliditur]
1199 2959 1342 3003 gravius,
1366 2971 1465 3004 quam
1482 2959 1660 3004 frangitur,

142 3007 194 3044 14.
230 3011 276 3043 ad
308 3020 375 3043 rem
406 3011 646 3051 veritatemque]
680 3008 723 3041 de
748 3010 805 3040 Or.
822 3008 848 3040 I.
885 3006 1091 3041 debilitatur.
1139 3007 1179 3040 V.
1203 3005 1247 3039 ad
1271 3007 1312 3038 II.
1333 3006 1394 3049 11,
1419 3006 1474 3042 27.
