1859 3149
668 55 836 90 Lmen
860 54 1050 96 v.4,11.
1571 48 1658 93 275

947 135 1029 192 Qui
1056 151 1174 193 quum
1197 143 1287 194 post
1309 135 1412 178 hunc
1436 135 1652 183 Phliasium

55 228 282 258 sermonem
305 213 346 256 in
367 212 521 256 Italiam
541 212 744 264 venisset,
778 213 994 254 exornavit
1014 226 1102 254 eam
1126 210 1356 266 Graeciam,
1389 226 1488 269 quae
1510 227 1652 270 magna

55 291 162 333 dicta
182 297 268 342 est,
315 296 355 331 et
378 287 559 346 privatim
592 295 632 329 et
657 287 811 344 publice
838 287 1192 343 praestantissimis
1215 295 1256 330 et
1277 288 1468 331 institutis
1491 295 1532 330 et
1556 290 1652 331 arti-

205 363 330 408 Cuius
366 365 414 406 de
452 363 657 419 disciplina
689 361 794 404 aliud
819 370 972 418 tempus
999 362 1118 404 fuerit
1143 363 1313 404 fortasse
1334 363 1504 405 dicendi.
1568 363 1652 407 Sed

56 441 106 483 ab
130 440 290 496 antiqua
313 439 557 496 philosophia
586 451 708 494 usque
734 438 782 479 ad
812 436 1050 489 Socratem,
1095 438 1160 493 qui
1183 436 1451 491 Archelaum,
1486 439 1653 482 Anaxa-

58 154 146 183 rum
168 139 287 182 etiam
306 139 482 196 ipsarum
505 136 764 193 amplificator
787 136 875 179 fuit.

55 365 143 408 bus.

54 529 177 573 gorae
200 514 459 572 discipulum,
493 514 698 564 audierat,
733 512 888 554 numeri
908 521 1117 568 motusque
1146 514 1438 565 tractabantur,
1483 522 1525 555 et
1549 515 1652 557 unde

54 590 187 633 omnia
219 597 433 632 orerentur
467 602 596 645 quove
620 588 869 640 reciderent,
917 589 1173 644 studioseque
1209 589 1257 630 ab
1292 589 1340 630 iis
1371 589 1544 630 siderum
1571 604 1652 632 ma-

52 666 305 723 gnitudines,
350 664 584 716 intervalla,
630 678 771 705 cursus
813 663 1148 719 anquirebantur,
1196 671 1236 705 et
1269 671 1410 705 cuncta
1446 665 1649 708 caelestia.

56 739 249 784 Socrates
285 747 416 782 autem
449 741 597 797 primus
623 739 906 796 philosophiam
933 739 1145 780 devocavit
1179 753 1201 781 e
1225 739 1364 792 caelo,
1411 747 1451 781 et
1482 741 1521 781 in
1546 741 1651 782 urbi-

53 815 129 858 bus
163 815 396 868 collocavit,
443 823 482 857 et
516 814 557 856 in
595 815 734 856 domus
764 815 882 855 etiam
904 814 1151 866 introduxit,
1196 821 1237 856 et
1261 815 1394 871 coegit
1426 816 1473 857 de
1506 816 1586 858 vita
1613 823 1653 858 et

54 890 232 934 moribus
253 890 450 946 rebusque
473 890 588 932 bonis
620 897 659 931 et
686 890 799 931 malis
826 903 1037 945 quaerere.
1103 896 1170 931 11.
1207 887 1334 932 Cuius
1359 891 1566 947 multiplex
1591 906 1655 933 ra-

55 965 110 1009 tio
142 966 364 1022 disputandi
393 979 603 1021 rerumque
633 965 810 1007 varietas
841 973 880 1006 et
899 966 1044 1021 ingenii
1069 966 1322 1021 magnitudo,
1368 964 1547 1008 Platonis
1571 981 1654 1009 me-

54 1041 180 1083 moria
202 1049 242 1083 et
266 1041 409 1083 litteris
436 1047 688 1093 consecrata,
723 1041 836 1097 plura
858 1055 1006 1096 genera
1033 1042 1165 1082 effecit
1189 1041 1506 1083 dissentientium
1530 1042 1655 1098 philo·

54 1117 285 1174 sophorum.
349 1115 384 1158 E
411 1116 550 1172 quibus
587 1131 659 1158 nos
695 1116 1006 1177 idpotissimum
1034 1119 1237 1158 consecuti
1267 1131 1429 1170 sumus,
1473 1133 1550 1173 quo
1577 1116 1655 1160 So-

55 1199 203 1234 cratem
241 1206 354 1233 usum
390 1191 705 1244 arbitrabamur,
753 1199 795 1233 ut
828 1199 1003 1233 nostram
1038 1192 1110 1248 ipsi
1145 1192 1383 1233 sententiam
1409 1199 1651 1248 tegeremus,

55 1280 194 1309 errore
219 1266 318 1308 alios
341 1266 566 1309 levaremus
592 1274 632 1309 et
652 1268 691 1308 in
719 1267 824 1308 omni
852 1267 1134 1324 disputatione,
1168 1268 1257 1323 quid
1284 1274 1393 1309 esset
1416 1267 1655 1309 simillimum

57 1341 170 1395 veri,
213 1355 513 1398 quaereremus.
579 1341 707 1398 Quem
740 1357 889 1384 morem
924 1358 1041 1398 quum
1070 1340 1302 1384 Carneades
1325 1342 1554 1384 acutissime
1588 1358 1655 1384 co-

57 1473 196 1508 dentem
225 1474 450 1507 accusativum
474 1475 603 1519 positus
627 1482 689 1509 est.
739 1474 841 1517 Quod
877 1482 909 1508 et
934 1478 1078 1508 oriantur
1100 1487 1117 1507 e
1141 1474 1250 1507 terris.

1309 1475 1363 1507 Sic
1388 1475 1420 1508 in
1446 1476 1605 1509 Lucretio
1627 1477 1654 1517 1,

55 1527 169 1554 autem
183 1520 307 1553 latinae
319 1521 593 1565 interpretationi
607 1534 761 1566 graecum
776 1534 841 1553 vo—

875 1520 953 1555 eoo.
978 1528 1213 1565 opponuntur:
1248 1524 1384 1554 recidere
1405 1524 1448 1555 ad
1469 1525 1603 1555 nihilum
1622 1530 1656 1555 et

59 1567 213 1600 cabulum
233 1567 419 1600 subiectum
442 1575 510 1609 est,
536 1568 578 1601 de
599 1580 639 1601 eo
663 1581 693 1601 v.
714 1569 757 1601 ad
781 1570 840 1601 111.

56 1613 122 1653 27,
146 1612 201 1647 65.

132 1659 210 1691 Car.
229 1660 284 1692 1v.
313 1658 364 1692 10.
389 1662 538 1693 institutis
562 1664 589 1693 et
612 1661 746 1705 artibus]
779 1660 842 1692 Al-

58 1711 169 1738 terum
191 1716 313 1738 nomen
337 1705 381 1738 ad
403 1705 592 1739 doctrinam
613 1707 655 1739 de
677 1707 774 1739 rebus
798 1706 842 1739 ad

57 1751 162 1784 vitam
192 1751 443 1795 spectantibus,
480 1752 621 1785 alterum
642 1753 685 1785 ad
707 1753 842 1786 littera—-

59 1809 134 1831 rum
167 1798 354 1842 artiumque
388 1797 601 1842 disciplinam
626 1799 840 1832 referendum

60 1851 122 1877 est.
172 1844 228 1876 Sic
248 1843 430 1888 iunguntur
448 1848 593 1878 instituta
613 1850 641 1879 et
659 1850 842 1887 praecepta,

59 1896 97 1923 ut
118 1889 161 1923 de
182 1889 281 1923 Offic.
300 1892 336 1930 Ι,
356 1892 386 1923 1.
429 1890 471 1923 de
494 1892 625 1924 Amicit.
647 1896 677 1924 4.

129 1947 228 1978 usque
248 1938 292 1969 ad
313 1936 490 1981 Socratem]
524 1939 632 1981 Supra
656 1939 713 1969 Ill.
737 1934 779 1977 4,
802 1938 840 1969 ὃς

61 1992 84 2015 a
102 1993 164 2024 quo
189 1985 248 2026 (sc.
269 1982 420 2023 Socrate)
444 1985 546 2016 omnis
566 1994 646 2025 quae
664 1988 706 2016 est
722 1985 760 2016 de
776 1985 844 2016 vita

61 2032 91 2062 et
111 2030 253 2061 moribus
263 2030 464 2069 philosophia
486 2033 641 2062 manavit.
675 2028 742 2062 Sed
761 2028 844 2061 haec

61 2085 132 2107 non
156 2074 204 2107 ita
230 2073 427 2118 accipienda
450 2082 550 2114 sunt,
575 2088 614 2108 ac
637 2075 664 2107 si
689 2075 842 2119 philoso-

61 2119 124 2164 phi
143 2126 222 2152 ante
241 2122 427 2159 Socratem,
447 2120 606 2165 physicae
627 2128 759 2154 tantum
780 2121 842 2153 de-

63 2165 147 2206 diti,
173 2165 425 2210 philosophiam
448 2168 610 2200 moralem
629 2167 728 2212 plane
752 2167 845 2200 inta-

65 2218 155 2246 ctam
177 2212 399 2257 reliquerint;
424 2225 502 2245 nam
522 2220 556 2245 et
577 2214 785 2258 Pythagoras
811 2221 845 2246 et

63 2258 248 2292 Archelaus
278 2257 322 2292 ad
356 2259 444 2292 hanc
480 2259 670 2293 doctrinam
707 2272 845 2304 operam

63 2304 278 2349 studiumque
310 2316 405 2337 suum
440 2306 674 2345 contulerunt3
712 2313 747 2338 at
779 2308 843 2339 So-

66 2357 174 2384 crates
205 2350 331 2395 primus
361 2351 443 2390 fuit,
483 2352 538 2396 qui
570 2352 657 2385 hanc
690 2352 846 2397 philoso-

64 2396 165 2441 phiae
186 2403 318 2440 partem
342 2397 476 2441 egregie
499 2398 646 2431 excoluit
670 2406 704 2431 et
727 2399 844 2443 perfe-

67 2442 123 2476 cit.
182 2442 272 2475 Hinc
305 2443 432 2476 factum
459 2450 531 2483 est,
566 2452 603 2477 ut
627 2451 758 2477 veteres
783 2457 847 2478 una

67 2499 151 2522 voce
168 2488 332 2522 moralem
348 2489 599 2534 philosophiam
615 2497 810 2535 repeterent
828 2503 847 2524 a

67 2536 219 2568 Socrate.

135 2583 262 2614 numeri
288 2583 464 2624 motusque]
502 2583 552 2615 De
583 2589 751 2615 structura
783 2594 849 2616 nu-

69 2630 149 2660 meri
170 2631 333 2669 motusque
346 2631 578 2670 tractabantur,
602 2633 630 2661 et
643 2631 726 2662 unde
742 2632 851 2662 omnia

70 2677 240 2714 orerentur,
264 2685 311 2706 sc.
333 2674 553 2714 tractabatur,
585 2674 630 2707 cf.
648 2674 692 2707 ad
713 2675 804 2708 Fam.
823 2676 848 2707 Ι.

72 2728 126 2761 ep.
145 2718 187 2752 3:
225 2720 425 2753 commendo
447 2720 510 2753 tibi
534 2720 603 2753 eius
628 2723 737 2754 omnia
756 2731 852 2763 ἠερο-

73 2765 120 2795 tia
144 2782 209 2805 —,
232 2764 269 2797 in
289 2765 474 2811 primisque
496 2770 532 2799 ut
550 2787 596 2792 —
617 2778 695 2800 eum
715 2767 765 2801 ita
786 2771 855 2801 tra-

74 2811 148 2841 ctes.

139 2856 326 2900 reciderent]
353 2857 409 2891 Sic
433 2860 490 2891 Or.
515 2870 542 2891 c.
564 2858 730 2892 nonnullis
757 2858 858 2891 codd.

75 2910 139 2944 pro
171 2899 260 2944 vulg·
291 2905 486 2946 recederent,
531 2916 615 2949 quae
655 2904 858 2938 sententiam

76 2945 222 2978 alienam
252 2946 294 2980 ab
321 2947 390 2981 hoc
414 2949 492 2983 loco
516 2957 625 2983 notat.
683 2951 728 2983 N.
751 2951 793 2982 D.
818 2951 858 2989 11,

875 1578 1008 1600 crescere
1040 1569 1078 1601 de
1103 1570 1218 1608 nihilo,
1253 1567 1299 1600 id.
1322 1569 1361 1604 V.
1388 1569 1474 1602 280:
1510 1572 1599 1609 9i9ni
1621 1576 1657 1601 et

873 1616 1022 1647 recidere.
1071 1615 1135 1647 Pro
1163 1616 1301 1647 recidere
1327 1614 1445 1646 Cicero
1480 1613 1522 1646 de
1552 1616 1656 1659 Legg.

877 1662 909 1699 1,
937 1661 992 1693 23.
1017 1660 1119 1692 dixit:
1155 1670 1253 1702 eaque
1286 1662 1369 1694 unde
1389 1665 1563 1702 generata,
1595 1671 1656 1702 quo

877 1713 1062 1740 recurrant.

947 1755 1090 1785 Socrates
1110 1756 1215 1785 autem
1231 1755 1356 1793 primus
1374 1752 1454 1796 ete.]
1484 1753 1535 1784 Cf.
1554 1751 1656 1785 Acad.

879 1796 956 1835 [4.
987 1800 1025 1831 15
1048 1805 1081 1829 et
1112 1798 1160 1831 16.

947 1847 979 1876 in
1000 1844 1127 1887 domus]
1154 1843 1209 1876 Sic
1226 1843 1345 1887 optimi
1363 1843 1462 1876 codd.
1483 1855 1544 1887 pro
1569 1843 1657 1888 vulg.

875 1893 909 1923 in
931 1892 1051 1922 domos.
1099 1891 1149 1921 De
1180 1890 1306 1922 rariore
1336 1889 1516 1922 accusativi
1548 1890 1659 1923 forma

879 1936 923 1968 cf.
938 1936 1032 1968 Catil.
1047 1937 1103 1969 [V.
1118 1936 1150 1977 6,
1173 1937 1224 1969 12.
1262 1935 1452 1978 offl11.17,
1472 1934 1528 1970 64.
1561 1937 1657 1970 verr.

880 1983 937 2015 1v.
955 1981 994 2021 -l,
1018 1982 1047 2016 7.

958 2029 1009 2061 11.
1036 2030 1179 2061 Platonis
1199 2030 1352 2061 memoria
1375 2032 1403 2060 et
1424 2030 1534 2062 litteris
1552 2037 1659 2061 conse-

878 2075 983 2118 crata]
1019 2075 1063 2106 H.
1082 2086 1109 2106 e.
1136 2074 1284 2107 Platonis
1318 2074 1451 2118 scm'ptis
1477 2074 1658 2107 memoriae

879 2120 1012 2166 prodita
1030 2126 1064 2153 et
1086 2127 1290 2153 consecrata.
1338 2123 1489 2154 Memoria
1508 2132 1609 2164 saepe
1622 2119 1659 2152 id

880 2174 950 2206 est,
988 2166 1080 2211 quod
1112 2166 1250 2200 alicuius
1280 2166 1326 2199 rei
1352 2167 1549 2200 memoriam
1573 2179 1658 2200 con-

878 2220 999 2246 servat.
1036 2225 1068 2257 p.
1084 2212 1248 2253 Sesefie,
1275 2210 1359 2246 142:
1384 2225 1446 2246 nos
1466 2213 1569 2245 etiarn
1591 2213 1660 2246 ho-

879 2266 964 2292 stem
984 2259 1106 2291 litteris
1127 2260 1251 2291 nostris
1273 2264 1307 2290 et
1327 2259 1487 2292 memoria
1508 2259 1659 2292 videmus

881 2318 953 2338 esse
971 2304 1186 2338 celebratum.
1235 2304 1287 2337 Ad
1303 2317 1334 2338 v.
1349 2310 1531 2338 consecrata
1549 2316 1659 2348 comp.

884 2352 918 2386 C.
943 2353 1006 2392 Qu.
1028 2352 1082 2383 Fr.
1106 2352 1131 2383 I.
1155 2352 1193 2390 l,
1231 2352 1288 2384 15:
1327 2363 1428 2395 quum
1449 2351 1660 2396 amplissimis

881 2397 1111 2430 monumentis·
1137 2408 1318 2430 consecrare
1347 2397 1508 2430 voluisses
1539 2408 1662 2430 memo-

881 2447 965 2477 riam
987 2443 1129 2475 nominis
1150 2443 1208 2475 tui.
1234 2442 1276 2474 de
1299 2445 1390 2476 Orat.
1406 2445 1464 2483 ΙΙΙ,
1484 2443 1543 2477 16;
1570 2443 1660 2476 cuius

885 2489 1060 2534 (Socratis)
1103 2489 1274 2533 ingenium
1320 2490 1496 2534 variosque
1530 2500 1660 2521 sermo-

883 2548 942 2569 nes
968 2538 1200 2569 immortalitati
1219 2535 1353 2579 scriptis
1387 2536 1453 2568 suis
1473 2535 1569 2568 Plato
1590 2540 1660 2568 tra-

883 2584 975 2615 didit.

939 2631 1036 2670 plura
1047 2629 1457 2670 genera—dissentientium
1465 2627 1535 2670 ph]
1549 2624 1664 2668 „aipe-

887 2685 978 2714 σεις,
1004 2681 1113 2706 sectas
1135 2672 1433 2716 philosophorum3
1462 2671 1664 2716 Cyrenaicos

886 2720 1072 2764 significat,
1100 2720 1253 2754 Eliacos‚
1280 2718 1489 2760 Eretriacos,
1515 2716 1665 2761 Megari-

891 2778 966 2805 cos,
995 2766 1148 2809 Cynicos,
1175 2764 1319 2802 Stoicos,
1343 2762 1575 2805 Academicos,
1597 2764 1665 2796 Pe-

888 2812 1122 2856 ripateticos.“
1169 2812 1321 2843 Moserus.

960 2862 996 2891 ut
1014 2862 1155 2891 nostram
1168 2856 1250 2897 ete.]
1277 2854 1375 2886 Plura
1395 2854 1438 2886 de
1459 2854 1526 2887 hoc
1548 2853 1667 2898 dispu-

893 2903 989 2936 tandi
1011 2914 1103 2935 more
1125 2902 1154 2934 si
1175 2911 1380 2944 cognoscere
1403 2899 1516 2945 cupis,
1548 2912 1580 2933 v.
1603 2911 1666 2933 nos

895 2949 931 2982 in
967 2949 1054 2981 libro
1091 2948 1124 2979 d.
1161 2948 1199 2980 de
1235 2948 1374 2980 Ciceron-
1410 2948 1446 2980 in
1476 2948 1557 2989 phil.
1590 2956 1669 2980 mer.

76 2989 142 3026 26:
191 2990 271 3036 quia
303 2998 339 3025 et
369 2997 514 3029 recidant
543 2996 657 3029 omnia
687 2995 722 3028 in
753 3001 861 3028 terras
896 2993 990 3039 p.68
1005 2993 1119 3027 -71.

1252 3039 1342 3079 18*
