1843 3101
167 47 253 92 ‘290

171 139 238 180 An
261 135 592 186 Lacedaemonii,
640 132 820 189 Pbilippo
848 133 1042 175 minitanti
1075 147 1145 190 per
1170 133 1345 184 litteras,
1391 143 1437 172 se
1459 130 1615 184 omnia,
1659 147 1760 188 quae

718 52 883 86 Lmen
908 53 950 87 v.
980 52 1044 94 15,
1067 50 1124 87 43.
1147 50 1205 86 44.

174 219 435 263 conarentur,
482 209 792 266 prohibiturum,
841 209 1148 263 quaesiverunt,
1194 222 1285 249 num
1313 221 1356 248 se
1381 213 1492 248 esset
1513 206 1632 248 etiam
1662 209 1761 249 mori

175 288 463 345 proliibiturus3
505 284 566 325 vir
592 284 651 334 is,
686 297 799 338 quem
829 283 1079 338 quaerimus,
1115 298 1191 324 uon
1220 283 1341 323 multo
1365 281 1519 322 facilius
1543 281 1606 322 tali
1633 282 1764 323 animo

1089 356 1219 412 Quid?
1263 357 1310 397 ad
1342 356 1444 397 hanc
1476 355 1763 406 fortitudinem,

176 439 222 478 de
248 450 322 491 qua
345 434 562 489 loquimur,
598 433 855 489 temperantia
879 433 1086 482 adiuncta,
1121 445 1221 486 quae
1247 431 1298 472 sit
1318 430 1564 471 moderatrix
1591 432 1765 472 omnium

175 362 418 419 reperietur,
472 373 587 413 quam
627 358 768 399 civitas
804 359 1018 399 universa?

175 511 498 560 commotionum,
533 508 621 563 quid
648 515 778 563 potest
797 508 843 548 ad
872 508 989 548 beate
1014 507 1223 548 vivendum
1254 507 1394 548 deesse
1415 505 1476 557 ei,
1509 519 1624 561 quem
1656 506 1766 547 sorti-

177 586 270 627 tudo
298 585 346 626 ab
372 583 619 639 aegritudine
651 589 691 623 et
721 597 742 623 a
766 589 870 623 metu
896 583 1088 633 vindicet,
1125 581 1385 637 temperantia
1409 595 1527 635 quum
1559 595 1581 621 a
1605 581 1766 623 libidine

177 667 340 710 avocet,
375 666 454 699 tum
476 658 659 699 insolenti
686 657 892 698 alacritate
913 657 1062 712 gestire
1084 671 1162 697 nou
1189 656 1319 697 sinat?
1380 653 1491 695 Haec
1513 656 1669 698 efficere
1685 657 1768 697 vir-

180 743 299 776 tutem
332 735 609 783 ostenderem,
644 733 717 773 nisi
750 731 1020 787 superioribus
1053 732 1191 772 diebus
1223 736 1358 771 essent
1388 729 1600 786 explicata.

291 807 392 850 XV.
434 815 502 851 43.
547 808 678 862 Atque
704 821 818 861 quum
845 807 1160 862 perturbationes
1184 806 1303 847 animi
1327 806 1548 856 miseriam,
1595 806 1768 847 sedatio-

180 899 252 926 nes
280 891 408 925 autem
438 883 555 923 vitam
585 882 753 922 etliciant
775 882 954 930 beatam,
991 880 1212 936 duplexque
1240 880 1341 921 ratio
1366 881 1674 936 perturbationis
1700 881 1767 934 sit,
1805 918 1814 925 ,

180 960 281 1015 quod
301 958 506 1012 aegritudo
530 964 568 996 et
595 963 721 996 metus
744 956 781 995 in
812 956 923 995 malis
954 955 1122 1009 opinatis
1138 987 1148 1004 ,
1197 954 1236 994 in
1262 954 1454 995 bonorum
1477 961 1608 996 autem
1631 969 1770 997 errore

182 1033 328 1075 laetitia
360 1033 536 1087 gestiens
572 1031 768 1084 libidoque
795 1038 1001 1080 versetur,
1050 1044 1166 1084 quum
1202 1029 1297 1069 baec
1327 1029 1458 1070 omnia
1492 1044 1578 1070 eum
1603 1031 1772 1078 consilio

182 1116 223 1149 et
245 1108 397 1149 ratione
425 1113 620 1162 pugnent:
657 1106 716 1146 bis
748 1112 787 1144 tu
817 1112 892 1145 tam
921 1105 1110 1159 gravibus
1141 1104 1472 1146 concitationibus
1495 1111 1651 1159 tamque
1676 1105 1771 1160 ipsis

182 1184 286 1224 iuter
311 1197 354 1223 sc
381 1180 703 1222 dissentientibus
732 1187 848 1234 atque
877 1180 1073 1220 distractis
1100 1193 1215 1235 quem
1244 1193 1436 1230 vacuum,
1483 1180 1678 1231 solutum,
1724 1179 1771 1221 li-

183 1259 317 1299 berum
343 1256 513 1306 videris,
548 1255 649 1296 bunc
671 1254 865 1295 dubitabis
890 1254 1045 1295 beatum
1069 1255 1228 1295 dicere?
1287 1253 1409 1309 Atqui
1433 1254 1592 1310 sapiens
1616 1269 1775 1310 semper

182 1333 237 1373 ita
268 1333 434 1372 all'ectus
463 1337 540 1370 est.
615 1328 784 1384 Semper
817 1329 936 1383 igitur
970 1329 1129 1384 sapiens
1162 1329 1302 1369 beatus
1334 1335 1411 1370 est.
1482 1329 1615 1384 Atque
1652 1331 1771 1371 etiam

184 1420 300 1448 omne
324 1406 466 1446 bonum
487 1404 668 1446 laetabile
698 1411 780 1454 est,
825 1403 925 1458 quod
947 1410 1077 1443 autem
1103 1403 1306 1454 laetabile,
1340 1402 1377 1444 id
1405 1403 1709 1459 praedicandum
1734 1411 1775 1445 et

186 1495 279 1534 prae
303 1494 347 1521 se
372 1480 600 1530 ferendum3
634 1479 735 1534 quod
759 1479 835 1518 tale
856 1485 985 1518 autem
1002 1510 1011 1528 ‚
1048 1478 1082 1518 id
1105 1479 1220 1519 etiam
1240 1478 1483 1533 gloriosum3
1517 1477 1550 1519 si
1570 1492 1669 1520 vero
1689 1479 1774 1533 glo-

184 1556 355 1606 riosum,
399 1562 507 1594 certe
533 1553 754 1604 laudabile,
800 1552 901 1607 quod
929 1552 1120 1594 laudabile
1145 1560 1300 1604 autem,
1350 1553 1527 1609 profecto
1560 1554 1678 1594 etiam
1704 1554 1774 1595 bo-

186 1636 368 1680 uestum3
416 1629 517 1684 quod
541 1628 683 1668 bonum
706 1627 848 1682 igitur,
896 1627 931 1667 id
956 1627 1180 1668 honestum.
1245 1633 1314 1669 44.
1349 1626 1406 1668 At
1441 1642 1541 1683 quae
1557 1628 1634 1669 -isti
1671 1629 1775 1670 bona

185 1710 414 1755 numerant,
450 1717 499 1744 ne
522 1703 593 1758 ipsi
620 1702 773 1757 quidem
800 1701 965 1742 honesta
987 1702 1143 1742 dicunt:
1178 1702 1303 1742 solum
1328 1702 1450 1757 igitur
1468 1702 1639 1755 bonum,
1673 1703 1776 1759 quod

187 1830 300 1857 terunt
321 1843 366 1848 —
387 1823 549 1867 profiteri,
576 1842 617 1847 —
644 1823 755 1854 omnia
777 1842 822 1847 —
843 1822 906 1854 sibi
928 1822 961 1854 in

188 1882 260 1902 sese
280 1881 352 1902 esse
374 1869 493 1913 positu.
544 1869 704 1901 Similiter
723 1880 822 1912 saepe
846 1871 904 1901 sibi
922 1880 961 1899 ex

187 1915 390 1948 abundantia
426 1915 567 1958 quadum
601 1915 735 1947 additur
772 1914 962 1958 pronomini

189 1972 276 1994 suus.
308 1963 444 1994 Terent.
466 1961 607 2004 Adelph.
628 1962 667 1992 V.
689 1965 721 1998 8,
743 1961 805 1993 35:
828 1971 884 1993 suo
904 1963 963 1992 sibi

188 2006 300 2050 gladio
323 2006 410 2038 hunc
433 2007 555 2049 iugulo.
603 2008 642 2040 V.
668 2008 845 2039 Forcellinii
869 2006 963 2039 The-

189 2063 320 2084 saurum
345 2065 377 2083 v.
402 2063 462 2084 sut.

258 2101 306 2130 An
326 2100 567 2130 Lacedaemonii
593 2117 640 2122 —-
660 2100 883 2139 quaesiverunt
901 2109 963 2138 -;

190 2146 241 2176 vir
257 2146 285 2176 is
303 2161 348 2167 —-
367 2147 537 2184 reperietur
551 2144 640 2188 —?]
669 2143 857 2176 Observent
878 2144 964 2175 tiro-

192 2200 250 2221 nes
280 2189 368 2220 hanc
389 2201 407 2220 a
430 2189 577 2225 minore,
615 2190 672 2221 sed
698 2197 789 2222 certa
812 2195 846 2220 et
871 2197 963 2221 extra

191 2246 325 2267 omnem
342 2234 584 2266 dubitationem
606 2235 716 2278 posita
735 2247 770 2267 re
791 2234 834 2266 ad
848 2235 962 2273 maius,

191 2280 251 2313 sed
274 2279 433 2321 dubium,
468 2280 687 2312 conclusionis
718 2281 964 2313 conformatio-

193 2338 269 2358 nem
292 2325 382 2370 apud
403 2325 550 2358 Tullium
574 2326 829 2358 usitatissimam.
872 2327 963 2359 Infra

193 2385 221 2405 c.
240 2373 284 2406 32
298 2397 306 2412 ‚
327 2371 383 2405 90.
403 2371 505 2403 Acad.
526 2372 566 2402 ΙΙ.
589 2371 649 2403 41:
685 2382 728 2404 an
746 2372 865 2404 Stoicis
884 2372 964 2416 ipsis

192 2417 281 2450 inter
311 2428 347 2449 se
372 2416 580 2461 disceptare,
616 2416 696 2448 mihi
725 2429 798 2449 eum
828 2418 868 2449 iis
895 2430 962 2450 non

195 2463 336 2496 licebit?
371 2474 433 2506 pro
458 2462 557 2495 Arch.
582 2469 682 2505 poeta
703 2463 789 2501 XII,
812 2463 877 2496 30:
916 2467 963 2496 An

193 2516 320 2541 statuas
355 2515 389 2540 et
418 2508 578 2551 imagines
608 2527 654 2531 --
686 2507 835 2540 studiose
867 2509 963 2540 multi

191 2555 311 2588 summi
331 2554 482 2587 homines
502 2553 724 2597 reliquerunt;
750 2553 963 2586 consiliorum

193 2601 382 2644 relinquere
412 2612 451 2633 ac
482 2600 641 2632 virtutum
672 2605 861 2630 nostrarum
884 2600 963 2630 esti-

193 2646 281 2690 giem
303 2658 414 2679 nonne
433 2646 539 2679 multo
560 2645 658 2678 malle
677 2644 846 2682 debemus,
870 2656 962 2676 sum-

194 2692 256 2724 mis
278 2691 418 2736 ingeniis
440 2703 630 2735 expressam
652 2697 686 2723 et
706 2689 875 2733 politam?
908 2691 962 2722 Si-

192 2738 304 2770 milem
334 2737 557 2771 conclusionis
579 2738 722 2770 formam
738 2747 837 2779 supra
857 2734 901 2768 ad
922 2737 964 2768 11.

195 2784 247 2823 17,
265 2782 322 2817 39.
338 2782 492 2816 vidimus.
527 2783 579 2816 Cf.
591 2795 655 2816 nos
665 2782 700 2815 in
716 2782 775 2814 Gr.
786 2782 826 2813 L.
846 2783 874 2827 §.
889 2781 963 2822 159,

195 2829 227 2862 3.
243 2840 276 2872 p.
288 2827 365 2863 448.
387 2829 439 2862 ed.
452 2830 485 2862 2.

258 2877 432 2917 minitanti]
458 2875 568 2907 Bentl.
586 2874 672 2908 coni.
692 2875 866 2907 minitante.
891 2873 965 2905 Da-

193 2918 299 2952 tivum
315 2920 460 2954 Wolfius
477 2932 538 2965 per
555 2919 781 2954 anacoluthon
797 2917 964 2963 explicare

997 1821 1120 1855 studet.
1167 1822 1330 1865 Opinatur
1353 1821 1452 1862 enim,
1479 1822 1676 1856 Ciceronem
1699 1823 1773 1867 pri-

996 1879 1086 1900 mum
1106 1870 1334 1908 responderunt
1353 1868 1499 1900 scn‘bere
1519 1868 1683 1909 voluisse,
1710 1869 1774 1902 de-

998 1914 1078 1946 inde
1112 1921 1243 1951 autem,
1280 1925 1379 1958 quum
1404 1914 1577 1958 responsio
1602 1914 1636 1946 in
1667 1926 1774 1959 quae-

997 1960 1108 1992 stione
1134 1966 1314 1998 constaret,
1341 1960 1590 1993 constructione
1611 1960 1774 1994 excidisse

1000 2013 1033 2038 et
1055 2005 1176 2037 dixisse
1206 2008 1438 2047 quaesiverunt.
1485 2008 1620 2040 Orellius
1639 2006 1682 2039 ad
1700 2018 1775 2039 eam

998 2052 1158 2084 inclinare
1180 2051 1313 2083 videtur
1331 2051 1544 2092 sententiam,
1564 2059 1601 2085 ut
1615 2055 1776 2086 minitanti

999 2109 1062 2141 pro
1096 2097 1233 2129 ablativi
1266 2097 1375 2130 forma
1413 2097 1605 2131 habendum
1636 2104 1775 2139 statuat,

1000 2143 1124 2179 dicens.
1148 2145 1350 2176 Bentleianae
1369 2143 1515 2188 regulae,
1542 2156 1605 2188 qua
1624 2144 1774 2177 ablativo

999 2189 1168 2233 participii
1195 2192 1275 2232 (non
1299 2188 1471 2232 adiectivi,
1494 2197 1531 2223 ut
1550 2190 1678 2233 recenti)
1700 2190 1775 2223 for-

999 2247 1085 2267 mam
1119 2236 1153 2267 in
1184 2245 1200 2267 e
1231 2235 1420 2267 necessario
1453 2235 1665 2268 tribuendam
1702 2247 1775 2268 esse

999 2280 1100 2313 docet
1121 2280 1177 2325 (ad
1198 2281 1319 2313 Horat.
1340 2280 1447 2314 Carm-
1468 2283 1493 2314 1.
1512 2283 1567 2322 25,
1592 2281 1659 2323 17),
1683 2289 1775 2315 certe

999 2326 1098 2359 codd.
1132 2337 1233 2370 saepe
1255 2326 1436 2370 refragari,
1463 2327 1515 2360 vel
1533 2327 1624 2360 inter
1644 2333 1774 2360 utram-
1832 2355 1833 2358 ,

998 2384 1062 2416 que
1077 2374 1221 2405 formam
1235 2372 1386 2406 fluctuari
1402 2373 1454 2405 vel
1470 2372 1615 2417 denique
1630 2373 1773 2406 formam

997 2418 1030 2450 in
1051 2421 1062 2450 i
1083 2417 1270 2450 necessario
1298 2425 1406 2451 metro
1428 2418 1618 2462 efflagitari.
1665 2419 1773 2452 Etiam

998 2466 1140 2496 Klotzius
1161 2463 1374 2508 participium
1404 2467 1564 2498 minitanti
1595 2475 1659 2507 pro
1676 2464 1773 2496 abla-

996 2508 1066 2541 tivo
1088 2510 1200 2542 habet.
1247 2510 1356 2550 Quam
1375 2510 1541 2542 rationem
1563 2509 1655 2542 nullo
1669 2509 1773 2543 modo

996 2555 1140 2596 probare
1163 2567 1314 2598 possum;
1349 2567 1427 2587 nam
1459 2567 1502 2587 ne
1531 2566 1614 2587 unus
1638 2555 1772 2599 quidem

997 2601 1085 2643 apud
1108 2601 1305 2634 Ciceronem
1322 2600 1355 2632 in
1377 2600 1526 2644 pedestri
1544 2600 1698 2634 oratione
1715 2613 1774 2634 re·-

998 2645 1126 2688 peritur
1144 2646 1237 2679 locus
1250 2672 1258 2686 ,
1282 2646 1317 2678 in
1339 2657 1406 2690 quo
1425 2645 1589 2678 ablativus
1609 2647 1679 2679 veri
1694 2659 1775 2691 par—

997 2690 1103 2733 ticipii
1116 2717 1124 2730 ‚
1148 2691 1346 2734 praesertim
1369 2691 1424 2724 ubi
1442 2691 1478 2723 id
1497 2691 1531 2724 in
1552 2691 1775 2726 ablativorum

999 2735 1230 2769 absolutorum
1271 2747 1355 2781 quae
1388 2737 1577 2781 appellatur
1607 2745 1775 2772 structura

998 2781 1110 2814 locum
1133 2782 1257 2825 habet,
1291 2781 1423 2816 desinat
1452 2783 1486 2815 in
1507 2786 1530 2816 i.
1578 2784 1689 2825 Quare
1710 2795 1775 2828 ego

998 2838 1088 2906 nqpc
1105 2827 1222 2860 Wolfii
1242 2827 1500 2872 explicationem
1519 2830 1774 2874 amplexaan

997 2885 1034 2906 ar
1059 2873 1154 2907 itror.
1484 2871 1486 2876 ⁸

1069 2919 1150 2951 cip.
1164 2919 1243 2952 XV.
1267 2915 1324 2954 43.
1349 2923 1446 2962 Atque
1465 2922 1577 2964 quum]
1603 2921 1671 2962 Qui
1693 2932 1773 2966 per-
1803 2937 1809 2941 -
