1843 3101
188 8 272 52 264
647 25 815 59 LIBER
839 28 897 62 iv.
921 27 984 71 34,
1010 29 1065 64 73.
1088 30 1155 72 35,
1178 31 1234 68 74.
1256 32 1310 68 75.

268 122 321 129 --
353 125 407 130 —
434 102 614 155 siquidem
643 109 698 145 se't
723 108 919 161 quisqua'm
948 112 1053 160 deus,

268 176 342 214 an'
367 189 436 227 ego
464 180 534 216 sim
563 182 706 219 curae!

192 251 261 287 73.
294 246 351 288 At
375 248 412 288 id
439 256 523 290 erat
545 251 628 293 deis
657 254 837 297 omnihus
858 258 1096 313 curandum,
1142 262 1463 317 quemadmodum
1483 264 1545 310 hio
1565 267 1763 310 frueretur

189 319 388 376 voluptate
418 325 624 367 amatoria.

267 417 321 424 —·
349 418 408 426 —-
435 400 519 438 Heu
548 404 605 439 me}
635 404 819 456 zbigsblceem
833 409 849 444 l

189 465 300 507 Nihil
329 470 478 512 verius.
538 471 670 516 Probe
701 484 740 517 et
769 478 856 520 ille:

263 565 321 572 —
350 543 523 585 Sanusne
551 562 590 587 es
603 579 614 597 ‚
649 555 718 603 qui
744 556 880 594 temere
910 557 1149 597 lamentum?

189 613 257 655 Sic
286 615 448 659 insanus
479 620 635 662 videtur
665 625 779 666 etiam
811 629 910 670 suis.
972 629 1030 670 At
1060 646 1153 686 quas
1185 635 1408 688 tragoedias
1439 636 1581 678 eflicit?

264 691 325 737 Te,
352 695 494 743 Apbllo
511 705 653 746 sancte,
675 701 747 752 ser
761 708 892 753 opem!
923 711 1042 758 leque,
1070 711 1303 760 omnipotens
1319 712 1506 762 Neptune,
1541 711 1692 762 invoco,-

261 765 405 818 lbsque
435 771 530 807 (ideo
561 775 688 812 venle'!

186 832 378 879 Mundum
402 847 525 883 totum
549 858 593 886 se
615 846 664 886 ad
689 861 862 890 amorem
885 865 998 892 suum
1023 853 1306 897 sublevandum
1327 871 1610 901 conversurum
1635 868 1760 916 putat,

187 906 386 954 Venerem
418 929 532 956 uuam
564 920 761 974 excludit,
797 931 837 964 ut
866 925 1063 980 iniquam:

259 1008 316 1014 -—
345 990 448 1027 Nclm
478 994 570 1042 qnid
597 1008 667 1044 ego
698 1002 734 1034 te
761 1001 941 1049 appellem
953 1031 964 1048 ,
1002 1003 1153 1041 Ιίνιιις]

183 1053 283 1097 Eam
307 1073 400 1114 prae
425 1062 582 1106 libidine
608 1076 725 1123 negat
749 1084 890 1113 curare
915 1074 1136 1129 quicquam.
1199 1075 1326 1130 Quasi
1346 1092 1443 1120 vero
1464 1080 1546 1135 ipse
1571 1096 1651 1124 non
1671 1096 1762 1138 pro·

186 1136 272 1184 pter
301 1132 499 1178 libidinem
533 1146 639 1182 tanta
670 1143 816 1200 flagitia
849 1154 888 1187 et
918 1148 1059 1201 faciat,
1094 1157 1133 1191 et
1163 1151 1280 1192 dicat.

293 1204 480 1253 XXXV.
531 1220 599 1256 74.
635 1214 703 1258 Sic
736 1219 855 1274 igitur
880 1222 1021 1263 affecto
1051 1224 1148 1265 haec
1172 1226 1388 1267 adhibenda
1411 1228 1563 1270 curatio
1590 1238 1676 1284 est,
1720 1240 1763 1273 ut

183 1284 221 1318 ct
248 1279 366 1334 illud,
419 1287 519 1340 quod
555 1290 706 1345 cupiat,
749 1296 931 1336 ostendat
960 1311 1073 1351 quam
1110 1299 1221 1351 leve,
1270 1315 1384 1355 quam
1414 1306 1758 1358 contemnendum,

183 1365 296 1406 quam
319 1356 426 1398 nihili
456 1360 507 1401 sit
527 1365 709 1417 omnino,
753 1382 866 1421 quam
894 1370 1008 1412 facile
1027 1372 1091 1412 vel
1114 1373 1294 1426 aliunde,
1340 1376 1404 1416 vel
1431 1376 1508 1418 alio
1530 1379 1643 1419 modo
1670 1394 1760 1435 per-

180 1425 266 1477 fici,
313 1430 378 1471 vel
403 1433 562 1476 omuino
593 1439 736 1493 negligi
762 1442 900 1495 possit.
962 1444 1230 1489 Abducendus
1253 1449 1370 1490 etiam
1395 1458 1456 1491 est
1481 1465 1760 1508 nonnunquam

182 1500 228 1540 ad
249 1502 321 1543 alia
341 1506 482 1557 studia,
515 1510 814 1566 sollicitudines,
850 1531 991 1570 curas,
1025 1521 1206 1576 negotia,
1239 1522 1315 1563 loci
1339 1524 1505 1579 denique
1526 1527 1756 1581 mutatione,

179 1580 361 1630 tanquam
387 1584 537 1635 aegroti
561 1599 638 1626 non
667 1590 1018 1644 convalescentes,
1052 1582 1170 1650 saepe
1192 1598 1386 1639 curandus
1406 1605 1489 1650 est,
1537 1606 1606 1642 75.
1643 1602 1758 1643 etiam

180 1661 284 1690 novo
317 1652 470 1706 quidam
501 1671 634 1700 amore
660 1670 835 1704 veterem
864 1680 1062 1720 amorem,
1108 1676 1291 1725 tanquam
1326 1671 1439 1714 clavo
1463 1673 1641 1726 clavum,
1689 1676 1759 1717 eii-

250 1771 426 1816 Siquidem]
463 1776 527 1809 Hic
561 1786 595 1810 et
623 1789 798 1825 sequentes
835 1797 948 1818 versus

180 1820 256 1845 suut
285 1818 455 1852 trochaici.
504 1823 658 1858 Ceterum
693 1836 769 1871 post
801 1842 833 1862 v.
856 1842 950 1864 curae

180 1859 366 1895 tollendum
388 1865 519 1900 videtur
537 1869 665 1913 signum
689 1875 948 1910 exclamationi&

181 1905 296 1938 Oratio
315 1907 500 1955 interrupta
526 1923 596 1955 est,
626 1925 661 1950 ut
685 1920 842 1963 apodosis
868 1925 950 1966 (effi-

181 1952 315 2003 ciem—‘ut
339 1964 443 1989 amore
464 1961 580 2003 potiar)
608 1965 793 2008 supplenda
818 1967 873 2000 sit.

256 1999 303 2029 id.
338 2002 418 2043 deis]
458 2005 508 2036 De
540 2006 604 2040 hac
626 2009 735 2043 forma
758 2025 789 2045 v.
821 2025 883 2045 nos
915 2014 948 2046 in

181 2039 221 2070 L.
242 2041 297 2073 Gr.
324 2045 351 2079 (5.
367 2047 418 2079 15.
440 2049 518 2083 Not.
532 2050 562 2084 4.
589 2065 620 2096 p.
636 2056 689 2088 25.
711 2057 763 2088 ed.
778 2058 809 2092 2.

248 2088 346 2121 Probe
376 2096 403 2123 et
433 2096 496 2139 ille]
540 2098 589 2130 De
615 2099 680 2133 hoc
707 2106 734 2134 et
760 2115 791 2135 v.
821 2104 864 2136 ad
891 2107 950 2138 ΙΙΙ.

182 2129 224 2163 13
269 2132 280 2143 ‘
309 2136 322 2163 '.

235 2134 426 2218 ἰτῗιίοεάἰαε
445 2186 554 2228 efficit]
580 2190 620 2222 V.
644 2192 778 2225 Erneslii
799 2194 889 2227 Clav.
914 2208 947 2229 v.

177 2223 367 2263 tragoediae.
393 2246 435 2251 —-
476 2232 604 2272 Efficere
625 2247 685 2278 pro
710 2239 835 2282 vulgari
860 2245 949 2274 exci—

178 2270 266 2344 lqlre,
303 2275 339 2301 ut
367 2282 401 2314 p.
422 2274 495 2306 Mil.
519 2278 571 2310 18.
596 2279 735 2315 dieitur:
772 2289 854 2327 trag.
888 2298 949 2320 ex-

177 2322 285 2345 crare.

192 2400 201 2411 τ
248 2360 359 2412 asipollo
381 2366 501 2407 sancte]
537 2367 667 2402 Dicitur
689 2374 778 2416 apud
803 2376 948 2410 Graecos

179 2414 285 2446 αγνος
302 2404 392 2446 ζτεός.
425 2410 465 2442 V.
482 2413 523 2443 K.
539 2414 574 2445 O.
589 2416 701 2449 Miiller
725 2419 948 2455 Geschichten

179 2448 300 2481 hellen.
324 2452 480 2488 stamme.
504 2457 567 2489 Die
582 2460 710 2493 Dorier.
734 2465 773 2496 T.
786 2467 810 2497 1.
826 2467 947 2509 p.302.

180 2537 189 2544 θ
243 2505 322 2534 prae
341 2499 483 2548 tibidine]
519 2505 587 2542 „So
606 2510 685 2546 prae
707 2508 739 2540 in
764 2509 823 2542 der
845 2512 949 2554 Regel

178 2549 215 2586 ¹¹³,
237 2549 415 2583 negativeu
439 2547 597 2580 Sistzenfl
632 2554 732 2585 Klotz.
771 2555 822 2586 Cf.
843 2558 867 2589 Ι.
892 2558 947 2597 42,

180 2584 264 2617 101:
295 2588 407 2622 Solem
431 2602 511 2632 prae
533 2594 714 2630 iaculorum
735 2600 948 2633 multitudine

179 2634 213 2660 et
236 2631 430 2673 sagittarum
452 2649 513 2672 non
538 2640 703 2675 videbitis.
755 2645 804 2679 Cf.
829 2657 889 2678 nos
911 2647 947 2679 iu

177 2673 217 2705 L.
243 2675 302 2708 Gr.
327 2681 456 2722 §.1122
479 2683 510 2718 9.
531 2685 657 2728 p.243.
679 2689 731 2722 ed.
744 2690 775 2723 2.

245 2723 369 2763 flagitia
393 2745 438 2751 —
459 2731 560 2773 dicat]
598 2733 648 2766 De
680 2735 743 2768 hac
777 2735 947 2770 locutione

177 2765 316 2844 ἔξεον-ἕε-
340 2781 511 2816 comparat
530 2777 572 2809 N.
586 2778 629 2812 D.
649 2781 708 2821 III,
725 2781 780 2816 38.
800 2782 843 2814 ad
855 2783 948 2816 Fam.

239 2835 247 2850 ,
296 2816 326 2846 Δ.

247 2856 325 2890 cst.
339 2860 489 2898 XXXV.
511 2864 565 2901 74.
599 2873 626 2902 ec
654 2872 749 2914 illud]
783 2873 947 2906 Particula

112 2939 116 2944 ⁵
177 2901 204 2929 et
225 2898 270 2932 ita
292 2905 401 2945 positu
427 2916 497 2952 est,
533 2924 572 2945 ac
603 2915 630 2946 si
655 2924 810 2960 sequatur
835 2923 863 2951 et
883 2922 948 2960 ipse

983 1790 1181 1830 abducatur3
1226 1789 1366 1823 alterum
1411 1798 1522 1825 autem
1557 1795 1753 1836 membrum,

985 1834 1075 1877 quod
1097 1835 1198 1878 priori
1222 1835 1271 1867 illi
1294 1840 1320 1868 et
1343 1839 1422 1870 illud
1446 1839 1668 1882 respondeat,
1703 1841 1758 1874 la—

984 1885 1033 1912 tet
1045 1879 1078 1910 in
1093 1880 1219 1912 verbis:
1243 1881 1455 1916 abducendus
1469 1887 1564 1917 etiam
1580 1892 1641 1917 est.
1664 1886 1757 1920 Haec

984 1932 1095 1957 autem
1123 1926 1255 1958 dicendi
1291 1927 1411 1971 figura,
1447 1930 1627 1963 secundum
1659 1943 1757 1975 quam

983 1971 1017 2002 in
1042 1971 1329 2005 distributionibus
1353 1981 1431 2017 post
1454 1975 1542 2018 prius
1573 1977 1756 2010 membrum

982 2016 1124 2049 alterum
1140 2018 1184 2050 ita
1200 2018 1304 2057 deest,
1329 2027 1364 2052 ut
1380 2020 1412 2052 in
1429 2021 1492 2054 alia
1510 2023 1756 2055 constructione

983 2062 1104 2102 lateat,
1131 2076 1149 2095 a
1173 2065 1396 2106 grammaticis
1410 2092 1417 2105 ‚
1443 2067 1489 2099 uti
1510 2079 1609 2111 supra
1631 2068 1674 2100 ad
1695 2070 1754 2104 111.

986 2108 1047 2147 17,
1069 2108 1123 2141 36.
1150 2110 1310 2149 vidimus,
1341 2111 1461 2144 dicitur
1480 2116 1752 2154 Anantapodoton.

986 2153 1038 2185 Cf.
1067 2154 1237 2188 Adnotata
1258 2156 1290 2187 in
1313 2157 1373 2188 III.
1392 2156 1455 2199 26,
1477 2156 1540 2191 ὅδε
1571 2163 1606 2191 et
1629 2162 1756 2192 Aeschi-

983 2209 1045 2231 nes.
1072 2200 1125 2230 IV.
1150 2201 1215 2240 27,
1238 2200 1301 2234 59:
1336 2213 1432 2243 neque
1460 2206 1559 2236 omnis
1580 2207 1755 2246 aegritudo.

984 2244 1142 2276 Similiter
1164 2258 1262 2289 supra
1286 2248 1310 2278 Ι.
1333 2248 1389 2287 24,
1409 2248 1473 2283 57:
1499 2251 1590 2281 habet
1613 2250 1755 2293 primum

982 2293 1188 2324 memorium:
1212 2291 1328 2335 quibus
1343 2292 1376 2325 in
1394 2295 1607 2337 sequentibus
1624 2296 1678 2335 25,
1697 2295 1754 2329 61.

982 2336 1208 2378 respondent:
1244 2337 1333 2377 Quid
1367 2341 1424 2371 illa
1456 2342 1515 2373 vis.
1565 2340 1620 2373 Sic
1655 2347 1756 2384 saepe

978 2384 1119 2421 primum
1150 2383 1306 2425 ponitur,
1342 2391 1502 2428 sequente
1525 2388 1638 2427 eliam,
1671 2396 1756 2427 vero,

983 2431 1109 2468 autem,
1143 2428 1197 2460 vel
1221 2429 1358 2462 omnino
1380 2430 1446 2463 alio
1468 2431 1653 2471 vocabulo,
1688 2442 1754 2474 quo

985 2481 1219 2515 compensatur
1242 2475 1404 2516 particula
1432 2478 1566 2517 deinde;
1601 2487 1700 2519 supra
1726 2477 1753 2508 Ι.

986 2516 1037 2556 13,
1060 2518 1115 2550 30.
1139 2519 1227 2551 infra
1249 2521 1288 2551 V.
1316 2521 1371 2559 27,
1394 2521 1457 2555 78:
1479 2524 1620 2561 primum
1639 2521 1672 2562 ii,
1700 2521 1756 2564 qui

983 2561 1148 2604 sapientes
1185 2564 1350 2597 habentur
1375 2578 1441 2596 —:
1483 2566 1637 2598 mulieres
1671 2576 1755 2599 vero.

984 2617 1010 2637 c.
1036 2604 1090 2646 40,
1114 2609 1197 2642 117:
1225 2610 1280 2653 qui
1299 2612 1439 2650 primum
1460 2621 1521 2653 per
1539 2623 1575 2643 se
1596 2611 1659 2654 ipsi
1679 2612 1756 2654 ple—

982 2662 1120 2694 rumque
1147 2654 1328 2687 conficiunt
1360 2655 1552 2695 hominem3
1589 2659 1638 2689 sin
1667 2657 1757 2690 forte

981 2695 1226 2740 longinquitate
1258 2699 1414 2742 producti
1440 2707 1520 2733 cett.
1568 2702 1608 2735 V.
1635 2714 1697 2735 nos
1721 2703 1756 2736 in

981 2741 1021 2772 L.
1037 2742 1093 2773 Gr.
1109 2743 1137 2785 §-
1152 2743 1225 2776 165.
1239 2745 1320 2777 Not.
1333 2745 1364 2777 2.
1379 2757 1412 2788 p.
1423 2743 1487 2780 461
1503 2758 1551 2791 sq.
1582 2748 1633 2780 De
1652 2748 1757 2781 Grae—

984 2785 1029 2818 cis
1053 2787 1103 2825 cf.>
1128 2799 1190 2820 nos
1220 2789 1263 2821 ad
1283 2790 1444 2834 Xenoph.
1470 2792 1695 2827 Commentar.
1711 2795 1754 2826 ΙΙ.

982 2830 1022 2872 6,
1045 2831 1074 2865 1.

1049 2880 1205 2922 ostendat]
1226 2880 1457 2925 Repete-ndum
1475 2890 1525 2916 est
1544 2884 1681 2917 verbum
1701 2894 1755 2917 cu-

982 2926 1073 2955 ratio.
