1843 3101
165 41 256 88 250
760 53 1008 87 L1BEn1v.
1033 51 1097 95 24,
1122 52 1178 87 53.

281 132 448 177 XXIV.
482 140 552 175 55.
590 131 780 174 Dicamus
803 132 925 188 igitur
951 133 1083 175 utilem
1107 133 1330 175 insaniam?
1387 131 1535 176 Tracta
1559 133 1756 175 delinitio-

167 222 240 252 nes
271 209 534 259 fortitudinis,
582 207 803 262 intelliges,
838 221 923 248 eam
944 208 1148 250 stomacho
1166 222 1244 249 non
1267 222 1401 264 egere.
1462 206 1674 250 Fortitudo
1693 216 1756 250 est

164 283 288 341 igitur
318 283 476 324 affectio
507 281 626 322 animi
657 282 732 336 legi
759 297 934 324 summae
965 283 1004 324 in
1029 283 1293 339 perpetiendis
1315 283 1434 325 rebus
1458 282 1752 339 obtemperans,

165 359 233 401 vel
259 357 510 399 conservatio
538 357 689 397 stabilis
711 356 843 398 iudicii
872 358 911 398 in
934 358 993 398 eis
1018 357 1161 412 rebus,
1195 371 1294 412 quae
1316 357 1594 399 formidolosae
1616 356 1755 398 viden-

164 440 245 484 tur,
279 432 492 473 subeundis
517 439 557 472 et
580 431 832 486 repellendis,
866 432 931 473 vel
952 432 1117 473 scientia
1140 445 1271 472 rerum
1295 432 1638 473 formidolosarum
1658 444 1754 471 con·
1801 454 1812 458 κ

163 507 452 562 trariarurnque
493 513 561 547 aut
601 507 760 547 omnino
805 506 1133 561 negligendarunr
1166 520 1412 548 conservans
1454 520 1588 548 earum
1619 519 1754 547 rerum

163 581 304 623 stabile
329 581 530 633 iudicium,
563 581 628 623 vel
650 581 827 633 brevius,
861 589 904 622 ut
927 579 1197 638 Chrysippus:
1231 606 1288 611 ——-
1319 595 1408 622 nam
1434 580 1661 637 superiores
1685 580 1753 621 de-

163 656 362 697 finitiones
390 662 505 697 erant
532 653 722 712 Sphaeri,
772 656 939 697 hominis
962 656 1002 697 iu
1027 657 1161 709 primis
1186 656 1286 697 bene
1311 655 1562 708 definientis,
1607 661 1651 695 ut
1682 668 1752 710 pu-

164 738 249 773 tant
282 728 432 782 Stoici3
481 737 573 771 sunt
607 731 708 771 enim
748 732 908 772 omnino
940 746 1078 772 omncs
1116 732 1199 772 sere
1232 731 1403 781 similes,
1448 730 1517 772 sed
1548 729 1751 771 declarant

163 819 392 847 communes
417 805 599 846 notiones
634 806 710 846 alia
741 806 866 860 magis
898 806 973 846 alia
1004 830 1059 836 —-—
1091 820 1167 860 quo
1192 806 1306 846 modo
1329 805 1450 860 igitur
1476 802 1753 861 Chrysippus?

161 878 371 922 Fortitudo
415 886 500 931 est,

162 955 282 996 animi
320 955 360 994 in
399 954 581 1008 patiendo
617 968 662 994 ac
695 955 931 1009 perferendo
969 968 1144 994 summae
1181 955 1256 1009 legi
1291 968 1435 1009 parens
1469 953 1556 994 sine
1590 952 1747 993 timore.

1495 1033 1627 1067 metuo
1642 1058 1653 1078 ,
1701 1039 1750 1066 ne

553 879 700 934 inquit,
749 880 913 920 scientia
953 894 1084 920 rerum
1122 881 1446 935 perferendarum
1488 879 1553 921 vel
1593 877 1750 919 affectio

163 1028 357 1084 Quamvis
385 1029 477 1069 licet
499 1028 740 1069 insectemur
772 1029 898 1079 istos,
947 1036 988 1069 ut
1010 1026 1240 1070 Carneades
1271 1028 1449 1080 solebat3

163 1104 235 1145 soli
259 1103 476 1159 philosophi
503 1104 595 1144 sint.
671 1101 784 1157 Quae
814 1102 914 1143 enini
943 1103 1105 1144 istarum
1132 1102 1399 1144 definitionum
1425 1116 1504 1143 non
1528 1100 1654 1158 aperit
1679 1114 1750 1141 no-

160 1178 307 1219 tionem
346 1184 548 1228 nostrain‚
596 1191 708 1232 quam
742 1177 928 1218 habemus
964 1192 1100 1218 omnes
1135 1177 1182 1218 de
1209 1176 1436 1218 fortitudine
1461 1184 1605 1218 tectam
1632 1183 1749 1231 atque

159 1253 406 1295 involutam?
448 1266 521 1307 qua
544 1259 678 1307 aperta
694 1283 704 1302 ,
739 1252 824 1305 quis
849 1259 933 1303 est,
982 1252 1044 1306 qui
1069 1258 1137 1292 aut
1159 1251 1364 1302 bellatori,
1412 1259 1480 1292 aut
1500 1250 1746 1307 imperatori,

161 1335 230 1370 aut
251 1327 398 1368 oratori
424 1333 589 1381 quaerat
611 1326 754 1381 aliquid
769 1358 779 1376 ‚
829 1340 956 1381 neque
983 1340 1052 1367 eos
1078 1326 1280 1367 existimet
1304 1326 1390 1367 sine
1412 1325 1521 1367 rabie
1544 1325 1749 1381 quicquam

232 1454 311 1485 CAP.
332 1452 461 1484 XXIV.
487 1451 540 1483 53.
568 1453 683 1483 Tracta
695 1470 750 1490 —,
770 1451 934 1493 inlelliyes]
973 1451 1148 1491 notiones,
1185 1451 1245 1483 sed
1277 1451 1297 1482 i.
1321 1463 1351 1494 q.
1380 1450 1470 1486 iufra
1504 1453 1659 1484 notionem
1691 1462 1749 1484 no·
1779 1488 1782 1489 ⁷

162 1510 243 1544 pro:
268 1498 295 1530 si
315 1496 510 1530 tractaveris
529 1516 592 1537 -‚
618 1496 794 1539 intelliges.
834 1497 873 1528 V.
894 1496 937 1529 ad
971 1502 1089 1537 stram,
1121 1507 1218 1538 quam
1250 1499 1400 1529 habemus
1423 1507 1529 1530 omnes
1552 1498 1591 1530 de
1609 1499 1682 1538 fort.
1707 1501 1749 1530 te-

164 1547 208 1577 11.
235 1545 375 1582 reste.
970 1547 1053 1575 clam
1077 1548 1168 1585 alque
1194 1545 1378 1575 involutam.

230 1590 402 1633 stomacho]
447 1590 634 1621 Stomachus
666 1599 766 1630 saepe
801 1588 937 1631 ponitur

161 1648 224 1680 ΡΓΟ
258 1648 326 1674 lfa,
363 1634 647 1667 excandescentia.
697 1634 783 1665 Hinc
818 1645 936 1666 mana·-

161 1689 240 1715 runt
262 1681 447 1714 locutiones
468 1680 563 1712 illae:
601 1680 809 1711 stomachum
838 1679 934 1712 alicui

162 1739 299 1761 movere
330 1726 382 1758 vel
410 1727 532 1759 facere.
580 1727 619 1758 V.
645 1728 770 1758 Schiilz.
794 1725 828 1757 in
855 1727 934 1758 Lex.

167 1774 271 1806 Cicer.
298 1773 330 1806 h.
353 1785 382 1804 v.

219 1821 512 1859 contrariarumque
525 1822 580 1850 aul
592 1820 717 1850 omnino
729 1819 825 1859 negt]
844 1817 940 1849 Stob.

164 1865 226 1899 ecl.
249 1865 317 1897 eth.
339 1876 371 1907 p.
391 1866 462 1897 104.
482 1865 600 1898 ileon:
628 1861 782 1906 ἀνδρείαν
801 1863 841 1898 δέ
857 1865 939 1906 [φη-

166 1923 217 1946 σιν
255 1908 272 1945 ὁ
309 1908 427 1952 Ζήνων
463 1908 560 1951 εἶναι1
596 1908 787 1963 ἐπιστήμην
822 1909 943 1944 δεινῶν

164 1956 226 1991 καὶ
266 1968 303 1990 ου
343 1956 459 1991 δεινῶν
496 1955 555 1989 καὶ
585 1952 702 1990 ουδετέ
699 1968 781 2008 pan.
819 1956 937 1999 (ltem:

163 1998 356 2056 ἅφροσυνην
380 2000 417 2036 δὲ
439 1998 531 2045 ἀ’γκν.
534 2013 571 2034 αν
593 1998 732 2044 ἇ(α“3ὦν
748 2000 806 2034 καὶ
823 2001 939 2034 κακῶν

165 2047 226 2083 καὶ
251 2045 461 2090 οὐδετέρων.)
492 2048 575 2079 l'lat.
592 2047 693 2079 Laeli.
711 2050 738 2086 Q.
751 2047 812 2080 07:
838 2059 860 2089 η
884 2042 940 2080 οἷν-

165 2092 262 2136 δρεία
285 2092 374 2126 ἐστὶν
397 2092 449 2127 ἐπ’
440 2090 570 2136 ’στῆμη
595 2093 713 2128 δεινῶν
731 2104 769 2126 τε
786 2105 844 2126 και
855 2075 939 2135 ’Σῑαῤ-

165 2138 303 2183 ῥαλέων.

237 2185 388 2227 Sphaeri]
414 2186 453 2218 V.
479 2184 550 2216 Iud.
575 2184 651 2217 hist.

231 2234 303 2264 sunl
323 2230 419 2273 enim]
440 2230 568 2262 Vocula
586 2233 666 2262 enim
681 2229 845 2262 rationem
865 2229 940 2261 red-

166 2277 219 2311 dit
239 2276 426 2309 sententiae
450 2275 597 2313 alicuius,
623 2288 707 2319 quae
729 2283 841 2307 mente
862 2287 941 2318 sup-

167 2323 291 2370 pleuda
325 2328 394 2359 est,
436 2320 491 2363 (de
523 2332 588 2364 quo
622 2332 681 2352 usu
708 2333 807 2373 supra
838 2321 882 2353 ad
915 2322 939 2352 Ι.

167 2371 210 2410 6,
236 2369 286 2403 ll.
319 2366 461 2399 diximus
475 2366 496 2406 ς)
536 2372 571 2397 ut
604 2367 844 2398 sententiarum
878 2378 941 2398 ne-

167 2428 227 2449 xus
249 2414 304 2447 hic
327 2414 388 2445 sit:
422 2414 470 2445 vel
493 2414 638 2451 brevius,
672 2416 706 2443 ut
727 2414 942 2452 Chrysippus3

167 2473 245 2497 nam
283 2461 455 2500 superiores
490 2459 684 2499 definitiones
706 2468 810 2489 omnes
828 2460 867 2489 ab
881 2467 942 2489 uno

169 2510 311 2549 Sphaero
331 2506 486 2546 profectae
508 2507 599 2543 sunl,·
622 2501 711 2545 quod
733 2509 843 2534 autem
863 2502 943 2546 plu—

168 2565 222 2587 res
243 2552 284 2584 de
308 2550 424 2583 eadem
442 2562 478 2582 re
501 2528 711 2580 definitiones
732 2548 861 2584 attulit
888 2547 942 2579 ni-

167 2598 218 2632 hil
248 2597 372 2634 refert3
407 2599 479 2629 sunt
501 2597 583 2627 enim
613 2595 737 2626 omnino
759 2603 863 2625 omnes
883 2595 945 2633 fere

169 2646 289 2679 similes
299 2644 437 2684 quidem,
460 2643 514 2674 sed
530 2644 634 2672 tamen
648 2640 809 2679 conserant
821 2640 864 2670 ad
885 2640 941 2670 de-

170 2691 344 2724 clarandas
365 2696 542 2721 communes
561 2688 717 2723 notiones,
741 2694 821 2725 quas
843 2686 940 2716 habe-

170 2746 243 2769 mus
264 2744 368 2767 ornnes
393 2735 431 2766 de
455 2733 635 2774 fortitudine
663 2734 757 2763 tectas
777 2734 868 2770 atque
889 2731 943 2761 in—

170 2783 318 2821 volutas;
357 2781 419 2812 nisi
448 2780 532 2819 quod
562 2780 628 2809 alia
661 2777 798 2817 definitio
827 2777 945 2807 clarius

171 2830 199 2858 et
220 2827 413 2865 distinctius,
437 2834 533 2865 quam
553 2825 639 2863 alia,
672 2823 864 2863 fortitudinis
883 2830 944 2853 πο-

170 2874 284 2904 tionem
304 2873 456 2903 declarat.

244 2926 420 2949 communes
449 2916 603 2957 notiones]
635 2925 703 2946 non
737 2925 808 2946 esse
842 2911 944 2944 docet

175 2963 309 2994 Orellius
347 2972 535 2994 communes
576 2960 723 2993 omnium
756 2958 944 2992 Stoicorum

1037 1592 1222 1621 insectemur
1245 1591 1332 1631 istos]
1361 1599 1421 1621 nos
1441 1587 1632 1620 Academici
1651 1587 1746 1619 Stoi-—

972 1646 1049 1673 cos,
1074 1639 1106 1666 ul
1130 1636 1308 1667 Carneades
1328 1637 1465 1675 solebat,
1491 1634 1545 1677 qui
1567 1633 1747 1677 Chrysippi

971 1680 1130 1723 imprimis
1167 1679 1302 1711 decreta
1347 1679 1541 1722 impugnare
1577 1678 1745 1711 studebat.

974 1727 1013 1758 V.
1030 1738 1090 1758 nos
1105 1725 1137 1757 in
1155 1725 1240 1757 libro
1262 1725 1353 1757 ‹lim›
1373 1727 1410 1757 de
1426 1727 1489 1758 Cic.
1508 1728 1541 1758 in
1557 1727 1636 1766 phil.
1647 1727 1748 1758 merit.

976 1784 1005 1815 p.
1022 1771 1094 1804 155.
1129 1771 1217 1802 infia
1239 1772 1277 1801 V.
1303 1771 1368 1811 ’9,
1392 1771 1446 1803 33.
1483 1770 1549 1803 Cic.
1575 1771 1616 1803 N.
1641 1772 1680 1804 D.
1703 1772 1747 1812 H,

974 1818 1028 1851 65.
1052 1829 1083 1859 p.
1097 1814 1175 1850 480.
1221 1818 1375 1856 Quamvis
1400 1818 1468 1848 licet
1489 1819 1674 1848 insectemur
1698 1823 1749 1849 est

974 1873 1071 1904 quam
1105 1862 1321 1894 vehementer
1354 1865 1424 1902 vis,
1456 1864 1524 1894 licel
1554 1864 1748 1894 insectemur.

976 1908 1222 1951 Legg.11[.10,
1248 1906 1311 1940 ¹4:
1341 1908 1379 1939 Et
1398 1914 1529 1950 praeter
1550 1918 1606 1939 eos
1631 1917 1749 1948 qaam-

974 1957 1022 1987 vis
1044 1963 1202 1987 enumeres
1222 1953 1345 1985 multos
1365 1955 1445 1993 licet,
1470 1953 1502 1985 h.
1519 1964 1546 1985 e
1563 1952 1643 1985 licet
1663 1964 1748 1985 enu-

974 2012 1080 2032 meres
1109 1999 1257 2043 quamvis
1286 1999 1522 2043 (quantumvis)
1549 1998 1682 2031 multos.
1705 1998 1749 2031 de

975 2045 1106 2079 Amicit.
1128 2046 1218 2085 XX,
1241 2044 1302 2079 73:
1339 2047 1484 2086 quamvis
1510 2046 1579 2076 licet
1604 2047 1749 2077 excellas.

975 2092 1017 2123 de
1036 2093 1077 2123 N.
1093 2093 1130 2123 D
1144 2092 1203 2123 ΙΙΙ.
1213 2089 1268 2128 36,
1291 2094 1354 2124 33ε
1383 2092 1536 2130 Quamvis
1554 2092 1624 2123 licet
1642 2090 1751 2123 Menti

975 2138 1112 2169 delubra
1146 2143 1180 2169 et
1203 2135 1327 2168 Virtuti
1350 2143 1383 2168 et
1406 2135 1499 2168 Fidei
1527 2146 1750 2169 consecremus.

978 2184 1030 2215 Cf.
1052 2195 1114 2215 nos
1134 2183 1166 2215 in
1193 2182 1251 2214 Gr.
1269 2183 1309 2214 L.
1334 2181 1453 2226 §.156.
1479 2181 1560 2214 Not.
1571 2184 1603 2215 2.
1623 2180 1748 2225 p.426.

977 2229 1029 2261 ed.
1045 2230 1076 2261 2.

1043 2285 1080 2307 ne
1102 2277 1160 2307 soli
1176 2275 1353 2314 philosophi
1378 2272 1454 2317 sint]
1486 2274 1594 2313 Quam
1617 2272 1751 2316 magni-

975 2320 1036 2353 fiee
1051 2321 1166 2352 Cicero
1180 2319 1221 2351 de
1235 2319 1425 2351 Stoicorum
1445 2318 1658 2362 philosophia
1670 2330 1747 2351 sen-

976 2366 1076 2404 serit,
1103 2365 1313 2409 exposuimus
1337 2364 1370 2396 in
1397 2364 1481 2397 libro
1505 2363 1538 2397 d.
1561 2376 1594 2407 p.
1606 2364 1651 2399 76
1662 2376 1713 2408 sq.

1045 2412 1181 2454 aliquid]
1222 2411 1270 2442 De
1301 2412 1444 2451 aliquid,
1480 2409 1571 2453 quod
1591 2410 1626 2443 h.
1639 2410 1662 2443 l.
1686 2421 1748 2453 pro

978 2460 1076 2493 aliud
1100 2459 1178 2498 quid
1208 2456 1334 2488 dictum
1361 2455 1513 2495 videtur,
1547 2462 1583 2488 at
1617 2455 1750 2488 videtur

977 2510 1128 2542 tantum,
1154 2515 1185 2534 v.
1211 2502 1379 2534 Adnotata
1403 2501 1437 2532 in
1458 2502 1517 2533 ΙΙΙ.
1545 2498 1607 2539 14,
1631 2499 1685 2533 29.

1046 2546 1101 2581 54.
1141 2558 1245 2580 omnes
1277 2549 1474 2600 insipientes
1488 2547 1630 2588 insanos]
1671 2547 1750 2579 Erat

977 2591 1165 2635 παράδοξον
1201 2593 1412 2631 Stoicorum,
1453 2587 1507 2625 ὅτι
1533 2591 1600 2629 πᾶς
1630 2586 1749 2635 ἄφρων

980 2638 1142 2682 μαίνεται.
1177 2638 1230 2670 Cf.
1249 2637 1354 2670 Cicer.
1370 2637 1533 2669 Paradox.
1558 2637 1614 2669 1V.
1636 2643 1671 2669 et
1689 2648 1748 2670 su·-

980 2695 1040 2728 pra
1061 2685 1117 2715 ΙΙΙ.
1138 2680 1178 2722 4,
1201 2683 1232 2717 9.

1044 2738 1145 2761 nonne
1167 2731 1230 2761 ista
1250 2729 1412 2770 colligunt]
1446 2727 1556 2760 Nemo
1577 2727 1645 2761 hoc
1663 2727 1750 2761 teti-

978 2774 1037 2818 git.
1087 2775 1165 2805 Esse
1188 2780 1300 2806 autem
1324 2772 1474 2805 videtur:
1508 2773 1575 2806 hoc
1598 2774 1749 2807 efficiunt

979 2819 1246 2853 conclusionibus
1280 2830 1340 2862 per
1360 2818 1611 2860 inductionem,
1646 2826 1684 2852 ut
1706 2820 1750 2852 de

978 2865 1115 2909 singulis
1131 2863 1338 2897 adscendant
1352 2863 1396 2896 ad
1411 2876 1525 2908 genus.
1560 2865 1648 2898 Huic
1668 2877 1749 2898 con-

979 2912 1116 2944 veniunt
1138 2910 1319 2954 sequentia.
1358 2910 1393 2942 Si
1414 2922 1432 2943 e
1455 2922 1594 2944 numero
1615 2911 1750 2944 insano-

979 2969 1051 2990 rum
1071 2956 1259 2989 eximuntur
1278 2955 1446 2995 iracundi,
1468 2956 1612 2991 insanire
1632 2956 1696 3001 ipsi
1715 2963 1749 2989 et
