<?xml version="1.0" encoding="UTF-8"?>
<!DOCTYPE html PUBLIC "-//W3C//DTD XHTML 1.0 Transitional//EN"
    "http://www.w3.org/TR/xhtml1/DTD/xhtml1-transitional.dtd">
<html xmlns="http://www.w3.org/1999/xhtml" xml:lang="en" lang="en">
 <head>
  <title>
</title>
<meta http-equiv="Content-Type" content="text/html;charset=utf-8" />
  <meta name='ocr-system' content='tesseract 3.04.00' />
  <meta name='ocr-capabilities' content='ocr_page ocr_carea ocr_par ocr_line ocrx_word'/>
</head>
<body>
  <div class='ocr_page' id='page_1' title='image "./tusculanarumdi00ciceuoft_0226.png"; bbox 0 0 1843 3101; ppageno 0'>
   <div class='ocr_carea' id='block_1_1' title="bbox 152 47 238 93">
    <p class='ocr_par' dir='ltr' id='par_1_1' title="bbox 152 47 238 93">
     <span class='ocr_line' id='line_1_1' title="bbox 152 47 238 93; baseline -0.023 0"><span class='ocrx_word' id='word_1_1' title='bbox 152 47 238 93; x_wconf 82' lang='lat'><strong>216</strong></span> 
     </span>
    </p>
   </div>
   <div class='ocr_carea' id='block_1_2' title="bbox 153 137 1740 568">
    <p class='ocr_par' dir='ltr' id='par_1_2' title="bbox 153 137 1740 568">
     <span class='ocr_line' id='line_1_2' title="bbox 153 137 1739 197; baseline 0.003 -16"><span class='ocrx_word' id='word_1_2' title='bbox 153 153 235 182; x_wconf 91' lang='lat' dir='ltr'><strong>non</strong></span> <span class='ocrx_word' id='word_1_3' title='bbox 264 153 379 193; x_wconf 87' lang='lat' dir='ltr'><strong>esse,</strong></span> <span class='ocrx_word' id='word_1_4' title='bbox 426 147 471 182; x_wconf 93' lang='lat' dir='ltr'><strong>ut</strong></span> <span class='ocrx_word' id='word_1_5' title='bbox 493 137 677 182; x_wconf 84' lang='lat' dir='ltr'><strong>Cleanthi</strong></span> <span class='ocrx_word' id='word_1_6' title='bbox 700 140 843 196; x_wconf 86' lang='lat' dir='ltr'><strong>placet.</strong></span> <span class='ocrx_word' id='word_1_7' title='bbox 907 138 1032 191; x_wconf 89' lang='lat' dir='ltr'><strong>Sunt,</strong></span> <span class='ocrx_word' id='word_1_8' title='bbox 1081 139 1147 195; x_wconf 90' lang='lat' dir='ltr'><strong>qui</strong></span> <span class='ocrx_word' id='word_1_9' title='bbox 1174 154 1252 182; x_wconf 91' lang='lat' dir='ltr'><strong>non</strong></span> <span class='ocrx_word' id='word_1_10' title='bbox 1274 154 1458 197; x_wconf 84' lang='lat' dir='ltr'><strong>magnum</strong></span> <span class='ocrx_word' id='word_1_11' title='bbox 1481 141 1649 195; x_wconf 89' lang='lat' dir='ltr'><strong>malum,</strong></span> <span class='ocrx_word' id='word_1_12' title='bbox 1695 149 1739 184; x_wconf 90' lang='lat' dir='ltr'><strong>ut</strong></span> 
     </span>
     <span class='ocr_line' id='line_1_3' title="bbox 153 211 1734 272; baseline 0.001 -16"><span class='ocrx_word' id='word_1_13' title='bbox 153 212 424 271; x_wconf 74' lang='lat' dir='ltr'>Peripatetici.</span> <span class='ocrx_word' id='word_1_14' title='bbox 498 211 623 266; x_wconf 83' lang='lat' dir='ltr'>Sunt,</span> <span class='ocrx_word' id='word_1_15' title='bbox 668 214 732 269; x_wconf 88' lang='lat' dir='ltr'><strong>qui</strong></span> <span class='ocrx_word' id='word_1_16' title='bbox 764 215 958 255; x_wconf 82' lang='lat' dir='ltr'><strong>abducant:</strong></span> <span class='ocrx_word' id='word_1_17' title='bbox 994 229 1018 255; x_wconf 86' lang='lat' dir='ltr'><strong>a</strong></span> <span class='ocrx_word' id='word_1_18' title='bbox 1047 214 1161 256; x_wconf 91' lang='lat' dir='ltr'><strong>malis</strong></span> <span class='ocrx_word' id='word_1_19' title='bbox 1195 215 1243 256; x_wconf 87' lang='lat' dir='ltr'><strong>ad</strong></span> <span class='ocrx_word' id='word_1_20' title='bbox 1273 215 1400 268; x_wconf 86' lang='lat' dir='ltr'><strong>bona,</strong></span> <span class='ocrx_word' id='word_1_21' title='bbox 1445 222 1488 257; x_wconf 87' lang='lat' dir='ltr'><strong>ut</strong></span> <span class='ocrx_word' id='word_1_22' title='bbox 1522 214 1734 272; x_wconf 81' lang='lat' dir='ltr'>Epicurus.</span> 
     </span>
     <span class='ocr_line' id='line_1_4' title="bbox 155 286 1738 345; baseline 0.001 -14"><span class='ocrx_word' id='word_1_23' title='bbox 155 286 282 340; x_wconf 82' lang='lat' dir='ltr'><strong>Sunt,</strong></span> <span class='ocrx_word' id='word_1_24' title='bbox 329 288 393 344; x_wconf 91' lang='lat' dir='ltr'><strong>qui</strong></span> <span class='ocrx_word' id='word_1_25' title='bbox 426 287 522 328; x_wconf 83' lang='lat' dir='ltr'><strong>satis</strong></span> <span class='ocrx_word' id='word_1_26' title='bbox 551 295 688 343; x_wconf 87' lang='lat' dir='ltr'><strong>putent</strong></span> <span class='ocrx_word' id='word_1_27' title='bbox 711 289 921 330; x_wconf 78' lang='lat' dir='ltr'><strong>ostendere</strong></span> <span class='ocrx_word' id='word_1_28' title='bbox 938 321 948 340; x_wconf 90' lang='lat'><strong>,</strong></span> <span class='ocrx_word' id='word_1_29' title='bbox 994 288 1090 329; x_wconf 88' lang='lat' dir='ltr'><strong>nihil</strong></span> <span class='ocrx_word' id='word_1_30' title='bbox 1114 288 1302 345; x_wconf 89' lang='lat' dir='ltr'><strong>inopinati</strong></span> <span class='ocrx_word' id='word_1_31' title='bbox 1327 290 1544 343; x_wconf 87' lang='lat' dir='ltr'><strong>accidisse,</strong></span> <span class='ocrx_word' id='word_1_32' title='bbox 1588 291 1619 345; x_wconf 82' lang='lat'>†</span> <span class='ocrx_word' id='word_1_33' title='bbox 1643 292 1738 334; x_wconf 88' lang='lat' dir='ltr'><strong>nihil</strong></span> 
     </span>
     <span class='ocr_line' id='line_1_5' title="bbox 156 350 1739 418; baseline 0.002 -14"><span class='ocrx_word' id='word_1_34' title='bbox 156 363 263 404; x_wconf 87' lang='lat' dir='ltr'><strong>mali.</strong></span> <span class='ocrx_word' id='word_1_35' title='bbox 327 359 571 418; x_wconf 76' lang='lat' dir='ltr'>Chrysippus</span> <span class='ocrx_word' id='word_1_36' title='bbox 597 350 723 404; x_wconf 78' lang='lat' dir='ltr'><strong>antoni</strong></span> <span class='ocrx_word' id='word_1_37' title='bbox 752 370 868 418; x_wconf 86' lang='lat' dir='ltr'><strong>caput</strong></span> <span class='ocrx_word' id='word_1_38' title='bbox 895 377 985 404; x_wconf 91' lang='lat' dir='ltr'><strong>esse</strong></span> <span class='ocrx_word' id='word_1_39' title='bbox 1009 371 1146 404; x_wconf 86' lang='lat' dir='ltr'><strong>censet</strong></span> <span class='ocrx_word' id='word_1_40' title='bbox 1169 363 1209 404; x_wconf 91' lang='lat' dir='ltr'><strong>in</strong></span> <span class='ocrx_word' id='word_1_41' title='bbox 1231 365 1496 417; x_wconf 86' lang='lat' dir='ltr'><strong>consolando,</strong></span> <span class='ocrx_word' id='word_1_42' title='bbox 1530 365 1739 407; x_wconf 74' lang='lat' dir='ltr'><strong>detrahere</strong></span> 
     </span>
     <span class='ocr_line' id='line_1_6' title="bbox 155 435 1737 495; baseline 0.003 -18"><span class='ocrx_word' id='word_1_43' title='bbox 155 436 261 477; x_wconf 89' lang='lat' dir='ltr'><strong>illam</strong></span> <span class='ocrx_word' id='word_1_44' title='bbox 282 435 503 491; x_wconf 86' lang='lat' dir='ltr'><strong>opinionem</strong></span> <span class='ocrx_word' id='word_1_45' title='bbox 528 438 741 489; x_wconf 86' lang='lat' dir='ltr'><strong>maerenti,</strong></span> <span class='ocrx_word' id='word_1_46' title='bbox 789 439 820 478; x_wconf 93' lang='lat' dir='ltr'><strong>si</strong></span> <span class='ocrx_word' id='word_1_47' title='bbox 851 451 893 478; x_wconf 90' lang='lat' dir='ltr'><strong>se</strong></span> <span class='ocrx_word' id='word_1_48' title='bbox 921 438 1046 478; x_wconf 85' lang='lat' dir='ltr'><strong>ollicio</strong></span> <span class='ocrx_word' id='word_1_49' title='bbox 1067 438 1173 492; x_wconf 84' lang='lat' dir='ltr'><strong>fungi</strong></span> <span class='ocrx_word' id='word_1_50' title='bbox 1194 445 1301 492; x_wconf 86' lang='lat' dir='ltr'><strong>putet</strong></span> <span class='ocrx_word' id='word_1_51' title='bbox 1323 438 1425 480; x_wconf 92' lang='lat' dir='ltr'><strong>iusto</strong></span> <span class='ocrx_word' id='word_1_52' title='bbox 1450 447 1567 495; x_wconf 89' lang='lat' dir='ltr'><strong>atque</strong></span> <span class='ocrx_word' id='word_1_53' title='bbox 1590 440 1737 481; x_wconf 82' lang='lat' dir='ltr'><strong>debito.</strong></span> 
     </span>
     <span class='ocr_line' id='line_1_7' title="bbox 157 507 1740 568; baseline 0.003 -17"><span class='ocrx_word' id='word_1_54' title='bbox 157 507 261 551; x_wconf 89' lang='lat' dir='ltr'><strong>Sunt</strong></span> <span class='ocrx_word' id='word_1_55' title='bbox 280 510 422 562; x_wconf 86' lang='lat' dir='ltr'><strong>etiam,</strong></span> <span class='ocrx_word' id='word_1_56' title='bbox 457 511 520 565; x_wconf 89' lang='lat' dir='ltr'><strong>qui</strong></span> <span class='ocrx_word' id='word_1_57' title='bbox 547 512 641 552; x_wconf 84' lang='lat' dir='ltr'><strong>hacc</strong></span> <span class='ocrx_word' id='word_1_58' title='bbox 668 513 799 552; x_wconf 89' lang='lat' dir='ltr'><strong>omnia</strong></span> <span class='ocrx_word' id='word_1_59' title='bbox 824 525 972 567; x_wconf 85' lang='lat' dir='ltr'><strong>genera</strong></span> <span class='ocrx_word' id='word_1_60' title='bbox 999 512 1228 553; x_wconf 89' lang='lat' dir='ltr'><strong>consolandi</strong></span> <span class='ocrx_word' id='word_1_61' title='bbox 1257 512 1465 568; x_wconf 81' lang='lat' dir='ltr'><strong>colligant3</strong></span> <span class='ocrx_word' id='word_1_62' title='bbox 1511 514 1611 555; x_wconf 87' lang='lat' dir='ltr'><strong>alius</strong></span> <span class='ocrx_word' id='word_1_63' title='bbox 1635 515 1740 556; x_wconf 81' lang='lat' dir='ltr'><strong>enim</strong></span> 
     </span>
    </p>
   </div>
   <div class='ocr_carea' id='block_1_3' title="bbox 735 57 1165 107">
    <p class='ocr_par' dir='ltr' id='par_1_3' title="bbox 735 57 1165 107">
     <span class='ocr_line' id='line_1_8' title="bbox 735 57 1165 107; baseline 0 -15"><span class='ocrx_word' id='word_1_64' title='bbox 735 60 908 107; x_wconf 71' lang='lat' dir='ltr'><strong>LJBER</strong></span> <span class='ocrx_word' id='word_1_65' title='bbox 932 61 992 93; x_wconf 84' lang='lat'><em>111.</em></span> <span class='ocrx_word' id='word_1_66' title='bbox 1019 57 1085 101; x_wconf 82' lang='lat'><strong>32,</strong></span> <span class='ocrx_word' id='word_1_67' title='bbox 1109 57 1165 94; x_wconf 88' lang='lat'><strong>77.</strong></span> 
     </span>
    </p>
   </div>
   <div class='ocr_carea' id='block_1_4' title="bbox 155 583 1743 713">
    <p class='ocr_par' dir='ltr' id='par_1_4' title="bbox 155 583 1743 713">
     <span class='ocr_line' id='line_1_9' title="bbox 155 583 1742 637; baseline 0.003 -13"><span class='ocrx_word' id='word_1_68' title='bbox 155 583 232 624; x_wconf 88' lang='lat' dir='ltr'><strong>alio</strong></span> <span class='ocrx_word' id='word_1_69' title='bbox 256 585 371 625; x_wconf 84' lang='lat' dir='ltr'><strong>modo</strong></span> <span class='ocrx_word' id='word_1_70' title='bbox 395 593 600 637; x_wconf 78' lang='lat' dir='ltr'><strong>movetur,</strong></span> <span class='ocrx_word' id='word_1_71' title='bbox 652 593 694 627; x_wconf 89' lang='lat' dir='ltr'><strong>ut</strong></span> <span class='ocrx_word' id='word_1_72' title='bbox 726 586 809 626; x_wconf 85' lang='lat' dir='ltr'><strong>sere</strong></span> <span class='ocrx_word' id='word_1_73' title='bbox 841 601 912 626; x_wconf 91' lang='lat' dir='ltr'><strong>nos</strong></span> <span class='ocrx_word' id='word_1_74' title='bbox 947 587 987 626; x_wconf 88' lang='lat' dir='ltr'><strong>in</strong></span> <span class='ocrx_word' id='word_1_75' title='bbox 1013 584 1298 628; x_wconf 68' lang='lat' dir='ltr'><strong>Consolatione</strong></span> <span class='ocrx_word' id='word_1_76' title='bbox 1330 587 1459 628; x_wconf 81' lang='lat' dir='ltr'><strong>onmia</strong></span> <span class='ocrx_word' id='word_1_77' title='bbox 1494 587 1534 629; x_wconf 93' lang='lat' dir='ltr'><strong>in</strong></span> <span class='ocrx_word' id='word_1_78' title='bbox 1559 589 1742 630; x_wconf 87' lang='lat' dir='ltr'><strong>consola-</strong></span> 
     </span>
     <span class='ocr_line' id='line_1_10' title="bbox 155 656 1743 713; baseline 0.004 -16"><span class='ocrx_word' id='word_1_79' title='bbox 155 656 303 698; x_wconf 84' lang='lat' dir='ltr'><strong>tionem</strong></span> <span class='ocrx_word' id='word_1_80' title='bbox 329 673 444 700; x_wconf 87' lang='lat' dir='ltr'><strong>unam</strong></span> <span class='ocrx_word' id='word_1_81' title='bbox 470 660 735 711; x_wconf 70' lang='lat' dir='ltr'><strong>conieciinusg</strong></span> <span class='ocrx_word' id='word_1_82' title='bbox 783 667 869 701; x_wconf 87' lang='lat' dir='ltr'><strong>erat</strong></span> <span class='ocrx_word' id='word_1_83' title='bbox 893 661 995 701; x_wconf 87' lang='lat' dir='ltr'><strong>enim</strong></span> <span class='ocrx_word' id='word_1_84' title='bbox 1021 661 1060 701; x_wconf 88' lang='lat' dir='ltr'><strong>iu</strong></span> <span class='ocrx_word' id='word_1_85' title='bbox 1084 668 1235 701; x_wconf 87' lang='lat' dir='ltr'><strong>tumore</strong></span> <span class='ocrx_word' id='word_1_86' title='bbox 1259 661 1438 713; x_wconf 78' lang='lat' dir='ltr'><strong>animus,</strong></span> <span class='ocrx_word' id='word_1_87' title='bbox 1485 668 1525 703; x_wconf 88' lang='lat' dir='ltr'><strong>et</strong></span> <span class='ocrx_word' id='word_1_88' title='bbox 1547 663 1673 704; x_wconf 89' lang='lat' dir='ltr'><strong>omnis</strong></span> <span class='ocrx_word' id='word_1_89' title='bbox 1700 663 1743 704; x_wconf 91' lang='lat' dir='ltr'><strong>in</strong></span> 
     </span>
    </p>
   </div>
   <div class='ocr_carea' id='block_1_5' title="bbox 156 732 1744 790">
    <p class='ocr_par' dir='ltr' id='par_1_5' title="bbox 156 732 1744 790">
     <span class='ocr_line' id='line_1_11' title="bbox 156 732 1744 790; baseline 0.003 -18"><span class='ocrx_word' id='word_1_90' title='bbox 156 744 205 772; x_wconf 88' lang='lat' dir='ltr'><strong>eo</strong></span> <span class='ocrx_word' id='word_1_91' title='bbox 232 732 457 774; x_wconf 88' lang='lat' dir='ltr'><strong>tentabatur</strong></span> <span class='ocrx_word' id='word_1_92' title='bbox 483 734 650 775; x_wconf 87' lang='lat' dir='ltr'><strong>curatio.</strong></span> <span class='ocrx_word' id='word_1_93' title='bbox 716 733 795 775; x_wconf 86' lang='lat' dir='ltr'><strong>Sed</strong></span> <span class='ocrx_word' id='word_1_94' title='bbox 822 735 1051 775; x_wconf 88' lang='lat' dir='ltr'><strong>sumendum</strong></span> <span class='ocrx_word' id='word_1_95' title='bbox 1077 742 1229 790; x_wconf 90' lang='lat' dir='ltr'><strong>tempus</strong></span> <span class='ocrx_word' id='word_1_96' title='bbox 1257 743 1318 776; x_wconf 92' lang='lat' dir='ltr'><strong>est</strong></span> <span class='ocrx_word' id='word_1_97' title='bbox 1340 751 1417 777; x_wconf 93' lang='lat' dir='ltr'><strong>non</strong></span> <span class='ocrx_word' id='word_1_98' title='bbox 1440 736 1569 778; x_wconf 89' lang='lat' dir='ltr'><strong>minus</strong></span> <span class='ocrx_word' id='word_1_99' title='bbox 1590 737 1631 778; x_wconf 87' lang='lat' dir='ltr'><strong>in</strong></span> <span class='ocrx_word' id='word_1_100' title='bbox 1660 737 1744 780; x_wconf 85' lang='lat' dir='ltr'><strong>ani-</strong></span> 
     </span>
    </p>
   </div>
   <div class='ocr_carea' id='block_1_6' title="bbox 156 807 1740 867">
    <p class='ocr_par' dir='ltr' id='par_1_6' title="bbox 156 807 1740 867">
     <span class='ocr_line' id='line_1_12' title="bbox 156 807 1740 867; baseline 0.004 -21"><span class='ocrx_word' id='word_1_101' title='bbox 156 819 309 847; x_wconf 89' lang='lat' dir='ltr'><strong>morum</strong></span> <span class='ocrx_word' id='word_1_102' title='bbox 340 807 511 858; x_wconf 88' lang='lat' dir='ltr'>morbis,</span> <span class='ocrx_word' id='word_1_103' title='bbox 560 823 674 863; x_wconf 87' lang='lat' dir='ltr'><strong>quam</strong></span> <span class='ocrx_word' id='word_1_104' title='bbox 709 810 748 850; x_wconf 90' lang='lat' dir='ltr'><strong>in</strong></span> <span class='ocrx_word' id='word_1_105' title='bbox 784 823 1008 865; x_wconf 86' lang='lat' dir='ltr'><strong>corporum.</strong></span> <span class='ocrx_word' id='word_1_106' title='bbox 1074 808 1125 850; x_wconf 79' lang='lat' dir='ltr'><strong>Ut</strong></span> <span class='ocrx_word' id='word_1_107' title='bbox 1147 808 1410 852; x_wconf 77' lang='lat' dir='ltr'><strong>Prometheus</strong></span> <span class='ocrx_word' id='word_1_108' title='bbox 1438 811 1503 853; x_wconf 87' lang='lat' dir='ltr'><strong>ille</strong></span> <span class='ocrx_word' id='word_1_109' title='bbox 1530 811 1740 867; x_wconf 69' lang='lat' dir='ltr'><strong>Aeschyli,</strong></span> 
     </span>
    </p>
   </div>
   <div class='ocr_carea' id='block_1_7' title="bbox 156 880 1747 1755">
    <p class='ocr_par' dir='ltr' id='par_1_7' title="bbox 157 880 1341 1084">
     <span class='ocr_line' id='line_1_13' title="bbox 157 880 704 936; baseline 0.005 -16"><span class='ocrx_word' id='word_1_110' title='bbox 157 880 221 921; x_wconf 87' lang='lat' dir='ltr'><strong>cui</strong></span> <span class='ocrx_word' id='word_1_111' title='bbox 250 895 366 936; x_wconf 90' lang='lat' dir='ltr'><strong>quum</strong></span> <span class='ocrx_word' id='word_1_112' title='bbox 399 882 542 923; x_wconf 90' lang='lat' dir='ltr'><strong>dictum</strong></span> <span class='ocrx_word' id='word_1_113' title='bbox 575 891 704 924; x_wconf 86' lang='lat' dir='ltr'><strong>esset:</strong></span> 
     </span>
     <span class='ocr_line' id='line_1_14' title="bbox 361 957 1341 1010; baseline 0.002 -14"><span class='ocrx_word' id='word_1_114' title='bbox 361 957 486 1010; x_wconf 80' lang='lat' dir='ltr'><strong>Alqm&#39;</strong></span> <span class='ocrx_word' id='word_1_115' title='bbox 496 987 506 1004; x_wconf 92' lang='lat'><strong>,</strong></span> <span class='ocrx_word' id='word_1_116' title='bbox 541 959 762 996; x_wconf 71' lang='lat' dir='ltr'><strong>Promethea</strong></span> <span class='ocrx_word' id='word_1_117' title='bbox 777 988 787 1004; x_wconf 87' lang='lat'><strong>,</strong></span> <span class='ocrx_word' id='word_1_118' title='bbox 822 965 856 996; x_wconf 81' lang='lat' dir='ltr'><strong>le</strong></span> <span class='ocrx_word' id='word_1_119' title='bbox 885 960 955 997; x_wconf 62' lang='lat' dir='ltr'><strong>lide</strong></span> <span class='ocrx_word' id='word_1_120' title='bbox 987 965 1112 996; x_wconf 76' lang='lat' dir='ltr'><strong>[encre</strong></span> <span class='ocrx_word' id='word_1_121' title='bbox 1141 958 1341 1007; x_wconf 59' lang='lat' dir='ltr'><strong>cxlslamm</strong></span> 
     </span>
     <span class='ocr_line' id='line_1_15' title="bbox 361 1031 1132 1084; baseline 0.003 -15"><span class='ocrx_word' id='word_1_122' title='bbox 361 1032 514 1070; x_wconf 66' lang='lat' dir='ltr'><strong>Meddt‘e&#39;</strong></span> <span class='ocrx_word' id='word_1_123' title='bbox 533 1046 646 1083; x_wconf 77' lang='lat' dir='ltr'><strong>posse</strong></span> <span class='ocrx_word' id='word_1_124' title='bbox 676 1034 864 1084; x_wconf 57' lang='lat' dir='ltr'><strong>rationem</strong></span> <span class='ocrx_word' id='word_1_125' title='bbox 896 1031 1132 1080; x_wconf 63' lang='lat' dir='ltr'><strong>iracundiae,</strong></span> 
     </span>
    </p>

    <p class='ocr_par' dir='ltr' id='par_1_8' title="bbox 157 1102 1412 1306">
     <span class='ocr_line' id='line_1_16' title="bbox 157 1102 384 1159; baseline 0.004 -16"><span class='ocrx_word' id='word_1_126' title='bbox 157 1102 384 1159; x_wconf 87' lang='lat' dir='ltr'><strong>respondit:</strong></span> 
     </span>
     <span class='ocr_line' id='line_1_17' title="bbox 362 1178 1412 1232; baseline 0.003 -15"><span class='ocrx_word' id='word_1_127' title='bbox 362 1178 554 1232; x_wconf 72' lang='lat' dir='ltr'><strong>Siquidem</strong></span> <span class='ocrx_word' id='word_1_128' title='bbox 586 1183 655 1232; x_wconf 79' lang='lat' dir='ltr'><strong>qai</strong></span> <span class='ocrx_word' id='word_1_129' title='bbox 682 1180 936 1232; x_wconf 77' lang='lat' dir='ltr'><strong>tempestivam</strong></span> <span class='ocrx_word' id='word_1_130' title='bbox 966 1184 1185 1220; x_wconf 77' lang='lat' dir='ltr'><strong>medicinam</strong></span> <span class='ocrx_word' id='word_1_131' title='bbox 1215 1180 1412 1220; x_wconf 71' lang='lat' dir='ltr'><strong>admovens</strong></span> 
     </span>
     <span class='ocr_line' id='line_1_18' title="bbox 362 1254 1290 1306; baseline 0.002 -14"><span class='ocrx_word' id='word_1_132' title='bbox 362 1254 449 1293; x_wconf 71' lang='lat' dir='ltr'><strong>Non</strong></span> <span class='ocrx_word' id='word_1_133' title='bbox 482 1256 537 1293; x_wconf 64' lang='lat' dir='ltr'><strong>(td</strong></span> <span class='ocrx_word' id='word_1_134' title='bbox 561 1269 790 1306; x_wconf 72' lang='lat' dir='ltr'><strong>gravescens</strong></span> <span class='ocrx_word' id='word_1_135' title='bbox 822 1257 954 1294; x_wconf 65' lang='lat' dir='ltr'><strong>volnus</strong></span> <span class='ocrx_word' id='word_1_136' title='bbox 985 1257 1116 1294; x_wconf 58' lang='lat' dir='ltr'><strong>illidat</strong></span> <span class='ocrx_word' id='word_1_137' title='bbox 1145 1270 1290 1294; x_wconf 72' lang='lat' dir='ltr'><strong>malms.</strong></span> 
     </span>
    </p>

    <p class='ocr_par' dir='ltr' id='par_1_9' title="bbox 156 1324 1747 1755">
     <span class='ocr_line' id='line_1_19' title="bbox 267 1324 1743 1384; baseline 0.002 -17"><span class='ocrx_word' id='word_1_138' title='bbox 267 1324 460 1368; x_wconf 84' lang='lat' dir='ltr'>XXXII.</span> <span class='ocrx_word' id='word_1_139' title='bbox 507 1334 576 1369; x_wconf 83' lang='lat'><strong>77.</strong></span> <span class='ocrx_word' id='word_1_140' title='bbox 620 1326 710 1368; x_wconf 87' lang='lat' dir='ltr'><strong>Erit</strong></span> <span class='ocrx_word' id='word_1_141' title='bbox 732 1328 852 1382; x_wconf 83' lang='lat' dir='ltr'><strong>igitur</strong></span> <span class='ocrx_word' id='word_1_142' title='bbox 879 1329 916 1369; x_wconf 91' lang='lat' dir='ltr'><strong>in</strong></span> <span class='ocrx_word' id='word_1_143' title='bbox 942 1329 1278 1369; x_wconf 77' lang='lat' dir='ltr'><strong>consolationibus</strong></span> <span class='ocrx_word' id='word_1_144' title='bbox 1311 1328 1434 1384; x_wconf 89' lang='lat' dir='ltr'><strong>prima</strong></span> <span class='ocrx_word' id='word_1_145' title='bbox 1457 1329 1649 1370; x_wconf 86' lang='lat' dir='ltr'><strong>medicina</strong></span> <span class='ocrx_word' id='word_1_146' title='bbox 1674 1330 1743 1371; x_wconf 90' lang='lat' dir='ltr'><strong>do-</strong></span> 
     </span>
     <span class='ocr_line' id='line_1_20' title="bbox 158 1401 1744 1458; baseline 0.003 -18"><span class='ocrx_word' id='word_1_147' title='bbox 158 1412 278 1450; x_wconf 86' lang='lat' dir='ltr'><strong>cere,</strong></span> <span class='ocrx_word' id='word_1_148' title='bbox 323 1407 391 1441; x_wconf 87' lang='lat' dir='ltr'><strong>aut</strong></span> <span class='ocrx_word' id='word_1_149' title='bbox 412 1401 560 1441; x_wconf 89' lang='lat' dir='ltr'><strong>nullum</strong></span> <span class='ocrx_word' id='word_1_150' title='bbox 584 1402 728 1442; x_wconf 88' lang='lat' dir='ltr'><strong>malum</strong></span> <span class='ocrx_word' id='word_1_151' title='bbox 761 1417 875 1454; x_wconf 87' lang='lat' dir='ltr'><strong>csse,</strong></span> <span class='ocrx_word' id='word_1_152' title='bbox 922 1410 989 1443; x_wconf 87' lang='lat' dir='ltr'><strong>aut</strong></span> <span class='ocrx_word' id='word_1_153' title='bbox 1012 1403 1216 1443; x_wconf 81' lang='lat' dir='ltr'><strong>admodum</strong></span> <span class='ocrx_word' id='word_1_154' title='bbox 1243 1417 1429 1458; x_wconf 78' lang='lat' dir='ltr'><strong>parvum3</strong></span> <span class='ocrx_word' id='word_1_155' title='bbox 1476 1403 1600 1444; x_wconf 81' lang='lat' dir='ltr'><strong>attera</strong></span> <span class='ocrx_word' id='word_1_156' title='bbox 1635 1411 1675 1444; x_wconf 83' lang='lat' dir='ltr'><strong>et</strong></span> <span class='ocrx_word' id='word_1_157' title='bbox 1697 1405 1744 1448; x_wconf 88' lang='lat' dir='ltr'><strong>de</strong></span> 
     </span>
     <span class='ocr_line' id='line_1_21' title="bbox 159 1474 1746 1533; baseline 0.004 -20"><span class='ocrx_word' id='word_1_158' title='bbox 159 1474 355 1514; x_wconf 90' lang='lat' dir='ltr'><strong>communi</strong></span> <span class='ocrx_word' id='word_1_159' title='bbox 377 1475 602 1517; x_wconf 89' lang='lat' dir='ltr'><strong>conditione</strong></span> <span class='ocrx_word' id='word_1_160' title='bbox 623 1476 729 1517; x_wconf 85' lang='lat' dir='ltr'><strong>vitae</strong></span> <span class='ocrx_word' id='word_1_161' title='bbox 745 1508 755 1527; x_wconf 90' lang='lat'><strong>,</strong></span> <span class='ocrx_word' id='word_1_162' title='bbox 791 1484 829 1518; x_wconf 86' lang='lat' dir='ltr'><strong>et</strong></span> <span class='ocrx_word' id='word_1_163' title='bbox 849 1478 1004 1532; x_wconf 82' lang='lat' dir='ltr'>proprie</span> <span class='ocrx_word' id='word_1_164' title='bbox 1019 1510 1030 1530; x_wconf 86' lang='lat'><strong>,</strong></span> <span class='ocrx_word' id='word_1_165' title='bbox 1065 1478 1095 1519; x_wconf 91' lang='lat' dir='ltr'><strong>si</strong></span> <span class='ocrx_word' id='word_1_166' title='bbox 1118 1479 1207 1533; x_wconf 89' lang='lat' dir='ltr'><strong>quid</strong></span> <span class='ocrx_word' id='word_1_167' title='bbox 1230 1478 1280 1519; x_wconf 91' lang='lat' dir='ltr'><strong>sit</strong></span> <span class='ocrx_word' id='word_1_168' title='bbox 1303 1478 1349 1518; x_wconf 80' lang='lat' dir='ltr'><strong>tle</strong></span> <span class='ocrx_word' id='word_1_169' title='bbox 1372 1477 1517 1533; x_wconf 87' lang='lat' dir='ltr'><strong>ipsius,</strong></span> <span class='ocrx_word' id='word_1_170' title='bbox 1551 1478 1617 1533; x_wconf 87' lang='lat' dir='ltr'><strong>qui</strong></span> <span class='ocrx_word' id='word_1_171' title='bbox 1640 1492 1746 1520; x_wconf 86' lang='lat' dir='ltr'><strong>mae-</strong></span> 
     </span>
     <span class='ocr_line' id='line_1_22' title="bbox 157 1548 1746 1604; baseline 0.004 -17"><span class='ocrx_word' id='word_1_172' title='bbox 157 1554 267 1598; x_wconf 85' lang='lat' dir='ltr'><strong>reat,</strong></span> <span class='ocrx_word' id='word_1_173' title='bbox 316 1548 611 1604; x_wconf 78' lang='lat' dir='ltr'><strong>disputandum3</strong></span> <span class='ocrx_word' id='word_1_174' title='bbox 661 1552 800 1603; x_wconf 88' lang='lat' dir='ltr'><strong>tertia,</strong></span> <span class='ocrx_word' id='word_1_175' title='bbox 849 1566 1040 1593; x_wconf 85' lang='lat' dir='ltr'><strong>suminam</strong></span> <span class='ocrx_word' id='word_1_176' title='bbox 1072 1567 1161 1593; x_wconf 90' lang='lat' dir='ltr'><strong>esse</strong></span> <span class='ocrx_word' id='word_1_177' title='bbox 1195 1552 1400 1593; x_wconf 80' lang='lat' dir='ltr'><strong>stultitiam</strong></span> <span class='ocrx_word' id='word_1_178' title='bbox 1431 1553 1575 1593; x_wconf 90' lang='lat' dir='ltr'><strong>frustra</strong></span> <span class='ocrx_word' id='word_1_179' title='bbox 1606 1553 1746 1594; x_wconf 86' lang='lat' dir='ltr'><strong>confici</strong></span> 
     </span>
     <span class='ocr_line' id='line_1_23' title="bbox 156 1624 1747 1683; baseline 0.005 -23"><span class='ocrx_word' id='word_1_180' title='bbox 156 1634 365 1674; x_wconf 82' lang='lat' dir='ltr'><strong>maerore,</strong></span> <span class='ocrx_word' id='word_1_181' title='bbox 410 1638 525 1678; x_wconf 90' lang='lat' dir='ltr'><strong>quum</strong></span> <span class='ocrx_word' id='word_1_182' title='bbox 551 1625 775 1681; x_wconf 82' lang='lat' dir='ltr'><strong>intelligas,</strong></span> <span class='ocrx_word' id='word_1_183' title='bbox 822 1627 917 1667; x_wconf 89' lang='lat' dir='ltr'><strong>nihil</strong></span> <span class='ocrx_word' id='word_1_184' title='bbox 942 1640 1058 1682; x_wconf 90' lang='lat' dir='ltr'><strong>posse</strong></span> <span class='ocrx_word' id='word_1_185' title='bbox 1081 1626 1232 1681; x_wconf 79' lang='lat' dir='ltr'><strong>profici.</strong></span> <span class='ocrx_word' id='word_1_186' title='bbox 1294 1624 1399 1666; x_wconf 75' lang='lat' dir='ltr'><strong>Nam</strong></span> <span class='ocrx_word' id='word_1_187' title='bbox 1424 1624 1639 1668; x_wconf 86' lang='lat' dir='ltr'><strong>Cleanthes</strong></span> <span class='ocrx_word' id='word_1_188' title='bbox 1662 1627 1747 1683; x_wconf 87' lang='lat' dir='ltr'><strong>qui-</strong></span> 
     </span>
     <span class='ocr_line' id='line_1_24' title="bbox 158 1693 1746 1755; baseline 0.004 -20"><span class='ocrx_word' id='word_1_189' title='bbox 158 1693 246 1735; x_wconf 86' lang='lat' dir='ltr'><strong>dem</strong></span> <span class='ocrx_word' id='word_1_190' title='bbox 278 1696 493 1751; x_wconf 85' lang='lat' dir='ltr'><strong>sapientem</strong></span> <span class='ocrx_word' id='word_1_191' title='bbox 523 1700 772 1752; x_wconf 87' lang='lat' dir='ltr'><strong>consolatur,</strong></span> <span class='ocrx_word' id='word_1_192' title='bbox 821 1701 884 1755; x_wconf 94' lang='lat' dir='ltr'><strong>qui</strong></span> <span class='ocrx_word' id='word_1_193' title='bbox 910 1700 1181 1741; x_wconf 84' lang='lat' dir='ltr'><strong>consolatione</strong></span> <span class='ocrx_word' id='word_1_194' title='bbox 1216 1714 1296 1740; x_wconf 92' lang='lat' dir='ltr'><strong>non</strong></span> <span class='ocrx_word' id='word_1_195' title='bbox 1328 1707 1433 1754; x_wconf 86' lang='lat' dir='ltr'><strong>eget.</strong></span> <span class='ocrx_word' id='word_1_196' title='bbox 1495 1699 1608 1742; x_wconf 87' lang='lat' dir='ltr'><strong>Nihil</strong></span> <span class='ocrx_word' id='word_1_197' title='bbox 1641 1701 1746 1742; x_wconf 91' lang='lat' dir='ltr'><strong>enim</strong></span> 
     </span>
    </p>
   </div>
   <div class='ocr_carea' id='block_1_8' title="bbox 159 1771 1745 1830">
    <p class='ocr_par' dir='ltr' id='par_1_10' title="bbox 159 1771 1745 1830">
     <span class='ocr_line' id='line_1_25' title="bbox 159 1771 1745 1830; baseline 0.004 -21"><span class='ocrx_word' id='word_1_198' title='bbox 159 1781 249 1810; x_wconf 90' lang='lat' dir='ltr'><strong>esse</strong></span> <span class='ocrx_word' id='word_1_199' title='bbox 275 1771 443 1824; x_wconf 87' lang='lat' dir='ltr'><strong>malum,</strong></span> <span class='ocrx_word' id='word_1_200' title='bbox 491 1774 593 1828; x_wconf 89' lang='lat' dir='ltr'><strong>quod</strong></span> <span class='ocrx_word' id='word_1_201' title='bbox 617 1781 728 1830; x_wconf 87' lang='lat' dir='ltr'><strong>turpe</strong></span> <span class='ocrx_word' id='word_1_202' title='bbox 752 1789 831 1815; x_wconf 89' lang='lat' dir='ltr'><strong>nou</strong></span> <span class='ocrx_word' id='word_1_203' title='bbox 854 1775 931 1827; x_wconf 89' lang='lat' dir='ltr'><strong>sit,</strong></span> <span class='ocrx_word' id='word_1_204' title='bbox 965 1775 998 1816; x_wconf 90' lang='lat' dir='ltr'><strong>si</strong></span> <span class='ocrx_word' id='word_1_205' title='bbox 1023 1775 1172 1829; x_wconf 84' lang='lat' dir='ltr'><strong>lugenti</strong></span> <span class='ocrx_word' id='word_1_206' title='bbox 1195 1774 1443 1830; x_wconf 88' lang='lat' dir='ltr'><strong>persuaseris</strong></span> <span class='ocrx_word' id='word_1_207' title='bbox 1460 1807 1471 1826; x_wconf 96' lang='lat'><strong>,</strong></span> <span class='ocrx_word' id='word_1_208' title='bbox 1519 1789 1598 1816; x_wconf 82' lang='lat' dir='ltr'><strong>non</strong></span> <span class='ocrx_word' id='word_1_209' title='bbox 1621 1782 1663 1816; x_wconf 84' lang='lat' dir='ltr'><strong>tu</strong></span> <span class='ocrx_word' id='word_1_210' title='bbox 1690 1775 1745 1817; x_wconf 91' lang='lat' dir='ltr'><strong>illi</strong></span> 
     </span>
    </p>
   </div>
   <div class='ocr_carea' id='block_1_9' title="bbox 158 1864 1746 1916">
    <p class='ocr_par' dir='ltr' id='par_1_11' title="bbox 158 1864 1746 1916">
     <span class='ocr_line' id='line_1_26' title="bbox 158 1864 1746 1916; baseline 0.004 -19"><span class='ocrx_word' id='word_1_211' title='bbox 158 1864 343 1908; x_wconf 84' lang='lat' dir='ltr'><strong>luntarios,</strong></span> <span class='ocrx_word' id='word_1_212' title='bbox 378 1868 412 1902; x_wconf 83' lang='lat' dir='ltr'><strong>h.</strong></span> <span class='ocrx_word' id='word_1_213' title='bbox 435 1880 465 1901; x_wconf 89' lang='lat' dir='ltr'><strong>e.</strong></span> <span class='ocrx_word' id='word_1_214' title='bbox 490 1881 553 1903; x_wconf 87' lang='lat' dir='ltr'><strong>una</strong></span> <span class='ocrx_word' id='word_1_215' title='bbox 577 1871 706 1903; x_wconf 82' lang='lat' dir='ltr'><strong>sanatio</strong></span> <span class='ocrx_word' id='word_1_216' title='bbox 729 1876 801 1910; x_wconf 88' lang='lat' dir='ltr'><strong>est,</strong></span> <span class='ocrx_word' id='word_1_217' title='bbox 836 1883 936 1915; x_wconf 88' lang='lat' dir='ltr'><strong>quum</strong></span> <span class='ocrx_word' id='word_1_218' title='bbox 970 1874 1086 1905; x_wconf 82' lang='lat' dir='ltr'><strong>censeri</strong></span> <span class='ocrx_word' id='word_1_219' title='bbox 1121 1875 1235 1913; x_wconf 80' lang='lat' dir='ltr'><strong>queat,</strong></span> <span class='ocrx_word' id='word_1_220' title='bbox 1279 1878 1324 1914; x_wconf 47' lang='lat' dir='ltr'><strong>ut,</strong></span> <span class='ocrx_word' id='word_1_221' title='bbox 1351 1870 1431 1916; x_wconf 90' lang='lat' dir='ltr'><strong>ipsis</strong></span> <span class='ocrx_word' id='word_1_222' title='bbox 1473 1870 1600 1904; x_wconf 84' lang='lat' dir='ltr'><strong>Davisii</strong></span> <span class='ocrx_word' id='word_1_223' title='bbox 1636 1871 1746 1905; x_wconf 88' lang='lat' dir='ltr'><strong>verbis</strong></span> 
     </span>
    </p>
   </div>
   <div class='ocr_carea' id='block_1_10' title="bbox 158 1912 942 3006">
    <p class='ocr_par' dir='ltr' id='par_1_12' title="bbox 161 1912 881 1960">
     <span class='ocr_line' id='line_1_27' title="bbox 161 1912 881 1960; baseline 0.008 -17"><span class='ocrx_word' id='word_1_224' title='bbox 161 1912 344 1955; x_wconf 83' lang='lat' dir='ltr'><strong>cogitamus</strong></span> <span class='ocrx_word' id='word_1_225' title='bbox 368 1921 424 1946; x_wconf 84' lang='lat' dir='ltr'><strong>aut</strong></span> <span class='ocrx_word' id='word_1_226' title='bbox 447 1916 543 1948; x_wconf 87' lang='lat' dir='ltr'><strong>nobis</strong></span> <span class='ocrx_word' id='word_1_227' title='bbox 569 1916 802 1960; x_wconf 80' lang='lat' dir='ltr'><strong>persuademus</strong></span> <span class='ocrx_word' id='word_1_228' title='bbox 818 1924 881 1949; x_wconf 84' lang='lat' dir='ltr'><strong>etc.</strong></span> 
     </span>
    </p>

    <p class='ocr_par' dir='ltr' id='par_1_13' title="bbox 158 1961 937 2276">
     <span class='ocr_line' id='line_1_28' title="bbox 228 1961 937 2003; baseline 0.007 -13"><span class='ocrx_word' id='word_1_229' title='bbox 228 1963 261 1990; x_wconf 81' lang='lat' dir='ltr'><strong>ut</strong></span> <span class='ocrx_word' id='word_1_230' title='bbox 276 1961 417 1992; x_wconf 82' lang='lat' dir='ltr'><strong>Cleanthi</strong></span> <span class='ocrx_word' id='word_1_231' title='bbox 434 1964 548 2003; x_wconf 84' lang='lat' dir='ltr'><strong>placet,</strong></span> <span class='ocrx_word' id='word_1_232' title='bbox 564 1982 608 1986; x_wconf 85' lang='lat'><strong>-—</strong></span> <span class='ocrx_word' id='word_1_233' title='bbox 629 1967 662 1994; x_wconf 81' lang='lat' dir='ltr'><strong>ut</strong></span> <span class='ocrx_word' id='word_1_234' title='bbox 673 1965 873 2003; x_wconf 79' lang='lat' dir='ltr'><strong>Peripatetici</strong></span> <span class='ocrx_word' id='word_1_235' title='bbox 891 1983 937 1987; x_wconf 96' lang='lat'><strong>—</strong></span> 
     </span>
     <span class='ocr_line' id='line_1_29' title="bbox 159 2004 935 2052; baseline 0.009 -19"><span class='ocrx_word' id='word_1_236' title='bbox 159 2005 194 2034; x_wconf 81' lang='lat' dir='ltr'><strong>ut</strong></span> <span class='ocrx_word' id='word_1_237' title='bbox 212 2004 381 2050; x_wconf 83' lang='lat' dir='ltr'><strong>Epicurus]</strong></span> <span class='ocrx_word' id='word_1_238' title='bbox 408 2007 518 2039; x_wconf 88' lang='lat' dir='ltr'><strong>Locus</strong></span> <span class='ocrx_word' id='word_1_239' title='bbox 542 2008 583 2039; x_wconf 93' lang='lat' dir='ltr'><strong>de</strong></span> <span class='ocrx_word' id='word_1_240' title='bbox 602 2015 768 2040; x_wconf 80' lang='lat' dir='ltr'><strong>structura</strong></span> <span class='ocrx_word' id='word_1_241' title='bbox 786 2009 935 2052; x_wconf 81' lang='lat' dir='ltr'><strong>geminus</strong></span> 
     </span>
     <span class='ocr_line' id='line_1_30' title="bbox 161 2050 936 2089; baseline 0.009 -10"><span class='ocrx_word' id='word_1_242' title='bbox 161 2054 212 2079; x_wconf 85' lang='lat' dir='ltr'><strong>est</strong></span> <span class='ocrx_word' id='word_1_243' title='bbox 235 2050 393 2082; x_wconf 85' lang='lat' dir='ltr'><strong>Academ.</strong></span> <span class='ocrx_word' id='word_1_244' title='bbox 416 2053 456 2084; x_wconf 87' lang='grc' dir='ltr'><strong>Π.</strong></span> <span class='ocrx_word' id='word_1_245' title='bbox 479 2053 534 2089; x_wconf 81' lang='grc'><strong>39,</strong></span> <span class='ocrx_word' id='word_1_246' title='bbox 562 2054 646 2086; x_wconf 68' lang='lat'><strong>124:</strong></span> <span class='ocrx_word' id='word_1_247' title='bbox 684 2054 718 2085; x_wconf 88' lang='lat' dir='ltr'><strong>Si</strong></span> <span class='ocrx_word' id='word_1_248' title='bbox 738 2062 806 2086; x_wconf 85' lang='lat' dir='ltr'><strong>est:</strong></span> <span class='ocrx_word' id='word_1_249' title='bbox 834 2055 936 2086; x_wconf 85' lang='lat' dir='ltr'><strong>trisne</strong></span> 
     </span>
     <span class='ocr_line' id='line_1_31' title="bbox 158 2095 934 2144; baseline 0.012 -20"><span class='ocrx_word' id='word_1_250' title='bbox 158 2099 272 2144; x_wconf 70' lang='lat' dir='ltr'><strong>partes</strong></span> <span class='ocrx_word' id='word_1_251' title='bbox 293 2095 432 2137; x_wconf 82' lang='lat' dir='ltr'><strong>habeat,</strong></span> <span class='ocrx_word' id='word_1_252' title='bbox 459 2102 491 2130; x_wconf 81' lang='lat' dir='ltr'><strong>ut</strong></span> <span class='ocrx_word' id='word_1_253' title='bbox 515 2101 640 2132; x_wconf 80' lang='lat' dir='ltr'><strong>Platoni</strong></span> <span class='ocrx_word' id='word_1_254' title='bbox 662 2102 803 2140; x_wconf 84' lang='lat' dir='ltr'><strong>placuit,</strong></span> <span class='ocrx_word' id='word_1_255' title='bbox 828 2101 934 2132; x_wconf 83' lang='lat' dir='ltr'><strong>ratio-</strong></span> 
     </span>
     <span class='ocr_line' id='line_1_32' title="bbox 159 2138 935 2186; baseline 0.013 -17"><span class='ocrx_word' id='word_1_256' title='bbox 159 2148 224 2177; x_wconf 89' lang='lat' dir='ltr'><strong>ms,</strong></span> <span class='ocrx_word' id='word_1_257' title='bbox 248 2138 336 2179; x_wconf 82' lang='lat' dir='ltr'><strong>irae,</strong></span> <span class='ocrx_word' id='word_1_258' title='bbox 373 2143 587 2184; x_wconf 86' lang='lat' dir='ltr'><strong>cupiditatis;</strong></span> <span class='ocrx_word' id='word_1_259' title='bbox 614 2164 657 2169; x_wconf 85' lang='lat'><strong>—</strong></span> <span class='ocrx_word' id='word_1_260' title='bbox 682 2157 742 2186; x_wconf 82' lang='lat' dir='ltr'><strong>an,</strong></span> <span class='ocrx_word' id='word_1_261' title='bbox 774 2151 806 2178; x_wconf 86' lang='lat' dir='ltr'><strong>ut</strong></span> <span class='ocrx_word' id='word_1_262' title='bbox 830 2149 935 2179; x_wconf 83' lang='lat' dir='ltr'><strong>Xeno-</strong></span> 
     </span>
     <span class='ocr_line' id='line_1_33' title="bbox 159 2188 937 2234; baseline 0.012 -19"><span class='ocrx_word' id='word_1_263' title='bbox 159 2188 272 2225; x_wconf 85' lang='lat' dir='ltr'><strong>crates,</strong></span> <span class='ocrx_word' id='word_1_264' title='bbox 291 2196 443 2219; x_wconf 84' lang='lat' dir='ltr'><strong>numerus</strong></span> <span class='ocrx_word' id='word_1_265' title='bbox 463 2189 553 2222; x_wconf 91' lang='lat' dir='ltr'><strong>nullo</strong></span> <span class='ocrx_word' id='word_1_266' title='bbox 575 2201 734 2234; x_wconf 81' lang='lat' dir='ltr'><strong>corpore:</strong></span> <span class='ocrx_word' id='word_1_267' title='bbox 760 2191 816 2223; x_wconf 92' lang='lat' dir='ltr'><strong>ubi</strong></span> <span class='ocrx_word' id='word_1_268' title='bbox 837 2192 937 2224; x_wconf 77' lang='lat' dir='ltr'><strong>etiam</strong></span> 
     </span>
     <span class='ocr_line' id='line_1_34' title="bbox 160 2228 555 2276; baseline 0.015 -16"><span class='ocrx_word' id='word_1_269' title='bbox 160 2228 218 2262; x_wconf 85' lang='lat' dir='ltr'><strong>alii</strong></span> <span class='ocrx_word' id='word_1_270' title='bbox 239 2229 355 2276; x_wconf 77' lang='lat' dir='ltr'><strong>legunt</strong></span> <span class='ocrx_word' id='word_1_271' title='bbox 378 2234 555 2266; x_wconf 79' lang='lat' dir='ltr'><strong>Xenocrati.</strong></span> 
     </span>
    </p>

    <p class='ocr_par' dir='ltr' id='par_1_14' title="bbox 162 2277 942 3006">
     <span class='ocr_line' id='line_1_35' title="bbox 229 2277 936 2324; baseline 0.011 -17"><span class='ocrx_word' id='word_1_272' title='bbox 229 2277 309 2308; x_wconf 80' lang='lat' dir='ltr'><strong>nihil</strong></span> <span class='ocrx_word' id='word_1_273' title='bbox 332 2278 425 2321; x_wconf 77' lang='lat' dir='ltr'><strong>mali]</strong></span> <span class='ocrx_word' id='word_1_274' title='bbox 464 2280 498 2310; x_wconf 89' lang='lat' dir='ltr'><strong>In</strong></span> <span class='ocrx_word' id='word_1_275' title='bbox 525 2280 588 2311; x_wconf 86' lang='lat' dir='ltr'><strong>hac</strong></span> <span class='ocrx_word' id='word_1_276' title='bbox 613 2293 769 2324; x_wconf 78' lang='lat' dir='ltr'><strong>perversa</strong></span> <span class='ocrx_word' id='word_1_277' title='bbox 790 2283 936 2315; x_wconf 77' lang='lat' dir='ltr'><strong>lectione</strong></span> 
     </span>
     <span class='ocr_line' id='line_1_36' title="bbox 163 2321 936 2361; baseline 0.01 -9"><span class='ocrx_word' id='word_1_278' title='bbox 163 2331 279 2353; x_wconf 86' lang='lat' dir='ltr'><strong>omnes</strong></span> <span class='ocrx_word' id='word_1_279' title='bbox 310 2321 381 2354; x_wconf 82' lang='lat' dir='ltr'><strong>fere</strong></span> <span class='ocrx_word' id='word_1_280' title='bbox 417 2323 514 2355; x_wconf 90' lang='lat' dir='ltr'><strong>codd.</strong></span> <span class='ocrx_word' id='word_1_281' title='bbox 549 2327 773 2359; x_wconf 82' lang='lat' dir='ltr'><strong>consentiunt.</strong></span> <span class='ocrx_word' id='word_1_282' title='bbox 830 2332 936 2361; x_wconf 86' lang='lat' dir='ltr'><strong>Acute</strong></span> 
     </span>
     <span class='ocr_line' id='line_1_37' title="bbox 162 2366 936 2417; baseline 0.01 -19"><span class='ocrx_word' id='word_1_283' title='bbox 162 2366 311 2409; x_wconf 86' lang='lat' dir='ltr'><strong>pervidit</strong></span> <span class='ocrx_word' id='word_1_284' title='bbox 331 2368 502 2409; x_wconf 85' lang='lat' dir='ltr'><strong>Davisius,</strong></span> <span class='ocrx_word' id='word_1_285' title='bbox 527 2381 627 2413; x_wconf 87' lang='lat' dir='ltr'><strong>quum</strong></span> <span class='ocrx_word' id='word_1_286' title='bbox 647 2379 833 2405; x_wconf 80' lang='lat' dir='ltr'><strong>ceterorum</strong></span> <span class='ocrx_word' id='word_1_287' title='bbox 853 2386 936 2417; x_wconf 88' lang='lat' dir='ltr'><strong>quae</strong></span> 
     </span>
     <span class='ocr_line' id='line_1_38' title="bbox 162 2411 936 2459; baseline 0.01 -16"><span class='ocrx_word' id='word_1_288' title='bbox 162 2411 218 2444; x_wconf 90' lang='lat' dir='ltr'><strong>hic</strong></span> <span class='ocrx_word' id='word_1_289' title='bbox 236 2412 427 2446; x_wconf 86' lang='lat' dir='ltr'><strong>referuntur</strong></span> <span class='ocrx_word' id='word_1_290' title='bbox 447 2413 657 2448; x_wconf 90' lang='lat' dir='ltr'><strong>decretorum</strong></span> <span class='ocrx_word' id='word_1_291' title='bbox 677 2419 811 2459; x_wconf 89' lang='lat' dir='ltr'><strong>patroni</strong></span> <span class='ocrx_word' id='word_1_292' title='bbox 829 2419 936 2451; x_wconf 91' lang='lat' dir='ltr'><strong>nomi-</strong></span> 
     </span>
     <span class='ocr_line' id='line_1_39' title="bbox 162 2458 938 2507; baseline 0.01 -18"><span class='ocrx_word' id='word_1_293' title='bbox 162 2458 234 2489; x_wconf 85' lang='lat' dir='ltr'><strong>nati</strong></span> <span class='ocrx_word' id='word_1_294' title='bbox 256 2458 342 2498; x_wconf 87' lang='lat' dir='ltr'><strong>sint,</strong></span> <span class='ocrx_word' id='word_1_295' title='bbox 377 2459 477 2492; x_wconf 89' lang='lat' dir='ltr'><strong>etiam</strong></span> <span class='ocrx_word' id='word_1_296' title='bbox 496 2460 591 2492; x_wconf 87' lang='lat' dir='ltr'><strong>huius</strong></span> <span class='ocrx_word' id='word_1_297' title='bbox 610 2463 796 2495; x_wconf 81' lang='lat' dir='ltr'><strong>sententiae</strong></span> <span class='ocrx_word' id='word_1_298' title='bbox 819 2472 938 2507; x_wconf 84' lang='lat' dir='ltr'><strong>patro—</strong></span> 
     </span>
     <span class='ocr_line' id='line_1_40' title="bbox 163 2506 939 2550; baseline 0.009 -16"><span class='ocrx_word' id='word_1_299' title='bbox 163 2513 284 2535; x_wconf 88' lang='lat' dir='ltr'><strong>norum</strong></span> <span class='ocrx_word' id='word_1_300' title='bbox 302 2515 424 2537; x_wconf 88' lang='lat' dir='ltr'><strong>nomen</strong></span> <span class='ocrx_word' id='word_1_301' title='bbox 444 2506 539 2550; x_wconf 89' lang='lat' dir='ltr'><strong>sequi</strong></span> <span class='ocrx_word' id='word_1_302' title='bbox 557 2506 688 2539; x_wconf 85' lang='lat' dir='ltr'><strong>debere.</strong></span> <span class='ocrx_word' id='word_1_303' title='bbox 736 2509 807 2540; x_wconf 90' lang='lat' dir='ltr'><strong>Hos</strong></span> <span class='ocrx_word' id='word_1_304' title='bbox 828 2517 939 2541; x_wconf 84' lang='lat' dir='ltr'><strong>autem</strong></span> 
     </span>
     <span class='ocr_line' id='line_1_41' title="bbox 168 2547 937 2597; baseline 0.008 -17"><span class='ocrx_word' id='word_1_305' title='bbox 168 2547 366 2592; x_wconf 81' lang='lat' dir='ltr'><strong>Cyrenaicos</strong></span> <span class='ocrx_word' id='word_1_306' title='bbox 385 2551 498 2593; x_wconf 87' lang='lat' dir='ltr'><strong>fuisse,</strong></span> <span class='ocrx_word' id='word_1_307' title='bbox 523 2552 576 2584; x_wconf 86' lang='lat' dir='ltr'><strong>vel</strong></span> <span class='ocrx_word' id='word_1_308' title='bbox 596 2564 636 2584; x_wconf 84' lang='lat' dir='ltr'><strong>ex</strong></span> <span class='ocrx_word' id='word_1_309' title='bbox 654 2553 693 2584; x_wconf 91' lang='lat' dir='ltr'><strong>iis</strong></span> <span class='ocrx_word' id='word_1_310' title='bbox 712 2553 826 2597; x_wconf 83' lang='lat' dir='ltr'><strong>liquet,</strong></span> <span class='ocrx_word' id='word_1_311' title='bbox 854 2566 937 2597; x_wconf 86' lang='lat' dir='ltr'><strong>quae</strong></span> 
     </span>
     <span class='ocr_line' id='line_1_42' title="bbox 164 2593 938 2640; baseline 0.008 -15"><span class='ocrx_word' id='word_1_312' title='bbox 164 2593 304 2637; x_wconf 83' lang='lat' dir='ltr'><strong>legimus</strong></span> <span class='ocrx_word' id='word_1_313' title='bbox 317 2608 416 2640; x_wconf 80' lang='lat' dir='ltr'><strong>supra</strong></span> <span class='ocrx_word' id='word_1_314' title='bbox 435 2609 461 2629; x_wconf 93' lang='lat' dir='ltr'><strong>c.</strong></span> <span class='ocrx_word' id='word_1_315' title='bbox 476 2597 526 2638; x_wconf 83' lang='lat'><strong>13,</strong></span> <span class='ocrx_word' id='word_1_316' title='bbox 541 2597 595 2631; x_wconf 84' lang='lat'><strong>29.</strong></span> <span class='ocrx_word' id='word_1_317' title='bbox 611 2604 645 2630; x_wconf 85' lang='lat' dir='ltr'><strong>et</strong></span> <span class='ocrx_word' id='word_1_318' title='bbox 661 2610 688 2631; x_wconf 91' lang='lat' dir='ltr'><strong>c.</strong></span> <span class='ocrx_word' id='word_1_319' title='bbox 701 2600 756 2640; x_wconf 70' lang='lat'><strong>22,</strong></span> <span class='ocrx_word' id='word_1_320' title='bbox 772 2599 825 2636; x_wconf 72' lang='lat'><strong>52.</strong></span> <span class='ocrx_word' id='word_1_321' title='bbox 850 2600 938 2632; x_wconf 90' lang='lat' dir='ltr'><strong>Hinc</strong></span> 
     </span>
     <span class='ocr_line' id='line_1_43' title="bbox 165 2641 938 2685; baseline 0.006 -14"><span class='ocrx_word' id='word_1_322' title='bbox 165 2645 264 2672; x_wconf 86' lang='lat' dir='ltr'><strong>acute</strong></span> <span class='ocrx_word' id='word_1_323' title='bbox 303 2641 481 2685; x_wconf 84' lang='lat' dir='ltr'><strong>legendum</strong></span> <span class='ocrx_word' id='word_1_324' title='bbox 524 2643 656 2676; x_wconf 89' lang='lat' dir='ltr'><strong>coniicit</strong></span> <span class='ocrx_word' id='word_1_325' title='bbox 692 2647 726 2676; x_wconf 85' lang='lat' dir='ltr'><strong>ut</strong></span> <span class='ocrx_word' id='word_1_326' title='bbox 765 2646 938 2683; x_wconf 82' lang='lat' dir='ltr'><strong>Cyrenaici.</strong></span> 
     </span>
     <span class='ocr_line' id='line_1_44' title="bbox 165 2684 939 2733; baseline 0.006 -17"><span class='ocrx_word' id='word_1_327' title='bbox 165 2684 286 2729; x_wconf 85' lang='lat' dir='ltr'><strong>Neque</strong></span> <span class='ocrx_word' id='word_1_328' title='bbox 301 2699 381 2720; x_wconf 77' lang='lat' dir='ltr'><strong>vero</strong></span> <span class='ocrx_word' id='word_1_329' title='bbox 395 2689 545 2732; x_wconf 88' lang='lat' dir='ltr'><strong>cuiquam</strong></span> <span class='ocrx_word' id='word_1_330' title='bbox 562 2689 740 2722; x_wconf 85' lang='lat' dir='ltr'><strong>offensioni</strong></span> <span class='ocrx_word' id='word_1_331' title='bbox 755 2689 828 2729; x_wconf 81' lang='lat' dir='ltr'><strong>erit,</strong></span> <span class='ocrx_word' id='word_1_332' title='bbox 850 2690 939 2733; x_wconf 87' lang='lat' dir='ltr'><strong>quod</strong></span> 
     </span>
     <span class='ocr_line' id='line_1_45' title="bbox 165 2729 939 2779; baseline 0.008 -18"><span class='ocrx_word' id='word_1_333' title='bbox 165 2729 249 2762; x_wconf 90' lang='lat' dir='ltr'><strong>haec</strong></span> <span class='ocrx_word' id='word_1_334' title='bbox 282 2733 472 2767; x_wconf 86' lang='lat' dir='ltr'><strong>emendatio</strong></span> <span class='ocrx_word' id='word_1_335' title='bbox 502 2747 521 2767; x_wconf 90' lang='lat' dir='ltr'><strong>a</strong></span> <span class='ocrx_word' id='word_1_336' title='bbox 546 2735 680 2779; x_wconf 83' lang='lat' dir='ltr'><strong>vulgata</strong></span> <span class='ocrx_word' id='word_1_337' title='bbox 709 2735 853 2767; x_wconf 90' lang='lat' dir='ltr'><strong>lectione</strong></span> <span class='ocrx_word' id='word_1_338' title='bbox 884 2735 939 2767; x_wconf 87' lang='lat' dir='ltr'><strong>ni—</strong></span> 
     </span>
     <span class='ocr_line' id='line_1_46' title="bbox 165 2775 937 2824; baseline 0.006 -17"><span class='ocrx_word' id='word_1_339' title='bbox 165 2775 269 2808; x_wconf 83' lang='lat' dir='ltr'><strong>mium</strong></span> <span class='ocrx_word' id='word_1_340' title='bbox 287 2777 440 2812; x_wconf 85' lang='lat' dir='ltr'><strong>videatur</strong></span> <span class='ocrx_word' id='word_1_341' title='bbox 463 2781 629 2814; x_wconf 85' lang='lat' dir='ltr'><strong>recedere.</strong></span> <span class='ocrx_word' id='word_1_342' title='bbox 673 2781 762 2813; x_wconf 87' lang='lat' dir='ltr'><strong>Nam</strong></span> <span class='ocrx_word' id='word_1_343' title='bbox 784 2781 937 2824; x_wconf 80' lang='lat' dir='ltr'><strong>primum,</strong></span> 
     </span>
     <span class='ocr_line' id='line_1_47' title="bbox 166 2819 939 2871; baseline 0.008 -19"><span class='ocrx_word' id='word_1_344' title='bbox 166 2819 201 2871; x_wconf 65' lang='lat' dir='ltr'><strong>in</strong></span> <span class='ocrx_word' id='word_1_345' title='bbox 224 2823 394 2857; x_wconf 81' lang='lat' dir='ltr'><strong>nominum</strong></span> <span class='ocrx_word' id='word_1_346' title='bbox 416 2826 627 2870; x_wconf 88' lang='lat' dir='ltr'><strong>propriorum</strong></span> <span class='ocrx_word' id='word_1_347' title='bbox 650 2826 814 2870; x_wconf 85' lang='lat' dir='ltr'><strong>scriptura</strong></span> <span class='ocrx_word' id='word_1_348' title='bbox 839 2838 939 2871; x_wconf 85' lang='lat' dir='ltr'><strong>saepe</strong></span> 
     </span>
     <span class='ocr_line' id='line_1_48' title="bbox 166 2866 941 2914; baseline 0.012 -18"><span class='ocrx_word' id='word_1_349' title='bbox 166 2866 342 2910; x_wconf 73' lang='lat' dir='ltr'><strong>insigniter</strong></span> <span class='ocrx_word' id='word_1_350' title='bbox 373 2870 458 2914; x_wconf 87' lang='lat' dir='ltr'><strong>lapsi</strong></span> <span class='ocrx_word' id='word_1_351' title='bbox 492 2879 569 2904; x_wconf 87' lang='lat' dir='ltr'><strong>sunt</strong></span> <span class='ocrx_word' id='word_1_352' title='bbox 603 2872 749 2911; x_wconf 81' lang='lat' dir='ltr'><strong>librarii3</strong></span> <span class='ocrx_word' id='word_1_353' title='bbox 785 2879 856 2904; x_wconf 87' lang='lat' dir='ltr'><strong>tum</strong></span> <span class='ocrx_word' id='word_1_354' title='bbox 869 2898 877 2912; x_wconf 91' lang='lat'><strong>,</strong></span> <span class='ocrx_word' id='word_1_355' title='bbox 913 2875 941 2905; x_wconf 89' lang='lat' dir='ltr'><strong>si</strong></span> 
     </span>
     <span class='ocr_line' id='line_1_49' title="bbox 166 2910 942 2960; baseline 0.012 -19"><span class='ocrx_word' id='word_1_356' title='bbox 166 2910 278 2945; x_wconf 79' lang='lat' dir='ltr'><strong>ductus</strong></span> <span class='ocrx_word' id='word_1_357' title='bbox 321 2915 466 2950; x_wconf 70' lang='lat' dir='ltr'><strong>attendas</strong></span> <span class='ocrx_word' id='word_1_358' title='bbox 508 2920 703 2960; x_wconf 74' lang='lat' dir='ltr'><strong>litterarum,</strong></span> <span class='ocrx_word' id='word_1_359' title='bbox 745 2928 768 2950; x_wconf 89' lang='lat' dir='ltr'><strong>a</strong></span> <span class='ocrx_word' id='word_1_360' title='bbox 808 2921 942 2959; x_wconf 80' lang='lat' dir='ltr'><strong>vul9ata</strong></span> 
     </span>
     <span class='ocr_line' id='line_1_50' title="bbox 164 2956 942 3006; baseline 0.013 -20"><span class='ocrx_word' id='word_1_361' title='bbox 164 2956 232 2987; x_wconf 75' lang='lat' dir='ltr'><strong>tam</strong></span> <span class='ocrx_word' id='word_1_362' title='bbox 252 2959 340 2999; x_wconf 71' lang='lat' dir='ltr'><strong>longe</strong></span> <span class='ocrx_word' id='word_1_363' title='bbox 359 2972 422 2995; x_wconf 80' lang='lat' dir='ltr'><strong>non</strong></span> <span class='ocrx_word' id='word_1_364' title='bbox 442 2965 575 3004; x_wconf 77' lang='lat' dir='ltr'><strong>abeunt,</strong></span> <span class='ocrx_word' id='word_1_365' title='bbox 614 2975 712 3006; x_wconf 81' lang='lat' dir='ltr'><strong>quam</strong></span> <span class='ocrx_word' id='word_1_366' title='bbox 729 2966 839 3006; x_wconf 82' lang='lat' dir='ltr'><strong>prima</strong></span> <span class='ocrx_word' id='word_1_367' title='bbox 860 2966 942 3005; x_wconf 72' lang='lat' dir='ltr'><strong>facie</strong></span> 
     </span>
    </p>
   </div>
   <div class='ocr_carea' id='block_1_11' title="bbox 969 1925 1747 2052">
    <p class='ocr_par' dir='ltr' id='par_1_15' title="bbox 969 1925 1747 2052">
     <span class='ocr_line' id='line_1_51' title="bbox 972 1925 1055 1949; baseline -0.012 0"><span class='ocrx_word' id='word_1_368' title='bbox 972 1925 1055 1949; x_wconf 85' lang='lat' dir='ltr'><strong>utar.</strong></span> 
     </span>
     <span class='ocr_line' id='line_1_52' title="bbox 1039 1965 1747 2005; baseline 0.001 -10"><span class='ocrx_word' id='word_1_369' title='bbox 1039 1965 1216 2004; x_wconf 80' lang='lat' dir='ltr'><strong>opinionem</strong></span> <span class='ocrx_word' id='word_1_370' title='bbox 1238 1965 1409 2004; x_wconf 75' lang='lat' dir='ltr'><strong>maerenti,</strong></span> <span class='ocrx_word' id='word_1_371' title='bbox 1433 1965 1460 1996; x_wconf 80' lang='lat' dir='ltr'><strong>si</strong></span> <span class='ocrx_word' id='word_1_372' title='bbox 1482 1972 1513 1996; x_wconf 88' lang='lat' dir='ltr'><strong>se</strong></span> <span class='ocrx_word' id='word_1_373' title='bbox 1531 1965 1635 2005; x_wconf 76' lang='lat' dir='ltr'><strong>officio</strong></span> <span class='ocrx_word' id='word_1_374' title='bbox 1655 1965 1747 2005; x_wconf 68' lang='lat' dir='ltr'><strong>fungi</strong></span> 
     </span>
     <span class='ocr_line' id='line_1_53' title="bbox 969 2008 1745 2052; baseline -0.001 -11"><span class='ocrx_word' id='word_1_375' title='bbox 969 2009 1069 2052; x_wconf 78' lang='lat' dir='ltr'><strong>putet]</strong></span> <span class='ocrx_word' id='word_1_376' title='bbox 1092 2009 1227 2052; x_wconf 77' lang='lat' dir='ltr'><strong>Saepius</strong></span> <span class='ocrx_word' id='word_1_377' title='bbox 1243 2020 1304 2052; x_wconf 88' lang='lat' dir='ltr'><strong>pro</strong></span> <span class='ocrx_word' id='word_1_378' title='bbox 1319 2008 1508 2041; x_wconf 86' lang='lat' dir='ltr'><strong>accusativo</strong></span> <span class='ocrx_word' id='word_1_379' title='bbox 1522 2020 1549 2041; x_wconf 89' lang='lat' dir='ltr'><strong>c.</strong></span> <span class='ocrx_word' id='word_1_380' title='bbox 1563 2009 1626 2040; x_wconf 87' lang='lat' dir='ltr'><strong>ins.</strong></span> <span class='ocrx_word' id='word_1_381' title='bbox 1641 2020 1745 2041; x_wconf 87' lang='lat' dir='ltr'><strong>enun-</strong></span> 
     </span>
    </p>
   </div>
   <div class='ocr_carea' id='block_1_12' title="bbox 972 2053 1808 2098">
    <p class='ocr_par' dir='ltr' id='par_1_16' title="bbox 972 2053 1808 2098">
     <span class='ocr_line' id='line_1_54' title="bbox 972 2053 1808 2098; baseline 0.001 -12"><span class='ocrx_word' id='word_1_382' title='bbox 972 2055 1068 2087; x_wconf 80' lang='lat' dir='ltr'><strong>tiatio</strong></span> <span class='ocrx_word' id='word_1_383' title='bbox 1104 2054 1339 2087; x_wconf 80' lang='lat' dir='ltr'><strong>conditionalis</strong></span> <span class='ocrx_word' id='word_1_384' title='bbox 1372 2053 1603 2098; x_wconf 81' lang='lat' dir='ltr'><strong>explicationis</strong></span> <span class='ocrx_word' id='word_1_385' title='bbox 1633 2066 1747 2087; x_wconf 84' lang='lat' dir='ltr'><strong>caussa</strong></span> <span class='ocrx_word' id='word_1_386' title='bbox 1806 2056 1808 2058; x_wconf 80' lang='grc'><strong>’</strong></span> 
     </span>
    </p>
   </div>
   <div class='ocr_carea' id='block_1_13' title="bbox 971 2099 1750 3010">
    <p class='ocr_par' dir='ltr' id='par_1_17' title="bbox 971 2099 1750 3010">
     <span class='ocr_line' id='line_1_55' title="bbox 972 2099 1747 2141; baseline 0.001 -10"><span class='ocrx_word' id='word_1_387' title='bbox 972 2100 1154 2132; x_wconf 86' lang='lat' dir='ltr'><strong>subiicitur.</strong></span> <span class='ocrx_word' id='word_1_388' title='bbox 1181 2101 1276 2132; x_wconf 90' lang='lat' dir='ltr'><strong>Verr.</strong></span> <span class='ocrx_word' id='word_1_389' title='bbox 1298 2101 1353 2132; x_wconf 79' lang='lat' dir='ltr'><strong>lli.</strong></span> <span class='ocrx_word' id='word_1_390' title='bbox 1376 2099 1430 2141; x_wconf 85' lang='lat'><strong>91,</strong></span> <span class='ocrx_word' id='word_1_391' title='bbox 1450 2101 1538 2134; x_wconf 75' lang='lat'>213:</span> <span class='ocrx_word' id='word_1_392' title='bbox 1563 2100 1668 2132; x_wconf 91' lang='lat' dir='ltr'><strong>multo</strong></span> <span class='ocrx_word' id='word_1_393' title='bbox 1691 2099 1747 2132; x_wconf 83' lang='lat' dir='ltr'><strong>isti</strong></span> 
     </span>
     <span class='ocr_line' id='line_1_56' title="bbox 973 2145 1747 2190; baseline 0.001 -12"><span class='ocrx_word' id='word_1_394' title='bbox 973 2146 1190 2189; x_wconf 83' lang='lat' dir='ltr'><strong>perniciosius</strong></span> <span class='ocrx_word' id='word_1_395' title='bbox 1213 2147 1257 2179; x_wconf 84' lang='lat' dir='ltr'><strong>sit</strong></span> <span class='ocrx_word' id='word_1_396' title='bbox 1278 2146 1411 2185; x_wconf 87' lang='lat' dir='ltr'><strong>dicere,</strong></span> <span class='ocrx_word' id='word_1_397' title='bbox 1443 2157 1480 2178; x_wconf 86' lang='lat' dir='ltr'><strong>se</strong></span> <span class='ocrx_word' id='word_1_398' title='bbox 1502 2145 1536 2178; x_wconf 91' lang='lat' dir='ltr'><strong>in</strong></span> <span class='ocrx_word' id='word_1_399' title='bbox 1558 2157 1595 2178; x_wconf 89' lang='lat' dir='ltr'><strong>re</strong></span> <span class='ocrx_word' id='word_1_400' title='bbox 1615 2146 1747 2190; x_wconf 88' lang='lat' dir='ltr'><strong>impro-</strong></span> 
     </span>
     <span class='ocr_line' id='line_1_57' title="bbox 972 2191 1747 2238; baseline 0.001 -15"><span class='ocrx_word' id='word_1_401' title='bbox 972 2192 1105 2223; x_wconf 87' lang='lat' dir='ltr'><strong>bissima</strong></span> <span class='ocrx_word' id='word_1_402' title='bbox 1127 2192 1271 2224; x_wconf 79' lang='lat' dir='ltr'><strong>voluisse</strong></span> <span class='ocrx_word' id='word_1_403' title='bbox 1287 2191 1467 2224; x_wconf 86' lang='lat' dir='ltr'><strong>Antonium</strong></span> <span class='ocrx_word' id='word_1_404' title='bbox 1487 2191 1622 2238; x_wconf 61' lang='lat' dir='ltr'><strong>imitari,</strong></span> <span class='ocrx_word' id='word_1_405' title='bbox 1648 2203 1747 2236; x_wconf 87' lang='lat' dir='ltr'><strong>quam</strong></span> 
     </span>
     <span class='ocr_line' id='line_1_58' title="bbox 971 2237 1746 2278; baseline 0 -8"><span class='ocrx_word' id='word_1_406' title='bbox 971 2241 999 2270; x_wconf 82' lang='lat' dir='ltr'><strong>si</strong></span> <span class='ocrx_word' id='word_1_407' title='bbox 1019 2237 1202 2269; x_wconf 76' lang='lat' dir='ltr'><strong>defendere</strong></span> <span class='ocrx_word' id='word_1_408' title='bbox 1232 2240 1351 2278; x_wconf 71' lang='lat' dir='ltr'><strong>possit,</strong></span> <span class='ocrx_word' id='word_1_409' title='bbox 1386 2237 1467 2269; x_wconf 84' lang='lat' dir='ltr'><strong>nihil</strong></span> <span class='ocrx_word' id='word_1_410' title='bbox 1491 2237 1526 2270; x_wconf 84' lang='lat' dir='ltr'><strong>in</strong></span> <span class='ocrx_word' id='word_1_411' title='bbox 1548 2237 1618 2271; x_wconf 75' lang='lat' dir='ltr'><strong>vita</strong></span> <span class='ocrx_word' id='word_1_412' title='bbox 1639 2249 1676 2270; x_wconf 79' lang='lat' dir='ltr'><strong>se</strong></span> <span class='ocrx_word' id='word_1_413' title='bbox 1697 2238 1746 2270; x_wconf 92' lang='lat' dir='ltr'><strong>M.</strong></span> 
     </span>
     <span class='ocr_line' id='line_1_59' title="bbox 971 2280 1395 2315; baseline -0.002 0"><span class='ocrx_word' id='word_1_414' title='bbox 971 2283 1109 2315; x_wconf 87' lang='lat' dir='ltr'><strong>Antonii</strong></span> <span class='ocrx_word' id='word_1_415' title='bbox 1133 2282 1241 2314; x_wconf 86' lang='lat' dir='ltr'><strong>simile</strong></span> <span class='ocrx_word' id='word_1_416' title='bbox 1254 2280 1395 2315; x_wconf 68' lang='lat' dir='ltr'><strong>“fecisse.</strong></span> 
     </span>
     <span class='ocr_line' id='line_1_60' title="bbox 1038 2329 1747 2373; baseline 0.001 -13"><span class='ocrx_word' id='word_1_417' title='bbox 1038 2330 1138 2361; x_wconf 82' lang='lat' dir='ltr'><strong>omnis</strong></span> <span class='ocrx_word' id='word_1_418' title='bbox 1160 2331 1194 2361; x_wconf 84' lang='lat' dir='ltr'><strong>in</strong></span> <span class='ocrx_word' id='word_1_419' title='bbox 1213 2329 1260 2373; x_wconf 91' lang='lat' dir='ltr'><strong>eo]</strong></span> <span class='ocrx_word' id='word_1_420' title='bbox 1288 2329 1365 2360; x_wconf 88' lang='lat' dir='ltr'><strong>Scil.</strong></span> <span class='ocrx_word' id='word_1_421' title='bbox 1387 2333 1518 2369; x_wconf 82' lang='lat' dir='ltr'><strong>tumore,</strong></span> <span class='ocrx_word' id='word_1_422' title='bbox 1541 2340 1610 2361; x_wconf 88' lang='lat' dir='ltr'><strong>non</strong></span> <span class='ocrx_word' id='word_1_423' title='bbox 1630 2330 1747 2361; x_wconf 82' lang='lat' dir='ltr'><strong>animo.</strong></span> 
     </span>
     <span class='ocr_line' id='line_1_61' title="bbox 1033 2374 1748 2418; baseline -0.001 -12"><span class='ocrx_word' id='word_1_424' title='bbox 1033 2374 1188 2418; x_wconf 81' lang='lat' dir='ltr'><strong>Aeschyli]</strong></span> <span class='ocrx_word' id='word_1_425' title='bbox 1204 2374 1371 2406; x_wconf 85' lang='lat' dir='ltr'><strong>Prometh.</strong></span> <span class='ocrx_word' id='word_1_426' title='bbox 1384 2374 1494 2407; x_wconf 87' lang='lat' dir='ltr'><strong>Vinct.</strong></span> <span class='ocrx_word' id='word_1_427' title='bbox 1506 2386 1538 2408; x_wconf 87' lang='lat' dir='ltr'><strong>v.</strong></span> <span class='ocrx_word' id='word_1_428' title='bbox 1549 2374 1628 2409; x_wconf 87' lang='lat'><strong>377.</strong></span> <span class='ocrx_word' id='word_1_429' title='bbox 1642 2376 1748 2406; x_wconf 82' lang='lat' dir='ltr'><strong>Ocea-</strong></span> 
     </span>
     <span class='ocr_line' id='line_1_62' title="bbox 972 2419 1222 2463; baseline -0.004 -12"><span class='ocrx_word' id='word_1_430' title='bbox 972 2431 1032 2451; x_wconf 90' lang='lat' dir='ltr'><strong>nus</strong></span> <span class='ocrx_word' id='word_1_431' title='bbox 1055 2419 1222 2463; x_wconf 87' lang='lat' dir='ltr'><strong>loquitur:</strong></span> 
     </span>
     <span class='ocr_line' id='line_1_63' title="bbox 996 2459 1748 2508; baseline -0.001 -10"><span class='ocrx_word' id='word_1_432' title='bbox 996 2462 1140 2505; x_wconf 71' lang='grc' dir='ltr'>Οὔκουν,</span> <span class='ocrx_word' id='word_1_433' title='bbox 1157 2464 1361 2508; x_wconf 66' lang='grc' dir='ltr'>Προμηῖῐεῦ,</span> <span class='ocrx_word' id='word_1_434' title='bbox 1377 2465 1476 2500; x_wconf 79' lang='grc' dir='ltr'>τοῦτο</span> <span class='ocrx_word' id='word_1_435' title='bbox 1489 2462 1679 2508; x_wconf 77' lang='grc' dir='ltr'><strong>γινώσκεις,</strong></span> <span class='ocrx_word' id='word_1_436' title='bbox 1695 2459 1748 2498; x_wconf 67' lang='grc' dir='ltr'><strong>ἔτι</strong></span> 
     </span>
     <span class='ocr_line' id='line_1_64' title="bbox 994 2505 1692 2553; baseline 0 -9"><span class='ocrx_word' id='word_1_437' title='bbox 994 2507 1125 2553; x_wconf 84' lang='grc' dir='ltr'>Ὀργῆς</span> <span class='ocrx_word' id='word_1_438' title='bbox 1147 2509 1316 2553; x_wconf 79' lang='grc' dir='ltr'>νοσούσης</span> <span class='ocrx_word' id='word_1_439' title='bbox 1339 2510 1422 2544; x_wconf 79' lang='grc' dir='ltr'>εἰσὶν</span> <span class='ocrx_word' id='word_1_440' title='bbox 1449 2509 1556 2553; x_wconf 76' lang='grc' dir='ltr'>ἰατροὶ</span> <span class='ocrx_word' id='word_1_441' title='bbox 1579 2505 1692 2553; x_wconf 86' lang='grc' dir='ltr'><strong>λόγοι;</strong></span> 
     </span>
     <span class='ocr_line' id='line_1_65' title="bbox 976 2555 1501 2599; baseline 0 -13"><span class='ocrx_word' id='word_1_442' title='bbox 976 2555 1035 2586; x_wconf 86' lang='lat' dir='ltr'><strong>Cui</strong></span> <span class='ocrx_word' id='word_1_443' title='bbox 1059 2556 1278 2588; x_wconf 86' lang='lat' dir='ltr'><strong>Prometheus</strong></span> <span class='ocrx_word' id='word_1_444' title='bbox 1303 2555 1501 2599; x_wconf 81' lang='lat' dir='ltr'><strong>respondet:</strong></span> 
     </span>
     <span class='ocr_line' id='line_1_66' title="bbox 994 2596 1724 2646; baseline 0.001 -13"><span class='ocrx_word' id='word_1_445' title='bbox 994 2597 1079 2633; x_wconf 87' lang='grc' dir='ltr'><strong>Ἐάν</strong></span> <span class='ocrx_word' id='word_1_446' title='bbox 1103 2613 1153 2639; x_wconf 87' lang='grc' dir='ltr'><strong>τις</strong></span> <span class='ocrx_word' id='word_1_447' title='bbox 1178 2600 1210 2634; x_wconf 82' lang='grc' dir='ltr'><strong>ἐν</strong></span> <span class='ocrx_word' id='word_1_448' title='bbox 1235 2601 1344 2646; x_wconf 79' lang='grc' dir='ltr'>καιρῷ</span> <span class='ocrx_word' id='word_1_449' title='bbox 1369 2611 1409 2643; x_wconf 80' lang='grc' dir='ltr'><strong>γε</strong></span> <span class='ocrx_word' id='word_1_450' title='bbox 1430 2596 1618 2644; x_wconf 60' lang='grc' dir='ltr'>μαλῧάσσῃ</span> <span class='ocrx_word' id='word_1_451' title='bbox 1640 2599 1724 2643; x_wconf 83' lang='grc' dir='ltr'>κέαρ</span> 
     </span>
     <span class='ocr_line' id='line_1_67' title="bbox 995 2644 1746 2692; baseline 0.003 -14"><span class='ocrx_word' id='word_1_452' title='bbox 995 2645 1066 2678; x_wconf 82' lang='grc' dir='ltr'><strong>Καὶ</strong></span> <span class='ocrx_word' id='word_1_453' title='bbox 1090 2644 1136 2688; x_wconf 71' lang='grc' dir='ltr'><strong>μή</strong></span> <span class='ocrx_word' id='word_1_454' title='bbox 1156 2647 1351 2689; x_wconf 73' lang='grc' dir='ltr'>σφριγῶντα</span> <span class='ocrx_word' id='word_1_455' title='bbox 1371 2644 1479 2688; x_wconf 59' lang='grc' dir='ltr'>Ξυμὸν</span> <span class='ocrx_word' id='word_1_456' title='bbox 1503 2645 1654 2691; x_wconf 78' lang='grc' dir='ltr'>ἰσχναίνῃ</span> <span class='ocrx_word' id='word_1_457' title='bbox 1677 2647 1746 2692; x_wconf 79' lang='grc' dir='ltr'><strong>βίᾳ.</strong></span> 
     </span>
     <span class='ocr_line' id='line_1_68' title="bbox 1041 2692 1746 2737; baseline 0.006 -15"><span class='ocrx_word' id='word_1_458' title='bbox 1041 2693 1092 2722; x_wconf 78' lang='lat' dir='ltr'><strong>cui</strong></span> <span class='ocrx_word' id='word_1_459' title='bbox 1123 2702 1218 2731; x_wconf 80' lang='lat' dir='ltr'><strong>quum</strong></span> <span class='ocrx_word' id='word_1_460' title='bbox 1248 2693 1368 2723; x_wconf 76' lang='lat' dir='ltr'><strong>dicium</strong></span> <span class='ocrx_word' id='word_1_461' title='bbox 1400 2694 1476 2723; x_wconf 82' lang='lat' dir='ltr'><strong>esset</strong></span> <span class='ocrx_word' id='word_1_462' title='bbox 1505 2709 1551 2716; x_wconf 91' lang='lat'><strong>—-</strong></span> <span class='ocrx_word' id='word_1_463' title='bbox 1573 2692 1746 2737; x_wconf 71' lang='lat' dir='ltr'><strong>respondit]</strong></span> 
     </span>
     <span class='ocr_line' id='line_1_69' title="bbox 973 2735 1748 2779; baseline 0.005 -13"><span class='ocrx_word' id='word_1_464' title='bbox 973 2736 1036 2767; x_wconf 87' lang='lat' dir='ltr'><strong>Per</strong></span> <span class='ocrx_word' id='word_1_465' title='bbox 1061 2747 1163 2778; x_wconf 86' lang='lat' dir='ltr'><strong>genus</strong></span> <span class='ocrx_word' id='word_1_466' title='bbox 1188 2735 1357 2779; x_wconf 86' lang='lat' dir='ltr'><strong>quoddam</strong></span> <span class='ocrx_word' id='word_1_467' title='bbox 1387 2736 1596 2769; x_wconf 84' lang='lat' dir='ltr'><strong>attractionis</strong></span> <span class='ocrx_word' id='word_1_468' title='bbox 1621 2737 1748 2770; x_wconf 85' lang='lat' dir='ltr'><strong>dictum</strong></span> 
     </span>
     <span class='ocr_line' id='line_1_70' title="bbox 974 2780 1750 2825; baseline 0.006 -13"><span class='ocrx_word' id='word_1_469' title='bbox 974 2780 1052 2824; x_wconf 78' lang='lat' dir='ltr'><strong>pro:</strong></span> <span class='ocrx_word' id='word_1_470' title='bbox 1078 2792 1095 2821; x_wconf 84' lang='lat' dir='ltr'><strong><em>q</em></strong></span> <span class='ocrx_word' id='word_1_471' title='bbox 1108 2784 1170 2821; x_wconf 80' lang='lat' dir='ltr'><strong>ui,</strong></span> <span class='ocrx_word' id='word_1_472' title='bbox 1194 2792 1292 2822; x_wconf 82' lang='lat' dir='ltr'><strong>quum</strong></span> <span class='ocrx_word' id='word_1_473' title='bbox 1314 2784 1350 2814; x_wconf 90' lang='lat' dir='ltr'><strong>ei</strong></span> <span class='ocrx_word' id='word_1_474' title='bbox 1374 2784 1492 2815; x_wconf 83' lang='lat' dir='ltr'><strong>dictum</strong></span> <span class='ocrx_word' id='word_1_475' title='bbox 1510 2787 1598 2824; x_wconf 82' lang='lat' dir='ltr'><strong>esset,</strong></span> <span class='ocrx_word' id='word_1_476' title='bbox 1619 2793 1750 2825; x_wconf 82' lang='lat' dir='ltr'><strong>respon-</strong></span> 
     </span>
     <span class='ocr_line' id='line_1_71' title="bbox 975 2825 1393 2867; baseline 0.005 -9"><span class='ocrx_word' id='word_1_477' title='bbox 975 2828 1031 2859; x_wconf 80' lang='lat' dir='ltr'><strong>dit.</strong></span> <span class='ocrx_word' id='word_1_478' title='bbox 1065 2827 1106 2858; x_wconf 89' lang='lat' dir='ltr'><strong>V.</strong></span> <span class='ocrx_word' id='word_1_479' title='bbox 1130 2827 1174 2858; x_wconf 83' lang='lat' dir='ltr'><strong>ad</strong></span> <span class='ocrx_word' id='word_1_480' title='bbox 1198 2828 1223 2859; x_wconf 89' lang='lat' dir='ltr'><strong>I.</strong></span> <span class='ocrx_word' id='word_1_481' title='bbox 1246 2827 1312 2867; x_wconf 74' lang='lat'><strong>34,</strong></span> <span class='ocrx_word' id='word_1_482' title='bbox 1337 2825 1393 2860; x_wconf 64' lang='lat'><strong>84.</strong></span> 
     </span>
     <span class='ocr_line' id='line_1_72' title="bbox 1054 2872 1750 2918; baseline 0.004 -14"><span class='ocrx_word' id='word_1_483' title='bbox 1054 2872 1232 2916; x_wconf 80' lang='lat' dir='ltr'><strong>Siquidem]</strong></span> <span class='ocrx_word' id='word_1_484' title='bbox 1270 2875 1432 2914; x_wconf 80' lang='lat' dir='ltr'><strong>Siquidem</strong></span> <span class='ocrx_word' id='word_1_485' title='bbox 1465 2873 1500 2907; x_wconf 89' lang='lat' dir='ltr'><strong>in</strong></span> <span class='ocrx_word' id='word_1_486' title='bbox 1531 2873 1750 2918; x_wconf 83' lang='lat' dir='ltr'><strong>responsione</strong></span> 
     </span>
     <span class='ocr_line' id='line_1_73' title="bbox 974 2917 1747 2963; baseline 0.001 -13"><span class='ocrx_word' id='word_1_487' title='bbox 974 2917 1047 2961; x_wconf 83' lang='lat' dir='ltr'><strong>pari</strong></span> <span class='ocrx_word' id='word_1_488' title='bbox 1080 2918 1182 2951; x_wconf 89' lang='lat' dir='ltr'><strong>modo</strong></span> <span class='ocrx_word' id='word_1_489' title='bbox 1212 2918 1334 2961; x_wconf 84' lang='lat' dir='ltr'><strong>legitur</strong></span> <span class='ocrx_word' id='word_1_490' title='bbox 1364 2931 1418 2963; x_wconf 89' lang='lat' dir='ltr'><strong>ap.</strong></span> <span class='ocrx_word' id='word_1_491' title='bbox 1440 2921 1578 2952; x_wconf 88' lang='lat' dir='ltr'><strong>Terent.</strong></span> <span class='ocrx_word' id='word_1_492' title='bbox 1602 2919 1747 2963; x_wconf 70' lang='lat' dir='ltr'><strong>Adelph.</strong></span> 
     </span>
     <span class='ocr_line' id='line_1_74' title="bbox 974 2963 1749 3010; baseline 0 -14"><span class='ocrx_word' id='word_1_493' title='bbox 974 2964 1017 2996; x_wconf 88' lang='lat' dir='ltr'><strong>V.</strong></span> <span class='ocrx_word' id='word_1_494' title='bbox 1030 2963 1064 3004; x_wconf 84' lang='lat'><strong>9,</strong></span> <span class='ocrx_word' id='word_1_495' title='bbox 1075 2963 1139 2998; x_wconf 84' lang='lat'><strong>22:</strong></span> <span class='ocrx_word' id='word_1_496' title='bbox 1165 2966 1260 3009; x_wconf 79' lang='lat' dir='ltr'><strong>Syre,</strong></span> <span class='ocrx_word' id='word_1_497' title='bbox 1281 2964 1472 3009; x_wconf 83' lang='lat' dir='ltr'><strong>processisti</strong></span> <span class='ocrx_word' id='word_1_498' title='bbox 1485 2965 1588 2999; x_wconf 86' lang='lat' dir='ltr'><strong>hodie</strong></span> <span class='ocrx_word' id='word_1_499' title='bbox 1599 2965 1749 3010; x_wconf 81' lang='lat' dir='ltr'><strong>pulchre.</strong></span> 
     </span>
    </p>
   </div>
  </div>
 </body>
</html>
