1827 3117
164 101 221 148 84
763 107 934 142 Linea
958 107 984 141 1.
1007 103 1073 148 26,
1096 104 1152 141 65.

167 207 241 236 nos
264 192 429 249 primum
451 190 497 232 ad
519 190 672 232 illorum
700 188 843 229 cultum
860 220 871 241 ,
913 187 1052 230 deinde
1076 187 1125 229 ad
1154 187 1216 228 ius
1237 184 1463 238 hominum,
1503 183 1606 242 quod
1626 183 1743 228 situm

169 274 231 309 est
250 267 289 308 in
319 265 478 321 generis
503 263 660 305 humani
681 261 894 315 societate,
937 269 1017 303 tum
1039 262 1086 303 ad
1107 260 1338 303 modestiam
1358 258 1744 315 magnitudinemque

167 340 285 383 animi
315 339 508 389 erudivit,
553 338 766 392 eademque
792 336 839 378 ab
861 335 1018 388 animo,
1061 343 1244 390 tanquam
1270 333 1318 375 ab
1343 333 1493 386 oculis,
1535 333 1744 390 caliginem

167 414 347 470 dispulit,
391 420 432 454 ut
459 411 611 452 omnia:
658 424 800 468 supera
833 410 983 462 infera,
1028 410 1151 466 prima
1181 408 1315 450 ultima
1340 407 1468 449 media
1499 407 1742 451 videremus.

167 496 238 531 65.
271 486 441 528 Prorsus
465 486 559 526 haee
584 485 715 527 divina
737 485 828 526 mihi
850 484 1007 525 videtur
1028 484 1089 525 vis
1103 516 1114 533 ,
1149 496 1249 539 quae
1273 489 1330 523 tot
1351 496 1416 524 res
1436 482 1578 524 efficiat
1599 488 1640 524 et
1658 488 1745 524 tan-

169 571 244 604 tas.
307 560 410 615 Quid
436 567 496 601 est
521 560 622 600 enim
648 559 836 600 memoria
859 573 990 599 rerum
1016 565 1055 599 et
1076 557 1319 598 verborum?
1350 555 1439 612 quid
1466 570 1583 612 porro
1604 556 1746 599 inven-

166 637 250 677 tio?
293 636 468 690 profecto
499 634 560 685 id,
603 648 678 688 quo
717 647 766 673 ne
807 633 846 674 in
890 633 963 673 deo
1001 632 1155 688 quidem
1188 631 1392 687 quicquam
1424 630 1551 672 maius
1580 630 1746 687 intelligi

166 716 309 767 potest.
371 707 465 749 Non
490 708 592 749 enim
619 707 815 748 ambrosia
838 707 949 758 deos,
983 714 1050 747 aut
1070 713 1253 757 nectare,
1287 713 1355 746 aut
1375 702 1585 746 Iuventate
1608 704 1747 761 pocula

165 784 413 825 ministrante
445 781 582 823 laetari
620 781 819 832 arbitror3
864 795 937 822 nec
964 779 1181 821 Homerum
1213 779 1354 831 audio,
1397 779 1460 834 qui
1485 777 1747 836 Ganymeden

165 859 212 900 ab
244 858 302 898 dis
328 864 480 912 raptum
514 857 567 897 ait
589 862 747 912 propter
773 856 964 906 sormam,
1007 861 1049 895 ut
1080 852 1165 895 Iovi
1199 852 1335 894 bibere
1357 851 1623 906 ministraret3
1665 868 1746 896 non

165 932 268 973 iusta
292 945 448 981 caussa,
482 945 552 971 cur
566 929 827 970 Laomedonti
855 936 958 969 tanta
981 929 1092 969 fieret
1113 927 1270 968 iniuria.
1333 925 1529 982 Fingebat
1551 926 1647 969 haec
1662 926 1746 969 Ho-

166 1019 298 1047 merus
319 1011 357 1045 et
380 1004 546 1044 humana
568 1004 614 1043 ad
637 1003 732 1043 deos
759 1002 1045 1053 transferebat,
1079 1001 1210 1042 divina
1234 1000 1389 1041 mallem
1409 1000 1457 1042 ad
1478 1015 1568 1042 nos.
1631 1000 1745 1056 Quae

166 1087 297 1121 autem
325 1078 483 1118 divina?
533 1076 706 1131 Vigere,
748 1090 887 1131 sapere
904 1108 915 1128 ,
959 1076 1164 1127 invenire,
1207 1074 1450 1116 meminisse.
1523 1073 1634 1130 Ergo
1660 1075 1746 1117 ani-

166 1167 277 1204 muS,
321 1151 411 1207 qui,
456 1158 498 1191 ut
529 1165 602 1206 ego
639 1151 752 1202 dico,
795 1150 949 1192 divinus
986 1157 1070 1202 est,
1115 1157 1157 1191 ut
1192 1148 1404 1206 Euripides
1443 1148 1575 1190 dicere
1610 1149 1744 1203 audet,

167 1228 262 1269 deus
281 1244 290 1278 3
333 1233 372 1267 et
393 1225 545 1281 quidem
561 1257 572 1276 ,
616 1225 650 1265 si
678 1225 773 1265 deus
802 1232 870 1266 aut
892 1225 1021 1265 anima
1043 1231 1111 1265 aut
1132 1223 1233 1279 ignis
1257 1230 1342 1275 est,
1383 1222 1486 1264 idem
1507 1229 1569 1264 est
1591 1223 1746 1266 animus

233 1326 283 1356 ius
318 1321 493 1362 hominum]
534 1319 715 1364 opponitur
749 1320 810 1352 iuri
845 1324 940 1354 civili.

231 1369 413 1409 eademqnej
449 1366 613 1398 particula
635 1366 734 1397 affixa
758 1377 816 1407 que
841 1378 940 1410 saepe

166 1415 234 1447 vim
257 1412 433 1455 colligendi
456 1412 574 1450 habet,
610 1418 644 1442 ut
667 1410 754 1443 idem
782 1412 851 1443 sere
877 1424 938 1444 va-

166 1461 245 1499 leat,
273 1458 381 1502 quod:
407 1464 442 1489 ut
465 1457 575 1501 paucis
594 1457 798 1500 complectar
822 1458 936 1500 Vdiurn-2.

167 1507 208 1538 V.
242 1516 300 1537 nos
334 1504 365 1535 in
397 1504 454 1534 Gr.
479 1504 516 1534 L.
542 1503 570 1546 55.
588 1502 666 1542 135,
692 1505 724 1535 2.
759 1503 873 1545 μόήϋ
886 1515 935 1547 sq.

168 1551 220 1584 ed.
241 1553 273 1583 ζ).
322 1549 411 1581 Infra
437 1560 462 1580 c.
481 1545 543 1585 34,
570 1550 631 1580 az:
672 1549 716 1579 Ut
738 1548 870 1580 credam
890 1548 937 1580 ita

169 1608 260 1634 esse,
299 1606 395 1638 quam
419 1601 468 1625 est
492 1593 525 1624 id
551 1593 721 1635 exignum!
759 1601 794 1625 at
817 1594 936 1626 falsum

167 1654 238 1674 esse
260 1640 420 1677 arbitron
447 1646 479 1671 et
499 1639 534 1670 lit
555 1639 746 1682 plerumque
766 1639 836 1671 sine
857 1651 936 1671 sen-

167 1700 224 1726 su,
259 1697 495 1728 nonnunquam
519 1685 618 1716 etiam
644 1696 715 1716 cum
740 1685 934 1728 voluptate3

165 1737 323 1772 totumque
345 1732 410 1763 hoe
429 1731 502 1762 lex-e
525 1737 595 1769 est,
621 1730 847 1773 qualecunque
866 1738 935 1768 est,

167 1779 204 1810 fit
237 1777 324 1809 enim
358 1777 400 1809 ad
435 1782 594 1820 punctum
628 1775 799 1819 temporis.
836 1774 935 1815 c.-'}3,

169 1821 244 1856 104.
272 1835 298 1854 c.
315 1821 368 1860 ⁴0,
394 1823 465 1854 11³.
493 1822 548 1853 IV.
574 1821 625 1858 15,
643 1823 706 1853 34:
734 1833 773 1852 cx
796 1832 833 1853 ea
854 1833 936 1864 pro-

166 1868 357 1900 ficiscuntur
380 1867 540 1899 honestae
563 1866 773 1909 voluntates,
798 1874 934 1899 senten-

165 1914 253 1952 tiae,
278 1913 445 1952 actiones,
476 1914 635 1953 omnisque
658 1920 749 1945 recta
769 1912 872 1952 ratio,
903 1920 936 1945 et

166 1970 266 2001 saepe
289 1958 377 1989 alibi.

230 2013 345 2044 supera
360 2005 472 2043 infera,
496 2005 600 2043 prima
620 2004 731 2035 ultima
748 2003 868 2048 media]
892 2005 934 2037 V.

166 2048 336 2081 Adnotata
360 2049 390 2079 in
418 2049 456 2079 V.
481 2050 544 2085 59,
575 2050 645 2079 ll4.

232 2093 285 2126 65.
323 2104 360 2124 ne
382 2096 413 2125 in
435 2095 491 2124 deo
519 2094 645 2132 quidem
667 2094 849 2137 quicquam]
883 2095 936 2127 Sic

165 2139 262 2183 pauci
278 2138 374 2170 codd.
391 2150 451 2181 pro
465 2138 552 2180 vulg.
565 2148 619 2169 nec
634 2140 664 2169 in
679 2140 734 2170 deo
752 2141 935 2179 quidquam.

167 2183 309 2228 Optime.
368 2184 419 2215 Ad
453 2194 563 2214 veram
603 2183 799 2225 scripturam
836 2185 935 2216 etiam

165 2230 289 2261 ducunt
314 2229 351 2260 R.
374 2228 461 2259 Gud.
490 2228 516 2260 l.
542 2229 582 2259 Il.
631 2229 758 2267 Murb.‚
793 2230 847 2272 qui
873 2241 933 2261 ex-

164 2275 280 2308 hibent
293 2285 330 2306 ne
345 2276 377 2305 in
392 2275 447 2305 deo
463 2275 630 2313 quicquam
649 2281 718 2315 taut
734 2275 932 2315 quidquam).

163 2319 367 2353 Vocabulum
390 2320 513 2359 quidem
537 2325 614 2349 ante
646 2322 812 2359 quicquam
836 2321 934 2352 facile

165 2366 318 2398 excidere
348 2376 454 2407 eoque
490 2363 581 2395 facto
613 2374 649 2395 ne
675 2364 707 2395 in
735 2375 789 2397 nec
814 2365 934 2397 mutari

163 2411 286 2455 potuit.
335 2411 419 2441 Usus
449 2408 630 2452 particulae
662 2420 717 2441 nec
744 2421 804 2452 pro
828 2422 866 2443 ne
889 2431 933 2435 —-

164 2459 290 2499 quidem
310 2454 398 2498 apud
413 2454 607 2486 Ciceronem
628 2453 760 2497 eiusque
780 2456 932 2499 aequales

163 2502 261 2536 valde
276 2500 475 2533 dubitandus
494 2498 544 2530 vel
561 2498 671 2542 potius
688 2501 855 2541 negandus
870 2508 929 2533 est.

234 2550 392 2581 Iuventate
421 2547 536 2586 pocula
570 2545 779 2588 ministrante]
822 2548 931 2579 luven-

163 2598 214 2626 tas
238 2599 289 2625 est
317 2603 435 2635 graeca
456 2586 576 2634 ”Ηβη,
615 2589 702 2621 Iovis
738 2597 771 2621 et
796 2591 930 2623 Iunonis

163 2639 250 2677 filia,
284 2649 367 2681 quae
391 2643 468 2669 ante
491 2634 718 2678 Ganymedem
744 2635 777 2666 in
805 2636 930 2668 caelum

161 2691 294 2728 raptum
312 2682 431 2727 pocula
452 2680 514 2713 diis
531 2680 748 2712 ministrabat.
784 2681 874 2712 Iliad.
897 2684 928 2720 δ,

160 2730 267 2773 princ.
317 2729 361 2761 Οἱ
385 2726 423 2762 δὲ
447 2725 520 2761 θεοὶ
541 2724 608 2768 πᾶρ
633 2724 719 2768 Ζηνὶ
743 2725 931 2770 καξήμενον.

160 2772 353 2817 ἠγορόωγτο
373 2771 521 2816 Χρυσέῳ
543 2770 575 2806 ἐν
596 2771 755 2815 δαπέδῳ,
781 2769 866 2813 μετὰ
891 2771 931 2806 δέ

163 2830 260 2862 σφ’-σι
291 2816 425 2853 πέντνια
448 2813 551 2862 ‘'Egi-q
586 2816 724 2858 Νέκταρ
759 2814 928 2860 ἐῳνοχόει.

160 2864 306 2897 Verbum
328 2865 531 2896 ministrandi
555 2862 590 2894 in
613 2862 676 2894 hac
697 2873 733 2894 re
757 2862 929 2905 proprium

163 2909 337 2950 (serviren).
384 2910 435 2940 Cf.
456 2909 544 2941 infra
561 2908 603 2940 V.
622 2907 675 2947 2¹,
700 2906 754 2941 61.
775 2907 817 2938 Ν.
842 2908 880 2940 D.
901 2908 926 2939 Ι.

161 2954 225 2992 40,
250 2953 332 2985 112:
366 2955 509 2998 Ganym.
538 2952 659 2997 pocula
689 2955 926 2985 ministrantem.

160 2998 248 3032 Hinc
268 2998 369 3029 subst.
388 3002 612 3033 ministratores
632 2998 720 3031 infra
740 2999 780 3034 V.
794 2998 848 3041 21,
871 2997 924 3032 62.

1041 1330 1096 1353 nec
1116 1319 1299 1364 Homerum]
1321 1317 1416 1353 Iliad.
1439 1329 1472 1373 υ2
1492 1317 1570 1353 233.
1594 1315 1748 1360 civ-:ffieoe

975 1362 1207 1408 Γανυμήδης,
1238 1360 1308 1403 “Oe
1341 1363 1385 1406 δή
1421 1366 1600 1404 καλλιστος
1632 1365 1746 1409 γένετο

974 1411 1106 1454 ξανητῶν
1127 1407 1333 1453 οἱνὲρώπων·
1364 1408 1434 1445 Τὸν
1459 1409 1518 1444 καὶ
1538 1407 1747 1453 ἀνηρείψαν-

973 1469 1010 1490 το
1032 1457 1104 1490 ⁴:30⁸·-
1127 1456 1183 1490 Διῒ
1208 1453 1403 1500 οἰνοχοεύειν
1417 1481 1425 1494 ,
1459 1452 1613 1496 Κάλλεος
1633 1455 1746 1491 εἵνεκα

975 1500 1040 1542 οἷο,
1065 1499 1106 1536 ἵν’
1129 1499 1327 1536 exanimet
1350 1500 1481 1545 μετείη.
1747 1513 1752 1516 ’

1032 1558 1248 1601 Ganymeden]
1269 1557 1419 1590 Dubitari
1436 1569 1502 1591 non
1519 1564 1646 1602 potest,
1666 1557 1745 1603 quin

974 1604 1091 1636 Cicero
1112 1604 1145 1635 in
1169 1604 1219 1636 his
1238 1603 1372 1636 Graecis
1394 1603 1581 1636 nominibus
1605 1611 1745 1648 utraque

973 1650 1102 1688 forma,
1129 1656 1163 1681 et
1188 1661 1247 1689 ea,
1274 1661 1357 1693 quae
1379 1649 1414 1681 in
1437 1660 1505 1691 em,
1531 1656 1565 1682 et
1584 1661 1633 1688 ea,
1659 1661 1744 1694 quae

970 1695 1004 1727 in
1031 1706 1068 1727 en
1095 1695 1184 1735 exit,
1225 1694 1284 1727 sed
1314 1695 1377 1727 hac
1413 1695 1461 1739 (in
1491 1695 1542 1739 en)
1577 1695 1745 1728 rarissime

972 1752 1047 1772 usus
1069 1740 1123 1772 sit.
1172 1740 1226 1772 Sic
1252 1740 1339 1772 infra
1363 1741 1422 1772 111.
1445 1741 1478 1780 4,
1502 1743 1535 1774 ὅ.
1571 1742 1744 1782 Socratem·

975 1784 1037 1824 14,
1063 1785 1117 1820 29.
1153 1788 1326 1827 Euripiden
1334 1797 1345 1826 ,·
1370 1786 1428 1818 1V.
1449 1785 1492 1825 3,
1517 1786 1549 1818 5.
1585 1789 1744 1828 Diogenen

972 1831 1090 1874 optimi
1120 1831 1219 1863 codd.
1244 1838 1388 1864 tuentur.
1414 1832 1440 1863 Ι.
1465 1830 1528 1872 10,
1551 1831 1606 1865 21.
1633 1833 1673 1864 D.
1706 1838 1743 1865 et

971 1876 1115 1920 optimus
1143 1876 1228 1908 Gud.
1254 1877 1283 1910 1.
1307 1876 1432 1908 habent
1455 1878 1672 1910 pherecraten.

1039 1936 1140 1966 bibere
1160 1932 1366 1977 ministraret]
1391 1934 1416 1964 E
1440 1944 1560 1976 graeca
1585 1940 1743 1966 constru-

972 1978 1083 2011 ctione
1115 1979 1240 2011 dictum
1265 1990 1346 2023 pro:
1383 1985 1499 2021 potum
1528 1977 1742 2012 ministraret.

970 2024 1044 2058 Liv.
1065 2023 1128 2064 40,
1153 2022 1216 2059 47:
1243 2031 1278 2056 ut
1298 2026 1398 2056 bibere
1421 2023 1484 2055 sibi
1503 2023 1633 2056 iuberet
1655 2023 1739 2058 dari.

1039 2091 1095 2114 cur
1126 2083 1332 2114 Laomedonti
1353 2078 1452 2112 ''tanta
1488 2082 1574 2122 fieret
1604 2082 1738 2124 iniuria]

971 2127 1045 2158 Non
1073 2127 1305 2159 Laomedonte
1330 2132 1510 2170 prognatus
1533 2132 1604 2158 erat
1621 2126 1741 2171 Gany-

970 2171 1103 2211 medes,
1128 2172 1187 2203 sed
1209 2174 1319 2211 Troe,
1349 2171 1404 2215 qui
1428 2170 1580 2215 quidem,
1604 2179 1742 2205 auctore

969 2217 1136 2257 Homero,
1160 2224 1227 2249 tres
1251 2217 1335 2249 filios
1356 2216 1520 2255 habebat,
1545 2217 1649 2258 num,
1675 2220 1741 2250 As-

968 2274 1116 2293 saracum
1149 2270 1183 2294 et
1208 2262 1448 2305 Ganymedem.
1495 2262 1534 2294 Ili
1561 2261 1646 2295 filius
1669 2269 1741 2295 erat

969 2307 1175 2339 Laomedon.
1225 2308 1348 2339 Verum
1372 2314 1409 2338 ut
1440 2307 1483 2339 de
1502 2315 1656 2351 raptore,
1692 2307 1741 2341 sic

968 2352 1010 2384 de
1034 2359 1129 2395 patre
1152 2352 1354 2396 Ganymedis
1385 2363 1524 2395 magnae
1551 2359 1630 2386 sunt
1651 2352 1740 2387 inter

968 2405 1098 2430 veteres
1122 2397 1378 2441 discrepantiae.

1035 2446 1118 2485 Ergo
1152 2445 1299 2484 animus,
1333 2443 1411 2486 qui]
1456 2441 1573 2476 Cicero
1607 2442 1741 2477 videtur

966 2488 1108 2532 primum
1153 2489 1339 2521 orationem
1382 2488 1431 2521 sic
1471 2489 1739 2521 confer-maturus

966 2534 1087 2566 fuisse:
1123 2535 1211 2577 Ergo
1234 2534 1383 2574 animus,
1411 2533 1487 2578 qui,
1513 2541 1549 2566 ut
1569 2542 1632 2579 eg'o
1649 2534 1738 2576 dico,

966 2579 1095 2611 divinus
1118 2587 1187 2619 est,
1218 2587 1254 2612 ut
1275 2581 1311 2612 E.
1335 2579 1367 2612 d.
1394 2591 1445 2620 a.,
1481 2579 1582 2619 deus,
1607 2580 1635 2612 si
1656 2579 1738 2613 deus

964 2632 1020 2656 aut
1043 2625 1162 2665 anima,
1187 2632 1244 2656 aut
1264 2624 1349 2668 ignis
1371 2631 1432 2662 est,
1457 2624 1547 2657 idem
1565 2632 1616 2657 est
1637 2625 1682 2669 (h.
1705 2636 1736 2658 e.
1790 2639 1794 2645 ·

965 2676 1020 2701 aut
1040 2670 1165 2709 anima,
1191 2677 1247 2702 aut
1265 2669 1349 2713 iguis
1371 2670 1455 2712 est);
1481 2669 1603 2702 deinde
1625 2677 1738 2703 autem

964 2715 1154 2746 inchoatam
1171 2722 1370 2746 structuram
1387 2714 1548 2755 mutavit,
1573 2727 1640 2759 quo
1659 2727 1734 2749 ma-

963 2759 1034 2791 iore
1058 2760 1090 2791 vi
1114 2759 1260 2792 animum
1283 2759 1426 2791 hominis
1452 2759 1598 2794 efferret.
1689 2774 1699 2778 ·

1031 2817 1211 2857 Euripides]
1240 2817 1357 2847 Exstat
1378 2815 1600 2858 fragmentum
1621 2815 1700 2850 Euri
1728 2844 1736 2852 .

965 2860 1050 2894 188:
1087 2858 1166 2899 ‘sede
1195 2858 1260 2903 γάρ
1281 2872 1331 2900 τις
1353 2859 1386 2894 ἐν
1406 2859 1500 2904 ἡμῖν.
1557 2861 1655 2895 Multi
1678 2829 1735 2895 alii

962 2916 1093 2949 quoque
1125 2905 1264 2938 eandem
1290 2905 1569 2949 consignaverunt
1593 2913 1734 2940 senten-

960 2951 1050 2990 tiam,
1077 2957 1112 2982 ut
1132 2951 1204 2994 ipse
1227 2951 1342 2983 Cicero
1365 2963 1383 2984 e
1403 2951 1542 2984 Platone
1564 2952 1600 2985 in
1616 2954 1732 2985 Somn-

960 2996 1049 3040 Seip.
1074 2996 1115 3029 de
1138 2997 1221 3042 Rep.
1242 2998 1308 3038 VI,
1332 2996 1395 3031 24:
1430 2998 1538 3030 Deum
1569 3004 1606 3031 te
1629 2997 1731 3041 igitur
