1843 3101
160 52 246 96 326
693 64 857 98 mnan
881 65 922 98 v.
945 63 1010 106 41,
1038 61 1113 97 119.
1141 62 1216 97 120.

166 141 413 185 Graecorum
437 145 631 186 conviviis
657 145 881 187 obtinetur:
927 145 1015 186 Aut
1038 144 1180 196 bibat,
1222 143 1376 198 inquit,
1422 147 1499 185 aut
1522 141 1677 185 abeat!
1708 149 1748 183 et

165 224 287 260 recte.
350 220 435 259 Aut
459 219 560 260 enim
590 220 744 261 fruatur
769 220 908 275 aliquis
938 220 1088 275 pariter
1113 233 1200 260 cum
1225 219 1312 260 aliis
1339 218 1541 274 voluptate
1569 217 1745 273 potandi,

166 299 256 343 aut,
301 306 351 334 ne
373 292 530 334 sobrius
559 294 598 335 in
625 294 854 336 violentiam
888 294 1180 335 vinolentorum
1210 293 1380 344 incidat,
1427 298 1520 334 ante
1546 291 1748 342 discedat3

165 366 223 408 sic
240 366 403 408 iniurias
423 368 621 420 fortunae,
656 383 752 424 quas
776 370 879 410 ferre
897 383 1084 425 nequeas,
1119 368 1357 424 defugiendo
1377 366 1592 422 relinquas.
1639 364 1751 406 Haec

166 441 320 493 eadem,
354 441 680 498 quaeEpicuruS‚
714 445 874 486 totidem
891 445 1023 486 verbis
1044 442 1437 497 dioitflieronymus.
1501 446 1597 482 119.
1634 437 1752 493 Quod

167 514 200 555 si
223 515 271 556 iis
293 515 531 573 philosophis
546 550 556 569 ‚
603 533 766 574 quorum
792 533 839 561 ea
859 519 1057 561 sententia
1079 526 1165 569 est,
1211 524 1253 558 ut
1271 515 1398 557 virtus
1421 528 1492 571 per
1518 528 1562 556 se
1584 514 1669 570 ipsa
1692 514 1751 554 ni-

1824 365 1833 411 „53

169 588 222 630 hil
244 589 399 642 valeat,
444 601 662 647 omneque,
707 594 807 649 quod
834 594 1040 635 honestum
1065 607 1137 634 nos
1170 600 1208 633 et
1231 590 1426 632 laudabile
1447 602 1537 631 esse
1559 589 1748 640 dicamus,
1804 595 1809 608 “

167 663 204 705 id
230 665 284 705 illi
309 679 462 707 cassum
488 668 667 722 quiddam
693 676 733 709 et
755 669 861 710 inani
890 669 1001 709 vocis
1026 681 1124 708 sono
1148 667 1374 707 decoratum
1399 677 1489 706 esse
1511 664 1666 716 dicant3
1712 669 1753 704 et

167 744 298 780 tamen
319 754 477 797 semper
496 742 650 784 beatum
675 751 841 784 censent
864 757 953 784 esse
974 743 1219 798 sapientem:
1254 740 1345 795 quid
1367 739 1521 781 tandem
1541 753 1564 780 a
1584 736 1752 780 Socrate

167 819 208 853 et
226 811 394 856 Platone
433 817 620 872 profectis
652 818 893 874 philosophis
921 817 1141 858 faciendum
1178 815 1318 857 vides?
1359 828 1523 869 quorum
1562 813 1626 854 alii
1665 820 1751 854 tan-

169 893 245 928 tam
274 891 553 944 praestantiam
583 893 622 932 in
652 892 766 933 bonis
795 892 911 932 animi
941 905 1031 932 esse
1057 890 1213 941 dicunt,
1262 896 1305 929 ut
1337 889 1385 929 ab
1422 888 1472 929 iis
1499 887 1679 944 corporis
1714 895 1754 929 et

166 969 336 1004 externa
371 964 646 1006 obscurentur.
724 972 820 1007 120.
860 966 941 1006 Alii

167 1043 282 1087 cunt,
315 1037 355 1078 in
378 1039 509 1079 animo
529 1047 724 1096 reponunt
746 1040 892 1082 omnia.

238 1143 316 1176 cip,
329 1145 422 1178 XLI.
449 1148 614 1193 obtinetur]
641 1150 697 1181 W.
716 1152 770 1182 Or.
790 1157 823 1182 et
839 1151 896 1182 Tr.
921 1161 938 1181 e

169 1189 251 1222 Dav.
279 1191 364 1223 coni.
388 1195 519 1233 obtinet,
545 1194 591 1226 uti
615 1195 736 1238 legitur
756 1196 789 1227 in
808 1195 939 1228 Gud.2.

166 1236 359 1287 ‹et-Marbq
399 1238 516 1282 reliqui
539 1251 653 1273 omnes
690 1241 764 1274 libri
797 1250 830 1274 et
854 1241 940 1274 scri-

166 1286 216 1324 pti
243 1288 276 1313 et
308 1282 390 1334 editi
414 1287 576 1318 obtinetur.
624 1287 829 1319 Rectissime.
868 1290 939 1319 Au-

168 1338 245 1359 reae
281 1339 370 1360 enim
408 1331 527 1363 aetatis
566 1333 748 1375 scriptores
783 1335 942 1365 obtinendi

167 1371 306 1405 verbum
328 1385 494 1419 nunquam
527 1376 736 1410 intransitive
768 1385 938 1422 usurpant,

167 1417 227 1450 sed
244 1430 377 1462 semper
389 1421 574 1455 transitive.
605 1425 718 1465 Leyem
737 1426 870 1457 obtinere
890 1430 940 1455 est

167 1462 275 1506 legem
300 1465 440 1499 firmiter
460 1474 594 1509 tenere3
619 1481 699 1513 ergo
723 1470 864 1502 dicitur:
890 1473 940 1502 lex

164 1510 317 1562 obtinetur
332 1523 412 1554 pro:
439 1512 492 1545 lex
506 1513 605 1546 valet.
631 1517 737 1558 Supra
760 1517 782 1547 1.
803 1518 852 1555 12,
874 1515 937 1548 26:

164 1562 384 1607 senteutiam,
423 1570 520 1602 quam
544 1560 593 1592 vis
619 1563 758 1594 obtineri.
806 1561 878 1593 Fin.
898 1562 936 1594 11.

165 1598 228 1641 33,
257 1602 330 1637 107.
359 1603 442 1636 illud
468 1612 580 1638 autem
603 1607 709 1649 ipsum
733 1609 789 1651 qui
811 1609 941 1640 obtineri

165 1652 289 1689 potest.
321 1649 436 1683 Partit.
452 1652 733 1692 orat.XXXVIl‚
751 1652 831 1686 130:
855 1664 939 1697 quae

166 1698 278 1725 autem
293 1695 418 1739 scripta
434 1708 500 1729 non
517 1706 604 1738 sunt,
629 1706 687 1731 aut
701 1699 939 1731 consuetudine

165 1744 223 1770 aut
237 1741 410 1774 conventis
423 1742 594 1776 hominum
613 1751 647 1776 et
666 1744 758 1788 quasi
776 1756 938 1777 consensu

166 1785 342 1836 obtinentur
362 1789 412 1831 (ut
431 1789 544 1832 paullo
564 1797 659 1822 aute:
685 1802 769 1834 quae
787 1791 858 1823 sine
877 1790 938 1822 lit-

164 1834 245 1862 teris
262 1838 319 1864 aut
335 1834 484 1876 gentium
499 1835 569 1868 iure
593 1843 650 1868 aut
663 1836 826 1869 maiorum
844 1848 939 1869 more

165 1878 361 1919 retinentur).
408 1880 472 1914 Off.
495 1882 552 1915 ΙΙΙ.
576 1882 640 1921 21,
665 1881 728 1915 ⁸4:
755 1882 846 1926 quod
868 1885 939 1925 (re—

164 1923 280 1964 gnum)
296 1935 315 1955 a
331 1926 478 1959 Tantalo
492 1934 527 1959 et
542 1927 667 1972 Pelope
683 1928 854 1972 proditum
868 1928 938 1960 iure

162 1968 367 2003 obtinebatur.

174 2063 193 2079 ἣ
211 2030 289 2078 ”aut
311 2029 415 2070 bibat,
441 2034 498 2063 aut
517 2017 624 2074 abeat]
663 2031 791 2063 Graece
813 2025 839 2075 ἦ
863 2031 941 2065 πῖθι

167 2080 191 2113 η
205 2072 311 2106 amitt.
329 2074 469 2125 (Nobis
488 2077 575 2109 sauf'
586 2076 670 2110 oder
681 2076 794 2121 lauf’!)
809 2078 938 2110 Erasm-

167 2114 273 2160 Adag.
295 2117 379 2150 Clul.
400 2122 426 2152 I.
448 2129 534 2156 cent.
556 2123 611 2163 X,
632 2121 687 2157 47.

171 2225 190 2231 ..
236 2178 309 2213 119.
336 2183 427 2221 Quod
448 2186 476 2216 si
498 2186 537 2217 iis
556 2186 763 2230 philosophis]
800 2185 940 2218 Dativos

121 2244 125 2251 ι
165 2233 206 2256 us
222 2226 418 2268 philosophis
447 2229 575 2263 Tullius
608 2233 738 2274 posuit,
775 2243 874 2276 quum
906 2231 939 2263 iu

164 2276 279 2304 mente
312 2271 452 2306 haberet
485 2276 647 2309 scribere:
692 2282 799 2310 tamen
839 2280 869 2310 ti
880 2281 941 2310 cet

165 2324 287 2367 semper
302 2320 427 2352 beatum
444 2330 565 2354 censere
582 2333 646 2355 esse
661 2326 852 2364 sapientem,·
876 2323 940 2355 de—

165 2361 245 2395 mde
263 2371 377 2416 autem
401 2372 480 2409 post
500 2365 687 2410 longiorem
705 2368 939 2413 interpositio-

167 2418 244 2440 nem
261 2417 435 2444 institutae
455 2418 641 2445 structurae
659 2413 782 2446 oblitus
800 2415 940 2447 alteram

167 2455 407 2489 enuntiationis
427 2463 557 2502 partem
579 2470 646 2491 non
669 2459 777 2491 verbis
801 2468 939 2493 antece-

166 2497 321 2552 dentibus
342 2505 383 2535 iis
408 2505 601 2545 philosophis
634 2505 868 2538 accommodat
906 2513 940 2538 et

165 2544 353 2597 subiungit,
386 2549 468 2590 sed,
496 2549 589 2594 quasi
610 2556 765 2593 coeptam
783 2551 940 2583 enuntia-

165 2596 292 2625 tionem
312 2593 378 2628 iam
400 2595 582 2629 absolverit
611 2595 655 2628 ad
675 2596 839 2639 finemque
860 2608 939 2640 per-

165 2635 316 2680 duxerit,
350 2647 510 2686 tanquam
540 2641 705 2686 integram
734 2641 941 2674 enuntiatio—
965 2663 967 2665 -

167 2692 244 2715 nem
262 2696 323 2728 per
342 2691 370 2720 et
388 2687 550 2732 adiungit.
589 2687 700 2720 Etiam
717 2699 758 2720 ex
778 2687 843 2720 hoc
862 2687 939 2720 loco

165 2738 326 2779 apparet,
360 2745 430 2766 non
452 2734 603 2767 ultimam
623 2733 675 2766 his
695 2733 787 2766 libris
811 2745 832 2765 a
853 2733 938 2766 Tul—

166 2771 212 2806 ho
234 2775 406 2811 admotam
429 2791 501 2812 esse
521 2780 644 2813 limam.

234 2850 368 2880 quorum
388 2851 426 2874 ea
448 2845 602 2876 sententia
622 2847 688 2885 est,
711 2846 745 2875 ut
766 2844 866 2875 virtus
886 2852 943 2883 per

167 2892 198 2915 se
224 2886 298 2925 ipsa
327 2888 407 2920 nihil
436 2889 558 2934 valeat]
594 2890 832 2933 Exspectamus
865 2894 939 2921 aut:

166 2937 306 2971 quorum
328 2943 366 2964 ea
389 2934 557 2968 sententia
580 2941 650 2976 est,
676 2941 713 2967 ut
734 2937 879 2968 virtutem
897 2952 943 2958 —

974 972 1103 1006 autem
1139 964 1235 1004 liaeo
1276 976 1325 1004 ne
1364 962 1468 1004 bona
1497 962 1653 1018 quidem
1683 963 1753 1003 du-

957 1038 1135 1095 Quorum
1159 1037 1473 1079 controversiam
1495 1036 1649 1078 solebat
1666 1043 1752 1078 tan-

974 1147 1056 1180 nihil
1086 1149 1190 1180 valere
1222 1149 1386 1187 censeant,
1420 1150 1497 1178 aut:
1538 1156 1678 1189 quorum
1707 1157 1746 1178 ea

972 1193 1139 1227 sententia
1157 1200 1219 1232 est,
1241 1195 1388 1226 virtutem
1403 1211 1448 1217 —
1466 1191 1550 1224 nihil
1567 1193 1682 1224 valere.
1706 1192 1746 1223 V.

976 1240 1019 1273 ad
1047 1241 1101 1273 lV.
1125 1241 1191 1279 21,
1211 1236 1265 1272 47.

1042 1298 1118 1338 quid
1140 1294 1517 1334 tandem—faciendum
1536 1295 1625 1327 vides
1635 1294 1667 1338 ?]
1693 1292 1749 1326 Sic

973 1342 1069 1375 multi
1090 1341 1189 1375 codd.
1215 1347 1249 1373 et
1271 1340 1410 1384 optimi3
1447 1338 1536 1383 vulg.
1559 1344 1649 1380 putes
1673 1342 1750 1383 (pro

972 1389 1098 1430 vides),·
1133 1386 1323 1430 Tregderus
1351 1398 1369 1418 e
1404 1384 1491 1418 coni.
1515 1385 1674 1429 Madvigii
1706 1384 1750 1418 ad

974 1434 1046 1466 Fin.
1068 1433 1190 1477 p.273.
1209 1436 1315 1473 putas.
1375 1431 1409 1464 Si
1443 1431 1523 1476 quid
1551 1430 1750 1464 mutandum

974 1480 1029 1520 sit,
1056 1491 1119 1523 ego
1136 1491 1153 1511 e
1170 1478 1282 1510 Duisb.
1305 1477 1520 1521 praetulerim
1540 1487 1667 1519 censes,·
1689 1476 1751 1509 sed

975 1538 1074 1569 quum
1098 1524 1235 1557 verbum
1254 1525 1384 1557 videndi
1402 1523 1445 1556 ad
1467 1529 1614 1556 mentem
1637 1530 1752 1555 trans-

974 1571 1078 1604 latum
1103 1570 1261 1603 latissime
1284 1576 1398 1613 pateat
1419 1569 1613 1613 notionique
1638 1571 1752 1602 intelli-

973 1620 1066 1659 gendi
1088 1616 1228 1649 finitima
1249 1616 1293 1648 sit
1316 1614 1410 1648 notio
1432 1617 1621 1656 iudicandi,
1657 1614 1752 1659 opti-

973 1675 1103 1695 morum
1123 1661 1222 1695 codd.
1246 1661 1426 1694 lectionem
1447 1660 1658 1694 retinendam
1677 1659 1751 1693 exi-

973 1709 1117 1742 stimavi.

1041 1756 1114 1797 alii]
1142 1752 1357 1797 Peripatetici
1369 1758 1404 1784 et
1414 1751 1617 1785 Academici.
1629 1752 1658 1796 §.
1675 1751 1749 1785 120.

978 1803 1055 1841 atii,
1081 1799 1197 1832 Stoici.
1400 1833 1409 1839 ,

1045 1848 1119 1879 120.
1141 1846 1328 1878 honorarius
1349 1842 1480 1888 arbiter]
1499 1842 1622 1875 dicitur
1638 1842 1678 1881 is,
1704 1841 1749 1874 ad

974 1903 1071 1936 quem
1092 1891 1229 1924 honoris
1255 1901 1369 1923 caussa
1391 1889 1542 1922 defertur
1563 1887 1747 1921 arbitrium.

973 1937 1029 1970 Sic
1047 1937 1089 1969 de
1103 1938 1189 1970 Fato
1204 1937 1315 1974 XVII,
1336 1934 1399 1969 39:
1428 1934 1645 1979 Chrysippus,
1668 1940 1750 1966 tan-

975 1995 1072 2028 quam
1097 1985 1213 2016 arbiter
1234 1983 1442 2022 honorarius,
1475 1979 1622 2013 medium
1648 1979 1752 2012 ferire

975 2029 1120 2062 voluisse
1152 2031 1211 2072 (sc.
1229 2027 1390 2071 videtur).
1438 2027 1477 2060 V.
1500 2028 1637 2059 Ernestii
1659 2025 1751 2058 Clav.

975 2087 1005 2107 v.
1031 2077 1230 2109 honorarius.

1043 2131 1234 2173 dissidendi]
1258 2130 1314 2163 Sic
1340 2131 1394 2163 Or.
1423 2141 1451 2162 c.
1481 2127 1650 2173 plerisque
1674 2126 1752 2160 edd.

975 2184 1057 2210 vett.
1073 2185 1107 2210 et
1129 2176 1229 2210 codd.
1246 2176 1295 2209 El.
1310 2183 1345 2209 et
1358 2179 1424 2208 urso
1438 2177 1498 2208 Ox.
1513 2187 1521 2214 ;
1547 2185 1662 2207 omnes
1678 2173 1752 2206 fere.

976 2224 1075 2256 codd.
1111 2224 1336 2256 desiderandi:
1377 2220 1469 2266 quod
1500 2220 1653 2264 ineptum
1686 2225 1750 2252 est.

978 2270 1030 2302 Cf.
1051 2269 1092 2302 de
1114 2269 1210 2301 Finn.
1228 2269 1285 2301 JV.
1298 2267 1353 2308 26,
1379 2267 1443 2302 72:
1469 2265 1616 2299 Videsne
1635 2264 1750 2309 igitur,

974 2318 1143 2349 Zenonem
1163 2322 1255 2347 tuum
1276 2325 1350 2347 cum
1366 2312 1521 2346 Aristone
1536 2311 1646 2344 verbis
1666 2322 1751 2344 con-

974 2361 1111 2401 sistere,
1148 2372 1184 2393 re
1204 2362 1355 2393 dissidere
1364 2369 1376 2401 ,·
1410 2370 1484 2392 cum
1509 2356 1690 2390 An'stotele
1717 2362 1752 2390 et

973 2407 1039 2439 illis
1061 2419 1096 2439 re
1116 2406 1324 2445 consentire,
1349 2404 1460 2438 verbis
1483 2403 1685 2447 discrepare.

1043 2467 1124 2498 hunc
1149 2463 1266 2507 locum]
1292 2462 1335 2495 de
1358 2472 1488 2494 summo
1512 2460 1614 2493 bono.

1041 2526 1215 2555 ceterarum
1234 2519 1492 2561 disciplinarum]
1513 2523 1647 2561 praeter
1658 2515 1751 2548 Stoi-

977 2579 1032 2600 cos
1057 2575 1089 2600 et
1109 2566 1364 2610 Peripateticos,
1390 2564 1448 2608 qui
1467 2575 1504 2597 re
1525 2561 1751 2603 consentiunt,

973 2613 1084 2645 verbis
1107 2612 1320 2645 dissentiunt.
1360 2611 1555 2643 Ceterarum
1576 2606 1679 2652 igitur
1699 2607 1751 2639 di-

975 2658 1191 2702 sciplinarum
1226 2655 1441 2701 philosophi,
1480 2654 1537 2699 qui
1559 2653 1594 2687 in
1617 2652 1750 2686 consti-

974 2704 1101 2736 tuendo
1132 2714 1261 2736 summo
1290 2703 1382 2735 bono
1408 2712 1428 2733 a
1450 2699 1572 2733 Stoicis
1595 2705 1630 2731 et
1654 2698 1752 2732 Peri-

1822 918 1830 966 t

975 2749 1130 2793 pateticis
1163 2747 1349 2788 dissident,
1384 2752 1477 2779 recte
1506 2757 1549 2779 an
1574 2755 1762 2790 perperam.
1815 2747 1831 2773 ι’

976 2794 1144 2834 sentiant,
1171 2805 1262 2826 nunc
1284 2804 1353 2826 non
1376 2803 1523 2837 quaer03
1561 2797 1653 2824 certe
1675 2791 1751 2823 lau-

977 2840 1080 2873 dandi
1101 2846 1198 2880 sunt,
1234 2839 1326 2884 quod
1346 2837 1382 2871 in
1405 2849 1447 2871 eo
1472 2843 1546 2871 cum
1574 2837 1641 2870 illis
1666 2846 1751 2869 con-
1789 2859 1793 2863 -
1824 2851 1830 2858 ·

976 2887 1143 2926 sentiunt,
1179 2885 1271 2929 quod
1295 2884 1483 2929 sapientem
1515 2895 1648 2928 semper
1666 2882 1750 2915 bea-

976 2939 1048 2965 tum
1077 2943 1146 2965 esse
1169 2931 1295 2964 dicunt.
