1843 3101
170 44 257 88 298

171 136 306 192 ligneo
344 133 648 183 coniunxisset,
701 145 790 174 eum
829 131 982 187 ipsum,
1031 144 1148 185 quum
1188 130 1314 171 forem
1347 128 1517 172 cubiculi
1549 128 1763 182 clauserat,

512 206 700 262 Idemque
724 221 842 262 quum
866 205 907 246 in
928 205 1200 247 communibus
1222 204 1422 260 suggestis
1443 203 1665 246 consistere
1686 219 1767 246 non

765 49 935 85 LIBER
959 49 1000 83 V.
1026 47 1092 91 20,
1116 46 1173 83 61.

174 210 449 266 detorquebat.

171 286 361 337 auderet,
404 282 632 325 concionari
660 296 712 324 ex
743 281 841 322 turri
867 281 946 322 alta
972 280 1166 322 solebat·
1205 287 1276 323 60.
1309 279 1443 335 Atque
1473 278 1508 320 is
1539 293 1655 334 quum
1688 279 1766 334 pila

171 360 308 403 ludere
328 359 469 410 vellet,
503 358 698 412 (studiose
719 357 822 398 enim
847 356 884 396 id
905 355 1149 411 factitabat,)
1181 356 1430 410 tunicamque
1454 360 1636 410 poneret,
1670 353 1766 395 ado-

171 434 416 485 lescentulo,
450 447 564 488 quem
586 432 766 483 amabat,
801 431 1010 472 tradidisse
1032 429 1202 485 gladium
1221 430 1379 472 dicitur.
1441 428 1519 470 Hic
1539 443 1657 484 quum
1679 428 1765 484 qui-

171 512 258 552 dam
280 508 486 550 familiaris
507 507 644 549 iocans
665 507 859 548 dixisset:
895 505 1011 547 Huic
1028 504 1200 561 quidem
1221 510 1342 547 certe
1359 505 1495 546 vitam
1515 508 1633 546 tuam
1652 516 1765 545 com-

170 585 330 635 mittis,
362 583 643 637 arrisissetque
670 582 904 623 adolescens
921 612 932 632 ,
966 588 1173 636 utrumque
1198 580 1314 622 iussit
1337 578 1532 631 interfici,
1576 578 1760 629 alterum,

169 661 259 716 quia
280 659 385 701 viam
409 657 766 699 demonstravisset
788 655 1040 698 interimendi
1066 655 1126 696 sui
1143 686 1154 706 ‚
1202 655 1368 696 alterum
1384 686 1394 705 ,
1438 653 1530 709 quia
1552 642 1696 694 dictum
1723 651 1764 694 id

651 730 784 787 Atque
817 745 865 772 eo
896 732 999 772 facto
1033 730 1091 771 sic
1114 730 1261 778 doluit,
1310 729 1406 770 nihil
1442 735 1485 770 ut
1517 727 1651 770 tulerit
1673 740 1764 782 gra-

169 810 258 852 vius
279 809 318 849 in
337 808 446 859 vita;
480 821 594 862 quem
620 806 723 848 enim
752 805 1012 847 veliementer
1036 811 1214 856 amarat,
1248 804 1465 845 occiderat.
1527 800 1596 845 Sic
1620 802 1764 843 distra-

169 885 316 927 huntur
344 883 383 924 in
410 881 630 923 contrarias
657 888 788 937 partes
816 879 1086 936 impotentium
1110 879 1359 934 cupiditates.
1423 876 1555 933 Quum
1579 876 1669 918 huie
1692 876 1762 918 ob-

1001 959 1072 995 61.
1109 952 1344 1008 Quanquam
1366 952 1427 993 hic
1448 952 1602 1008 quidem
1623 958 1762 1007 tyran-

169 1049 244 1076 nus
275 1034 358 1088 ipse
389 1031 602 1082 iudicavit,
636 1044 751 1085 quam
784 1036 894 1070 esset
923 1028 1080 1070 beatus.

280 1105 405 1149 xxl.
454 1104 560 1147 Nam
593 1120 710 1160 quum
742 1104 897 1159 quidam
929 1117 982 1144 ex
1015 1103 1101 1144 eius
1142 1101 1481 1153 assentatoribus,
1527 1099 1760 1151 Damocles,

168 1188 501 1226 commemoraret
524 1181 564 1222 in
588 1193 774 1222 sermone
796 1179 931 1235 copias
952 1178 1062 1230 eius,
1096 1191 1191 1233 opes
1206 1209 1217 1229 ,
1250 1176 1495 1218 maiestatem
1520 1175 1760 1226 dominatus,

168 735 252 777 risu
273 733 588 790 approbavisset.

169 966 329 1002 secutus
350 958 429 1008 sis,
464 957 517 997 illi
543 964 604 997 est
626 955 937 1011 repugnandum.

167 1274 300 1302 rerum
344 1256 652 1306 abundantiam,
700 1253 1032 1309 magnificentiam
1064 1253 1218 1294 aedium
1250 1251 1477 1306 regiarum,
1519 1256 1761 1305 negaretque

168 1348 340 1390 unquam
367 1332 584 1373 beatiorem
623 1343 843 1385 quenquam
871 1328 1020 1369 fuisse:
1074 1327 1203 1369 Visne
1226 1328 1385 1382 ἱρέων,
1424 1325 1576 1381 inquit,
1619 1338 1646 1366 ο
1666 1323 1761 1366 Da-

235 1418 292 1454 60.
315 1420 442 1460 quidem
462 1419 554 1460 certe]
582 1417 715 1457 Quidem
736 1413 945 1457 (weni9stens)

168 1466 316 1512 pertinet
337 1464 380 1497 ad
402 1466 494 1503 huic,
519 1467 617 1504 certe,
641 1461 833 1494 adverbium
860 1471 945 1492 con-

168 1511 370 1546 firmativum
393 1509 606 1552 (jedenfallsh
631 1507 778 1551 pertinet
803 1506 845 1538 ad
869 1518 943 1538 ver—

167 1559 248 1591 bum
269 1560 446 1590 committis.
487 1554 625 1598 Saepius
647 1553 735 1597 apud
752 1553 946 1585 Ciceronem

168 1605 232 1637 hae
255 1603 340 1635 duae
362 1601 545 1646 particulae
568 1600 700 1632 iunctae
725 1598 944 1642 reperiuntur.

169 1652 277 1694 Supra
302 1662 328 1681 c.
352 1651 391 1686 t),
415 1648 476 1680 21:
507 1658 605 1690 quam
629 1647 724 1684 bene,
750 1657 816 1676 non
841 1655 946 1688 quae-

169 1697 272 1733 ritur3
300 1700 494 1728 constanter
516 1694 643 1734 quidem
665 1695 743 1725 certe
767 1694 825 1733 (sc.
848 1690 946 1722 locu-

169 1749 224 1775 tus
248 1742 324 1784 est).
351 1739 450 1771 offic.
472 1740 496 1771 Ι.
516 1738 571 1777 39,
596 1738 675 1771 140:
703 1748 839 1780 quarum
864 1735 946 1778 (vil-

168 1788 288 1823 larumi
309 1788 435 1828 quidem
458 1788 538 1818 certe
564 1791 615 1816 est
636 1782 844 1816 adhibendus
867 1793 945 1813 mo-

170 1834 244 1867 dus.
270 1833 313 1866 de
336 1835 468 1865 Senect.
490 1832 542 1869 11,
561 1829 600 1864 6:
638 1829 790 1861 volumus
821 1829 948 1869 quidem

169 1885 247 1913 certe
258 1891 353 1911 senes
366 1877 446 1910 lieri.
459 1878 561 1919 Legg.
573 1877 597 1908 l.
613 1876 775 1919 l3,princ.
789 1873 946 1906 Academ.

171 1928 216 1959 ΙΙ.
236 1926 278 1964 7,
297 1928 358 1957 22:
384 1923 564 1956 memoriae
585 1924 713 1963 quidem
733 1925 810 1954 certe
828 1939 872 1944 —
891 1919 947 1951 ni—

170 1971 219 2004 hil
252 1971 389 2003 omnino
420 1968 485 2001 loci
508 1967 716 2011 relinquitur.
758 1968 799 1998 V.
819 1977 880 1998 nos
913 1965 947 1997 in

172 2018 213 2050 L.
236 2017 295 2048 Gr.
324 2015 456 2053 §.13:5.
493 2016 524 2048 2.
558 2026 590 2057 p.
607 2014 684 2047 327.
718 2013 820 2045 e‹l.2.
883 2011 948 2043 Ubi

112 2087 115 2093 ·
171 2069 283 2096 autem
313 2056 391 2094 certe
414 2063 540 2101 quidem
561 2060 760 2102 iunguntur,
786 2057 949 2102 particula

171 2110 300 2151 quidem
317 2106 461 2139 intendit
480 2113 580 2150 atque
598 2113 695 2148 auget
717 2106 784 2137 vini
800 2103 950 2136 adverbii

172 2158 264 2188 certe.
305 2155 410 2196 Supra
423 2153 448 2183 Ι.
461 2152 516 2192 29,
536 2152 597 2185 70:
619 2155 696 2185 certe
715 2153 842 2193 quidem
861 2150 894 2181 in
914 2157 949 2180 te

175 2206 227 2233 est
251 2199 384 2242 (mensi.

192 2281 194 2283 ,
241 2247 321 2278 nihil
341 2247 374 2275 ut
393 2244 511 2284 tulerit]
536 2244 586 2274 De
606 2242 749 2286 eleganti
770 2242 950 2274 verborum

174 2290 396 2325 collocatione
420 2300 450 2319 v.
474 2288 517 2320 ad
540 2290 565 2320 Ι.
586 2290 628 2326 ὅ,
654 2289 704 2321 lb'.

244 2339 349 2378 Quum
372 2334 458 2378 huic]
489 2345 588 2377 quum
612 2333 706 2365 altem*
730 2333 951 2377 cupiditatum

176 2383 354 2417 obsecutus
375 2379 419 2412 sis
432 2405 440 2418 ,
465 2378 560 2412 alteri
584 2386 635 2410 est
654 2380 917 2422 repugnandum.

243 2428 299 2463 61.
330 2425 499 2469 iudicavit]
542 2424 692 2456 Davisius
727 2432 762 2456 et
794 2425 950 2463 W'olfim,

175 2474 354 2509 ediderunt
373 2473 536 2505 indicavit.
580 2470 632 2502 Cf.
655 2482 682 2501 c.
703 2472 768 2508 21,
798 2469 860 2502 62:
887 2472 949 2502 Sa-

176 2521 264 2554 tisne
297 2518 432 2551 videtur
457 2519 634 2550 declarasse
656 2515 856 2559 Dionysius,
897 2515 952 2547 ni-

178 2567 229 2600 hil
259 2577 330 2598 esse
363 2564 393 2596 ei
424 2564 580 2604 beatum,
620 2561 671 2593 cui
693 2573 825 2603 semper
852 2560 952 2604 aliqui

179 2619 292 2645 terror
309 2609 512 2653 impendeat.
539 2610 646 2651 Saepe
661 2607 743 2639 haec
765 2606 831 2638 duo
850 2607 952 2638 verba

176 2658 213 2691 in
241 2659 339 2691 MSS.
369 2655 628 2688 confunduntur.
678 2657 720 2684 At
749 2663 849 2696 quum
874 2651 953 2694 plu-

176 2703 253 2738 rimi
285 2702 385 2736 codd.
410 2701 595 2745 optimique
616 2698 794 2731 exhibeant
823 2699 951 2730 iudica-

176 2753 223 2784 vit
236 2775 246 2791 ,
268 2748 370 2792 idque
392 2746 594 2780 sententiam
618 2744 752 2777 minime
774 2742 951 2775 absurdam

176 2796 321 2834 habeat,
355 2795 440 2826 haec
473 2792 574 2825 lectio
604 2790 701 2823 alteri
729 2788 952 2834 praeferenda

180 2848 241 2874 αεὶ.
289 2839 464 2873 Sententia
489 2846 557 2870 est:
594 2836 773 2880 Dionysius
793 2834 859 2867 suis
880 2834 952 2878 ipse

178 2887 278 2918 factis
310 2892 344 2919 et
371 2885 430 2918 illo
458 2884 492 2916 in
518 2883 677 2916 Damocle
699 2881 848 2926 periculo
872 2880 952 2912 satis

178 2933 416 2972 demonstravit,
436 2941 533 2974 quam
546 2930 682 2962 beatum
696 2940 732 2960 se
745 2939 816 2959 esse
827 2928 951 2959 iudica-

176 2981 234 3011 ret.
259 2976 434 3020 Aptissime
448 2978 587 3009 Moserus
602 2986 710 3017 comp.
732 2973 797 3006 off.
820 2973 877 3005 111.
895 2972 951 3010 22,

980 1412 1043 1446 ὅδε
1069 1413 1266 1457 Quanquam
1284 1411 1319 1444 id
1337 1411 1473 1456 quidem
1496 1412 1556 1455 (sc.
1579 1410 1662 1443 nihil
1685 1421 1758 1443 esse

982 1458 1083 1499 utile,
1120 1458 1208 1503 quod
1231 1458 1410 1490 honestum
1436 1469 1503 1490 non
1527 1457 1629 1500 esset)
1657 1462 1758 1502 quum

980 1517 1080 1550 saepe
1097 1505 1189 1544 alias,
1214 1511 1285 1536 tum
1298 1503 1414 1548 Pyrrhi
1433 1503 1524 1536 bello
1542 1515 1560 1535 a
1582 1503 1618 1535 C.
1635 1501 1754 1535 Fabri-

982 1551 1034 1583 cio
1056 1571 1102 1576 —-
1125 1558 1159 1583 et
1179 1563 1197 1583 a
1220 1557 1336 1582 senatu
1363 1555 1481 1583 nostro
1503 1551 1682 1582 iudicatum
1703 1552 1761 1589 est,

981 1598 1013 1629 ll.
1029 1610 1057 1629 e.
1079 1609 1114 1629 se
1137 1597 1183 1629 ita
1202 1599 1344 1629 iudicare
1363 1598 1621 1637 si9⁷1ificaverunt
1640 1593 1759 1626 Fabri-

983 1643 1049 1675 cius
1075 1650 1108 1675 et
1132 1650 1276 1675 senatus.
1328 1642 1394 1674 Oll‘.
1422 1643 1445 1673 l.
1469 1640 1524 1682 43,
1551 1640 1626 1675 153.
1659 1652 1759 1684 supra

983 1690 1007 1721 Ι.
1028 1689 1089 1728 47,
1116 1687 1187 1722 114.

1050 1735 1130 1767 Ciu».
1146 1735 1244 1766 XXI.
1268 1745 1286 1765 ο
1298 1733 1460 1777 Damocle]
1475 1733 1533 1765 W.
1547 1744 1576 1764 c.
1591 1731 1644 1766 ed.
1660 1728 1758 1765 1534.

983 1781 1090 1813 Gebh.
1117 1780 1226 1813 omisit
1248 1790 1286 1820 o,
1311 1778 1401 1823 quod
1424 1778 1517 1810 nullo
1543 1777 1647 1810 modo
1673 1789 1757 1821 pro·-

982 1826 1052 1859 bari
1075 1833 1199 1871 potest.
1241 1826 1328 1857 Nam
1351 1824 1439 1856 inter
1461 1823 1650 1857 vocativum
1671 1823 1756 1855 sim-

983 1873 1104 1917 plicem
1129 1879 1163 1904 et
1183 1871 1373 1903 vocativum
1397 1881 1471 1903 cum
1491 1867 1609 1902 vocula
1633 1880 1651 1901 ο
1670 1880 1757 1902 con-

980 1919 1142 1951 sociatum
1178 1917 1212 1950 id
1246 1916 1445 1949 discriminis
1476 1914 1657 1948 intercedit
1670 1940 1679 1955 ,
1721 1920 1758 1946 ut

982 1965 1038 1997 ille
1059 1965 1093 1997 in
1114 1963 1255 2007 simplici
1272 1962 1476 1995 allocutione
1493 1961 1604 1994 locum
1622 1960 1757 2002 habeat,

983 2011 1037 2044 hic
1070 2011 1103 2042 in
1139 2009 1293 2043 oratione
1335 2020 1408 2041 cum
1449 2008 1573 2041 affectu
1612 2006 1759 2051 quodam

984 2057 1092 2096 elata,
1118 2063 1154 2089 ut
1173 2056 1206 2088 in
1228 2055 1450 2087 admiratione
1463 2080 1472 2097 ‚
1496 2053 1532 2086 in
1550 2052 1700 2093 laetitia,
1724 2053 1758 2085 in

984 2103 1130 2140 tristitia,
1161 2101 1412 2145 indignatione,
1436 2100 1471 2132 in
1494 2098 1760 2143 contemptione.

985 2152 1091 2192 Supra
1112 2150 1169 2180 lll.
1189 2149 1248 2188 12,
1270 2147 1333 2180 26:
1360 2147 1455 2178 Haec
1475 2145 1573 2183 mala,
1597 2156 1615 2178 o
1633 2144 1760 2177 stultis-

984 2195 1065 2227 sime
1102 2198 1204 2226 Aeeta
1217 2218 1226 2232 ,
1271 2193 1343 2235 ipse
1373 2192 1434 2224 tibi
1463 2191 1634 2224 addidisti.
1693 2192 1760 2223 Pro

983 2243 1131 2274 Damocle
1163 2251 1245 2271 unus
1277 2238 1413 2271 Gud.2.
1447 2237 1552 2270 habet
1581 2238 1759 2270 Damocles.

984 2291 1028 2319 At
1045 2287 1153 2318 forma
1177 2284 1323 2318 vocativi
1346 2285 1465 2316 horum
1479 2282 1652 2316 nominum
1674 2293 1761 2326 pro-

984 2333 1151 2376 priorum,
1189 2343 1206 2363 e
1232 2332 1364 2363 Graeco
1390 2341 1545 2362 sermone
1567 2329 1758 2367 ductorum,

985 2378 1075 2422 apud
1110 2378 1305 2410 Ciceronem
1336 2376 1370 2408 in
1403 2386 1419 2408 e
1449 2374 1540 2408 exire
1572 2373 1683 2413 solet,
1723 2380 1761 2406 ut

985 2426 1116 2463 Pericle,
1139 2425 1302 2464 Sophocle,
1329 2423 1430 2462 Ulixe,
1456 2422 1666 2460 Themistocle,
1686 2421 1761 2453 Gal-

985 2473 1064 2510 licle‚
1091 2471 1236 2503 Cleanthe
1256 2469 1328 2512 (ΙΙΙ.
1342 2467 1492 2506 3”,’,77.),
1514 2469 1654 2506 Socrate,
1680 2467 1759 2498 Gar-

985 2517 1095 2548 neade.
1132 2514 1242 2547 Multo
1262 2513 1367 2546 rarior
1390 2519 1441 2544 est
1461 2513 1571 2545 forma
1591 2511 1625 2543 in
1645 2521 1677 2543 es
1695 2509 1760 2542 de-

987 2561 1116 2600 sinens,
1142 2567 1178 2592 ut
1200 2562 1347 2592 Socrates
1370 2557 1427 2601 (ad
1447 2561 1518 2591 Att.
1535 2557 1628 2588 XIV.
1645 2554 1678 2595 9,
1703 2555 1759 2599 1.).

988 2608 1024 2637 In
1048 2606 1183 2648 poetica
1215 2605 1367 2637 oratione
1400 2603 1509 2636 forma
1531 2601 1565 2634 in
1587 2611 1620 2634 es
1647 2601 1761 2633 exiens

989 2650 1199 2694 frequentior
1233 2651 1367 2682 videtur
1389 2660 1471 2681 esse.
1522 2646 1573 2679 Cf.
1596 2658 1696 2690 supra
1718 2649 1760 2680 ΙΙ.

992 2696 1044 2735 16,
1065 2696 1125 2729 35:
1151 2699 1321 2729 Patrocles.
1340 2695 1397 2736 21,
1415 2692 1471 2726 49.
1495 2693 1538 2725 de
1551 2694 1608 2725 Or.
1629 2694 1689 2725 ΙΙΙ.
1703 2690 1760 2734 40,

989 2740 1062 2774 16⁴2.
1084 2743 1185 2774 Acad.
1205 2743 1248 2773 11.
1266 2743 1323 2780 225,
1334 2739 1389 2774 89.
1410 2739 1537 2772 Fin.V.
1555 2739 1606 2778 18,
1619 2735 1675 2772 49.
1699 2749 1760 2770 su—

985 2799 1046 2831 pra
1059 2785 1259 2823 111.⁴27,65:
1287 2787 1430 2819 Chremes
1445 2786 1478 2828 (e
1489 2783 1680 2828 Terentio).
1706 2783 1759 2816 Cf.

986 2845 1047 2866 nos
1069 2832 1102 2864 in
1127 2832 1184 2865 Gr.
1199 2832 1238 2862 L.
1261 2833 1290 2875 ᾗ.
1302 2831 1357 2865 21.
1373 2831 1405 2873 e)
1426 2843 1459 2874 p.
1472 2830 1527 2864 35.
1547 2829 1601 2862 ed.
1612 2830 1644 2863 2.

1052 2879 1199 2912 collocari
1219 2879 1310 2910 iussit
1330 2877 1505 2920 hominem]
1530 2877 1572 2909 V.
1596 2874 1640 2909 ad
1659 2877 1685 2908 Ι.
1705 2874 1761 2918 21,
1810 2892 1813 2898 ‹

985 2923 1047 2959 49:
1072 2924 1149 2956 vide
1164 2949 1172 2961 ‚
1198 2922 1278 2966 quid
1301 2925 1420 2956 homini
1441 2921 1598 2955 tribuam.

1053 2968 1165 3013 strato]
1190 2970 1233 3001 H.
1249 2980 1278 3003 e.
1300 2968 1334 3002 in
1357 2979 1459 3002 aureo
1481 2968 1590 3010 lecto,
1631 2965 1684 2999 cui
1703 2977 1762 2998 su-
