1859 3117
680 74 1035 109 'PRoLEGoMENA.
1600 68 1618 110 1
1631 71 1645 110 1

183 159 246 214 (2)
276 161 541 212 Argumenta
571 172 675 210 quae
698 157 894 195 dicantur
920 159 1204 211 metaphysica
1229 157 1415 210 (rationis
1440 174 1462 197 a
1483 161 1651 212 priore).

25 221 29 224 ’
71 231 295 282 Antequam
321 233 452 266 autem
486 227 625 265 Cicero
656 226 707 263 ad
734 227 1003 265 enumeranda
1037 234 1076 266 et
1105 227 1366 266 examinanda
1399 228 1497 267 haec
1527 242 1653 280 argu—

71 305 203 338 menta
224 297 380 346 transit,
411 296 586 348 primuni
607 294 787 346 quaerit,
820 295 947 346 qualis
969 296 1102 335 animo
1121 297 1400 335 informandus
1420 297 1472 335 sit
1496 297 1653 335 animo—

71 382 164 407 rum
182 373 273 420 post
294 371 462 403 mortem
481 371 630 414 status,
651 364 693 402 id
713 370 846 401 autem
865 363 1022 402 ratione
1045 365 1275 404 discendum
1299 373 1375 404 est:
1396 365 1509 404 cuius
1534 365 1654 417 igno-

72 435 179 476 ratio
193 449 316 474 vanas
331 440 370 472 et
382 433 575 472 ridiculas
591 433 639 471 de
659 438 767 471 statu
782 432 1006 470 inferorum
1029 434 1234 485 opiniones
1253 435 1385 473 finxit.
1416 449 1449 473 c.
1469 438 1534 474 16.
1567 435 1656 472 An-

72 504 281 556 tiquorum
302 502 640 556 philosophorum
666 501 884 540 sententiae
904 509 1175 541 recensentur.
1207 517 1239 541 c.
1257 507 1324 542 17.
1342 507 1408 543 18.
1453 503 1656 542 Ciceronis

72 572 268 611 sententia
291 572 387 610 haec
409 578 486 610 est:
519 571 703 620 Animus,
735 584 857 622 quum
882 584 902 608 e
926 584 1097 622 corpore
1124 573 1356 621 excesserit,
1389 572 1484 624 quia
1508 578 1656 610 natura

72 641 156 679 eius
177 641 377 693 spirabilis
396 640 461 679 vel
483 640 596 692 ignea
622 646 692 689 est,
722 639 771 677 ad
793 640 1039 691 superiorem
1061 640 1261 691 regionem
1283 641 1428 690 evadit,
1460 655 1560 692 quae
1579 655 1656 679 na-

73 716 208 748 turam
232 709 352 747 habet
379 708 502 747 animi
532 715 700 747 naturae
724 708 907 747 similem:
939 722 1056 759 quam
1082 722 1204 760 quum
1226 709 1395 760 contigit
1421 716 1459 747 et
1479 709 1657 761 agnovit,

71 777 221 816 iunctis
245 791 295 816 ex
315 777 447 816 anima
467 777 581 815 tenui
601 784 640 816 et
666 791 715 816 ex
735 777 882 815 ardore
906 778 998 816 solis
1019 784 1237 829 temperato
1263 778 1423 829 ignibus
1447 778 1598 816 insistit
1619 784 1659 816 et

72 846 189 885 finem
213 846 330 885 altius
357 859 398 885 se
422 846 610 884 efferendi
632 847 748 896 facit,
778 846 822 884 in
849 860 972 897 eaque
1002 847 1092 884 sede
1120 847 1232 885 nulla
1255 860 1299 884 re
1325 860 1438 898 egens
1464 847 1595 884 aletur
1621 853 1660 885 et

72 915 364 953 sustentabitur
380 915 518 953 iisdem
537 916 671 964 rebus,
693 915 839 966 quibus
860 922 966 953 astra
985 922 1264 954 sustentantur
1284 922 1323 953 et
1343 915 1524 953 aluntur.
1581 915 1659 953 At-

73 995 151 1035 que
172 990 259 1022 tum
286 983 433 1022 erimus
457 984 586 1032 beati,
618 997 762 1034 quum,
790 984 1030 1036 corporibus
1058 984 1229 1033 relictis,
1261 991 1300 1022 et
1323 984 1591 1035 cupiditatum
1621 990 1659 1021 et

73 1052 383 1090 aemulationum
407 1051 553 1090 erimus
578 1058 781 1103 expertes,
819 1059 1005 1103 totosque
1030 1067 1103 1091 nos
1130 1053 1173 1090 in
1201 1052 1518 1105 contemplandis
1539 1052 1659 1091 rebus

73 1120 440 1172 perspiciendisque
458 1133 664 1172 ponemus.
693 1134 727 1158 c.
741 1124 1008 1160 19—21.—
1036 1122 1135 1159 Tum
1159 1122 1371 1172 exquirere
1393 1121 1541 1171 studet,
1560 1121 1660 1172 quid.

75 1188 148 1238 sit,
179 1189 290 1239 quod
308 1188 427 1227 multi
450 1187 687 1240 philosophi
719 1189 1006 1238 inveniantur,
1039 1191 1107 1240 qui
1133 1191 1283 1228 animos
1309 1190 1550 1228 immortales
1579 1203 1660 1228 esse

73 1263 228 1308 negent.
247 1278 305 1286 —
353 1257 474 1296 Nulla
496 1257 572 1295 alia
598 1271 734 1303 caussa
753 1264 830 1306 est,
862 1257 940 1295 nisi
966 1259 1075 1309 quod
1098 1266 1321 1309 nequeunt,
1352 1260 1481 1309 qualis
1507 1259 1659 1297 animus

74 1327 162 1363 sine
180 1338 350 1378 corpore
375 1325 449 1375 sit,
478 1325 698 1377 intelligere
720 1332 758 1365 et
783 1326 1024 1378 cogitatione
1055 1327 1405 1379 comprehendere.
1462 1328 1506 1365 Id
1529 1334 1659 1366 autem

74 1392 178 1432 nihil
198 1400 278 1444 est,
315 1395 394 1433 nisi
424 1395 529 1433 forte
555 1394 743 1444 dicimus,
785 1395 896 1447 quod
922 1409 1128 1447 nunquam
1150 1396 1352 1445 vidimus,
1391 1396 1433 1434 id
1453 1396 1569 1447 quale
1591 1397 1656 1446 sit,

76 1461 295 1515 intelligere
315 1478 389 1502 nos
411 1478 495 1502 non
520 1477 649 1516 posse.
707 1465 761 1503 At
784 1471 831 1502 ut
854 1464 991 1514 deum,
1024 1478 1194 1517 corpore
1218 1465 1452 1514 liberatum,
1483 1466 1540 1503 ita
1566 1465 1657 1502 ani-

75 1543 184 1569 mum
208 1531 449 1583 cogitatione
469 1533 676 1585 complecti
698 1544 926 1585 possumu53
956 1534 1087 1582 immo,
1119 1534 1151 1572 si
1173 1534 1296 1572 animi
1316 1541 1501 1572 naturam
1520 1534 1657 1572 intue-

77 1613 185 1650 mur,
214 1600 340 1639 multo
369 1601 576 1640 difficilior
602 1603 718 1640 nobis
746 1603 952 1655 multoque
977 1603 1191 1641 obscurior
1213 1603 1329 1641 debet
1352 1617 1430 1641 esse
1454 1603 1657 1654 cogitatio,

77 1668 206 1720 qualis
233 1669 387 1708 animus
415 1670 458 1708 in
490 1685 662 1722 corpore
690 1671 760 1721 sit,
801 1678 991 1723 tanquam
1017 1672 1166 1710 alienae
1201 1673 1328 1721 domi,
1368 1685 1485 1722 quam
1517 1672 1658 1722 qualis,

78 1750 199 1788 quum
221 1737 366 1776 exierit
388 1745 428 1777 et
450 1739 494 1777 in
515 1739 686 1778 liberum
711 1741 859 1779 caelum
889 1742 1003 1793 quasi
1025 1741 1186 1779 domum
1209 1755 1318 1778 suam
1342 1741 1510 1778 venerit.
1541 1754 1574 1778 c.
1590 1745 1658 1780 22.

76 1805 148 1844 His
180 1806 228 1846 de
257 1807 482 1846 animorum
510 1814 605 1860 post
633 1816 800 1848 mortem
829 1817 939 1848 statu
968 1809 1214 1862 praemissis,
1244 1809 1321 1846 iam
1348 1815 1576 1859 sequuntur

175 1932 457 1986 Argumenta,
479 1933 629 1986 quibus·
645 1934 921 1972 demonstrari
935 1937 1088 1986 pos-sit,
1106 1937 1270 1972 animos
1287 1951 1369 1972 esse
1387 1935 1654 1973 immortales.

191 2013 230 2064 a)
257 2013 436 2052 Primum
462 2020 738 2064 argumentum
771 2014 1034 2065 platonicum,
1075 2029 1103 2052 a
1132 2023 1286 2052 natura
1317 2017 1453 2052 animi
1481 2015 1659 2054 (luctum.

79 2080 245 2119 Animus
267 2095 360 2130 sua,
390 2094 474 2119 non
498 2081 627 2119 aliena
647 2082 689 2119 vi
708 2089 903 2121 movetur.
963 2084 1098 2132 Quum
1126 2097 1222 2122 vero
1247 2083 1290 2121 id
1316 2083 1457 2133 solum,
1488 2084 1599 2135 quod
1620 2097 1660 2122 se

78 2149 207 2200 ipsum
228 2154 372 2198 movet,
403 2149 494 2200 quia
516 2163 721 2201 nunquam
744 2151 942 2190 deseritur
966 2166 988 2189 a
1005 2166 1056 2201 se,
1087 2166 1294 2203 nunquam
1317 2166 1366 2190 ne
1389 2152 1544 2191 moveri
1565 2152 1657 2203 qui—

79 2217 168 2256 dem
187 2217 350 2268 desinit3
382 2217 534 2256 animus
554 2225 737 2257 aeternus
759 2220 812 2258 sit
834 2227 872 2258 et
887 2221 1121 2259 immortalis
1146 2235 1318 2259 necessse
1336 2227 1406 2259 est.
1465 2221 1660 2273 Principii

81 2292 128 2325 ut
155 2286 266 2325 nulla
295 2286 410 2338 origo
440 2293 520 2336 est,
551 2287 608 2326 ita
638 2302 688 2326 ne
718 2289 867 2327 occidit
897 2290 1066 2341 quidem.
1098 2305 1132 2328 c.
1150 2295 1218 2330 25.

193 2355 234 2402 b)
266 2354 445 2393 Alterum
475 2364 772 2408 argumentum,
804 2373 830 2395 α
843 2359 1137 2408 facultatibus·
1162 2362 1296 2397 (mimi
1319 2359 1498 2397 ductum.
1556 2357 1658 2396 Ani-

80 2436 166 2461 mus
191 2423 242 2461 iis
263 2423 522 2463 facultatibus
543 2425 764 2464 instructus
791 2433 870 2476 est,
902 2441 1021 2478 quae,
1051 2428 1129 2466 nisi
1157 2443 1178 2465 a
1199 2429 1294 2477 deo,
1325 2428 1487 2465 aliunde
1507 2427 1556 2464 ad
1579 2425 1657 2463 ho—

81 2491 224 2529 minem
252 2492 391 2532 venire
418 2507 502 2532 non
535 2501 726 2545 possunt,
757 2495 915 2534 divinae
937 2496 1063 2548 igitur
1094 2498 1144 2535 ob
1170 2511 1332 2548 eamque
1360 2510 1444 2535 rem
1477 2501 1660 2532 aeternae

82 2560 162 2598 sint
186 2574 339 2600 necesse
368 2568 439 2601 est.
497 2562 543 2614 α)
573 2562 748 2602 Primum
776 2564 896 2603 habet
929 2569 1189 2604 memoriam:
1226 2580 1326 2617 quae
1352 2564 1550 2615 duplicem
1577 2562 1660 2600 vim

82 2627 219 2677 habet3
250 2630 424 2681 primum
446 2631 548 2669 enim
579 2631 626 2670 de
649 2633 825 2672 Platonis
845 2634 1041 2672 sententia
1072 2642 1129 2673 est
1152 2634 1380 2673 recordatio
1404 2631 1510 2669 vitae
1537 2645 1658 2682 supe-

83 2697 221 2736 rioris:
252 2711 272 2736 e
295 2712 373 2749 qua
396 2706 444 2738 ut
466 2699 718 2752 intelligitur,
748 2702 936 2751 animum,
966 2710 1175 2754 antequam
1198 2705 1239 2741 in
1263 2714 1408 2752 corpus
1429 2699 1656 2750 intraverit,

83 2766 125 2803 in
145 2780 280 2805 rerum
304 2767 532 2819 cognitione
563 2769 755 2821 viguisse,
772 2755 849 2809 *ita
870 2772 1058 2810 concludi
1087 2773 1225 2819 debet,
1257 2783 1342 2807 eum
1372 2767 1487 2805 etiam
1511 2769 1654 2808 relicto

84 2847 252 2886 corpore
277 2849 581 2888 permansurum
608 2852 702 2876 esse.
759 2840 860 2878 Tum
889 2841 1075 2879 memoria
1105 2841 1208 2878 hanc
1238 2838 1318 2876 vim
1345 2835 1486 2886 habet,
1524 2844 1572 2876 ut
1602 2838 1654 2876 sit

85 2913 129 2938 ea
149 2903 268 2941 animi
299 2905 486 2955 facultas,
527 2920 605 2957 qua
625 2913 760 2946 tenere
787 2909 881 2947 olim
907 2909 951 2948 in
973 2909 1048 2948 hac
1070 2909 1153 2947 vita
1178 2912 1365 2958 percepta
1388 2919 1434 2943 ac
1450 2919 1653 2955 revocare,

88 2969 407 3023 quandocunque
430 2974 562 3023 lubet,
592 2977 801 3026 possimus.
831 2992 866 3015 c.
883 2980 951 3015 24.
1010 2977 1114 3015 Haec
1140 2981 1271 3013 autem
1298 2975 1504 3026 praeclara
1529 2974 1650 3013 animi
