1827 3117
160 74 218 118 86
667 79 1225 126 L113ER1.27,67.28‚68.

165 165 215 207 ob
237 179 401 222 eamque
425 180 509 208 rem
533 172 735 207 aeternum
764 165 816 206 sit
840 177 1006 206 necesse
1039 170 1115 205 est.
1175 161 1266 205 Nec
1286 176 1384 206 vero
1408 162 1505 204 deus
1524 162 1635 218 ipse,
1673 163 1739 219 qui

165 239 397 295 intelligitur
418 255 441 282 a
464 240 592 290 nobis,
626 240 701 280 alio
719 239 834 280 modo
855 237 1020 293 intelligi
1046 244 1200 294 potest,
1233 237 1308 278 nisi
1333 250 1444 279 mens
1467 236 1597 278 soluta
1620 251 1741 292 quae-

165 315 253 355 dam
274 322 313 355 et
332 315 470 366 libera,
504 320 713 369 segregata
732 313 779 354 ab
798 313 903 354 omni
922 313 1176 354 concretione
1197 311 1375 364 mortali,
1409 311 1540 353 omnia
1562 311 1740 353 sentiens

165 394 207 429 et
235 402 420 440 movens,
454 388 616 444 ipsaque
641 388 815 444 praedita
839 394 945 429 motu
968 388 1262 444 sempiterno.“
1322 392 1394 428 67.
1436 385 1525 427 Hoc
1547 398 1569 426 e
1592 398 1741 440 genere

166 468 282 517 atque
307 463 440 504 eadem
473 477 493 504 e
523 470 661 504 natura
698 470 759 504 est
783 463 949 504 humana
977 476 1104 503 mens,
1167 459 1243 502 Ubi
1270 459 1389 515 igitur
1425 467 1494 501 aut
1516 459 1641 515 qualis
1681 466 1742 501 est

164 536 241 576 ista
265 539 406 578 mens?
428 561 486 567 —-
516 536 589 579 Ubi
617 545 682 579 tua
709 545 775 579 aut
799 538 954 593 qualis?
983 543 1146 592 potesne
1170 535 1331 576 dicere?
1372 547 1448 585 an,
1481 533 1516 574 si
1537 533 1667 575 omnia
1693 534 1743 575 ad

163 608 458 666 intelligendum
476 626 553 653 nou
578 612 701 653 habeo
717 645 727 663 ,
772 626 869 666 quae
894 611 1039 652 habere
1060 610 1226 660 vellem,
1271 622 1321 650 ne
1344 608 1393 649 iis
1417 606 1597 663 quidem,
1641 622 1742 663 quae

165 682 315 736 habeo,
357 686 449 726 milii
471 700 541 742 per
562 693 601 727 te
628 687 680 727 uti
706 687 866 728 licebit?
889 710 943 716 -
985 684 1081 726 Non
1109 685 1216 727 valet
1239 689 1387 725 tantum
1411 681 1590 734 animus,
1631 688 1674 723 ut
1698 695 1742 724 se

163 756 289 813 ipsum
314 759 398 815 ipse
424 761 580 813 videat3
623 768 662 802 at
695 769 735 802 ut
758 761 920 812 oculus,
965 760 1022 801 sic
1047 759 1225 810 animus,
1272 771 1316 799 se
1352 771 1431 798 non
1454 756 1619 809 videns,
1665 756 1743 798 alia

164 833 306 875 cernit.
366 833 462 876 Non
487 835 592 876 videt
619 842 771 886 autem,
816 835 916 890 quod
938 834 1138 875 minimum
1162 840 1248 884 est,
1662 831 1744 872 sor-

1292 833 1457 873 formam
1482 844 1621 883 suam3

165 908 296 948 tasse!
333 923 553 965 quanquam
578 910 615 950 id
641 923 819 965 quoque,
852 909 922 949 sed
944 908 1238 962 relinquamus,
1272 906 1351 946 vim
1379 911 1514 957 certe,
1547 904 1744 960 sagacita-

165 987 259 1033 tem,
293 984 539 1035 memoriam,
574 991 737 1034 motum,
772 983 1014 1024 celeritatem
1042 982 1166 1023 videt.
1229 979 1340 1021 Haec
1363 993 1531 1034 magna,
1564 979 1662 1020 haec
1687 980 1744 1020 di-

163 1054 283 1106 vina,
329 1056 425 1097 haec
459 1059 696 1114 sempiterna
724 1064 829 1098 sunt.
894 1054 982 1110 Qua
1007 1055 1108 1096 facie
1135 1054 1289 1109 quidem
1323 1053 1377 1095 sit
1398 1060 1466 1095 aut
1488 1053 1554 1095 ubi
1576 1052 1741 1105 habitet,

164 1142 214 1169 ne
240 1131 503 1185 quaerendum
537 1132 689 1186 quidem
723 1138 798 1172 est.

276 1202 484 1247 XXVIII.

164 1278 286 1330 caeli,
327 1280 417 1321 dein
447 1280 720 1321 conversionis
751 1279 994 1319 celeritatem
1025 1283 1197 1327 tantam,

540 1212 610 1248 68.
644 1204 696 1247 Ut
719 1220 835 1260 quum
861 1204 1040 1245 videmus
1064 1203 1233 1259 speeiem
1259 1202 1425 1258 primum
1453 1200 1744 1256 candoremque

1241 1281 1425 1331 quantam
1454 1274 1630 1329 cogitare
1663 1288 1743 1316 non

163 1366 397 1406 possumus,
441 1362 519 1394 tum
546 1353 837 1396 vicissitudines
870 1352 1020 1392 dierum
1057 1365 1102 1391 ac
1129 1350 1300 1391 noctium
1339 1348 1744 1403 commutationesque

225 1434 262 1463 ob
278 1442 407 1473 eamque
426 1435 505 1475 rem]
529 1434 578 1465 De
597 1432 802 1476 pronominis
819 1434 847 1464 is
867 1431 936 1463 eol·
970 1430 1154 1463 particulae
1177 1434 1212 1462 ut
1236 1428 1419 1473 respondet
1449 1428 1546 1474 §.7o.
1581 1430 1627 1461 sic
1657 1438 1745 1461 men-

971 1480 1032 1509 tem
1055 1478 1190 1509 hominis
1220 1482 1284 1507 etc.

163 1476 331 1509 locatione
357 1491 387 1510 v.
414 1479 584 1511 Adnotata
608 1478 642 1510 in
665 1479 707 1510 V.
736 1480 775 1521 l,
802 1479 830 1511 1.

230 1536 292 1566 Nec
315 1545 386 1567 vero
415 1537 491 1568 deus
510 1537 590 1578 ipse]
617 1537 726 1568 Locus
747 1534 931 1578 pulcherri—

163 1590 235 1611 mus
259 1592 298 1612 ac
323 1580 421 1624 plane
446 1581 644 1624 platonicus.
703 1582 810 1621 Quam
834 1592 935 1623 prae-

165 1625 253 1656 clare
275 1638 314 1658 ac
336 1626 510 1669 magnifiee
530 1627 646 1659 Cicero
672 1626 714 1658 de
739 1626 850 1657 divina
873 1637 935 1657 na—

164 1677 239 1702 tura
259 1671 408 1711 senserit,
434 1673 644 1716 exposuimus
664 1672 698 1704 in
716 1672 739 1704 l.
761 1671 793 1703 d.
813 1673 850 1703 de
872 1674 935 1704 Oic.

164 1718 198 1748 in
216 1718 294 1757 phil.
312 1728 387 1749 mer.
411 1729 444 1761 p.
462 1719 525 1752 177
536 1730 607 1762 sqq.
630 1725 663 1750 et
688 1717 750 1750 182⁴
762 1728 834 1760 sqq.

231 1772 286 1807 67.
332 1785 412 1815 quae
436 1777 546 1807 habere
568 1776 692 1816 vellem]
722 1773 757 1805 Si
782 1772 937 1805 enuntia-

165 1818 215 1851 tio
239 1818 338 1862 plena
362 1827 469 1863 esset,
494 1827 704 1864 sequeretur,
729 1822 755 1852 si
778 1820 846 1860 fieri
864 1829 937 1860 pos-

165 1868 210 1897 set
233 1868 289 1907 (At
312 1866 381 1897 fieri
405 1846 471 1897 nori
497 1872 619 1920 potest.
660 1867 758 1919 Ergo
769 1876 831 1896 nec
853 1864 938 1896 velle

166 1911 327 1952 possum).
364 1912 491 1943 Graece
509 1907 710 1967 ἦβουὶόμην
735 1907 795 1950 0’i'v3
822 1916 938 1941 contra

164 1957 259 1986 velim
294 1956 472 1999 βουλοίμην
503 1953 553 1990 ἅν.
602 1958 733 1988 Etenim
766 1955 798 1987 in
830 1967 938 1987 enun-

166 1999 358 2032 tiationibus
389 2002 667 2034 conditionalibus
700 2013 856 2044 praesens
885 2001 939 2033 vel

166 2045 355 2088 perfectum
397 2047 598 2079 coniunctivi
636 2047 772 2098 ponitur
810 2046 851 2078 de
889 2058 937 2085 re,

169 2101 254 2133 quae
269 2090 338 2123 fieri
356 2099 468 2134 potest
485 2092 537 2123 vel
553 2093 682 2135 potuit2
704 2072 938 2134 imperfectuni

168 2135 221 2167 vel
236 2135 598 2180 plusquamperfectum
618 2136 818 2169 coniunctivi
835 2137 876 2168 de
892 2149 938 2176 re,

169 2192 254 2224 quae
276 2181 347 2213 fieri
370 2194 437 2214 non
459 2189 571 2226 potest
592 2182 644 2213 vel
666 2182 786 2225 potuit.
834 2162 939 2225 Supra

170 2237 200 2258 c.
216 2227 269 2266 11,
289 2227 350 2260 ¹3:
381 2229 690 2268 &were-nequidem
709 2232 890 2268 utrumque,
915 2230 942 2259 si

164 2276 287 2313 posset,·
317 2274 371 2304 sed
394 2278 437 2305 est
456 2275 584 2314 difficile
606 2274 802 2313 confundere.
836 2284 862 2304 c.
883 2272 939 2310 33.

169 2316 233 2350 81:
271 2320 380 2350 vellem
415 2320 521 2350 adesse
551 2322 651 2358 posset
684 2321 857 2350 Panaetius
893 2320 941 2361 (at

170 2362 344 2395 Panaetius
364 2363 429 2395 iam
455 2363 565 2403 obiiti.
591 2376 617 2395 c.
639 2362 693 2402 41,
712 2364 774 2395 98:
800 2365 941 2403 equidem

172 2417 263 2449 saepe
287 2411 403 2449 emori,
425 2412 452 2441 si
475 2411 542 2450 fieri
564 2411 684 2449 posset,
706 2410 826 2440 vellem.
851 2409 918 2441 V.'
913 2409 937 2447 s,

170 2453 234 2486 20:
269 2456 330 2486 Nos
352 2457 460 2487 vellem
478 2456 621 2494 praemio
644 2456 749 2486 elicere
771 2464 941 2493 possemus.

174 2498 299 2531 Contra
324 2501 379 2532 III.
403 2502 458 2540 20,
483 2504 545 2532 48:
570 2501 693 2538 Nolim,
717 2498 843 2541 inquit,
867 2510 941 2530 mea

170 2543 279 2584 bona,
303 2545 471 2581 Gracche,
496 2544 557 2576 tibi
580 2544 706 2576 viritim
727 2543 875 2576 dividere
896 2544 940 2575 li-

171 2589 261 2668 Zeat.
285 2592 325 2623 V.
342 2591 522 2624 nosinGr.
535 2591 575 2623 L.
591 2591 621 2627 G.
637 2587 710 2629 154,
725 2589 756 2623 3.
775 2600 809 2632 p
820 2588 941 2622 415—

198 2635 238 2670 17
273 2636 327 2668 ed.
348 2639 381 2670 2.

239 2694 394 2734 fortasse!
428 2693 626 2737 quanquam]
660 2693 704 2724 H.
733 2703 763 2723 e.
798 2691 903 2723 fortas
891 2702 941 2721 se

175 2738 318 2771 sormam
341 2751 433 2773 suam
454 2752 522 2773 non
546 2739 660 2778 videt;
697 2748 883 2781 quanquam
906 2736 941 2768 id

173 2794 304 2828 quoque
327 2785 399 2818 fieri
418 2792 551 2830 potest,
584 2797 630 2817 sc.
653 2791 690 2816 ut
710 2782 811 2815 animi
834 2782 943 2814 forma

174 2828 283 2873 aliqua
311 2838 423 2864 mente
450 2829 760 2875 comprehendatur.

240 2890 373 2930 motum]
414 2888 502 2928 „Die
537 2887 704 2931 Empfang
704 2883 844 2918 lichkeit
884 2884 944 2916 der

172 2931 268 2963 Seele
283 2932 336 2964 fiir
354 2933 450 2971 jeden
464 2933 669 2967 Eindruck.‘
696 2931 747 2964 Cf.
764 2928 872 2967 adslo
886 2930 940 2962 20.

243 2976 309 3008 CAr
335 2978 495 3012 XXVIII.
519 2978 575 3014 68.
615 2980 653 3012 Ut
670 2987 767 3020 quum
784 2974 943 3018 videmus]

1033 1525 1346 1563 commutationesque
1360 1540 1407 1546 --
1419 1518 1687 1564 quadripartitus]
1702 1519 1746 1552 V.

1042 1569 1082 1599 D.
1109 1568 1161 1606 11,
1190 1566 1241 1599 19.

1039 1615 1082 1645 ad
1101 1615 1354 1653 temperationem
1373 1612 1552 1654 corporum]
1575 1610 1671 1643 Infra
1688 1609 1746 1643 l'V.

973 1658 1033 1699 13,
1067 1659 1130 1691 30:
1180 1659 1225 1689 Ut
1258 1657 1344 1689 enim
1380 1659 1520 1697 corporis
1552 1657 1748 1697 temperatio,

972 1715 1072 1747 quum
1100 1716 1138 1735 en
1170 1709 1355 1745 congruunt
1379 1703 1468 1734 inter
1490 1714 1548 1744 se,
1584 1713 1603 1734 e
1627 1701 1746 1745 quibus

972 1757 1180 1788 constamus,
1218 1748 1363 1785 sanitas;
1403 1748 1452 1780 sic
1484 1727 1584 1780 aniim‘
1613 1746 1746 1787 dicitur,

973 1807 1072 1838 quum
1095 1795 1162 1827 eius
1188 1793 1309 1826 iudicia
1334 1793 1574 1837 opinionesque
1597 1803 1746 1825 concor-

973 1841 1065 1873 dant.
1115 1841 1156 1871 V.
1182 1840 1307 1872 Adnot.
1331 1839 1413 1870 inI.
1437 1839 1498 1877 10,
1523 1839 1579 1872 21.

1041 1885 1283 1929 moderatorem]
1312 1886 1424 1916 Somn.
1450 1881 1579 1927 Scin-4
1591 1883 1682 1915 ·Sol
1701 1902 1747 1908 —-

974 1931 1039 1964 dux
1064 1939 1098 1963 et
1125 1931 1280 1974 princeps
1312 1937 1345 1962 et
1377 1931 1557 1962 moderator
1586 1928 1748 1961 luminum

973 1977 1196 2020 reliquorum,
1220 1987 1313 2008 mens
1339 1974 1453 2007 mundi
1479 1980 1514 2005 et
1534 1974 1747 2018 temperatio.

1041 2024 1265 2064 deminutione]
1291 2021 1400 2064 Vulgo
1422 2019 1511 2052 maie
1532 2022 1749 2052 diminutione.

970 1568 1013 1600 N.

974 2071 1116 2101 Diminui
1138 2067 1224 2100 enim
1248 2066 1402 2099 dicuntur
1423 2077 1494 2105 res,
1528 2077 1612 2109 quae
1635 2065 1670 2097 in
1691 2065 1748 2097 di-

974 2125 1085 2146 versas
1111 2120 1222 2157 partes
1242 2113 1444 2152 minuuntur,
1467 2111 1502 2143 h.
1526 2122 1555 2143 e.
1577 2111 1748 2143 dissecan-

975 2166 1048 2197 tur,
1083 2158 1314 2190 discinduntur
1339 2165 1439 2201 atque
1460 2156 1546 2190 adeo
1568 2156 1750 2189 destruun-

974 2211 1048 2241 tnr3
1075 2206 1214 2235 deminui
1230 2210 1341 2235 autem
1357 2215 1420 2242 res,
1446 2214 1531 2246 qnae
1553 2201 1751 2235 decrescunt

976 2249 1108 2293 quidem
1133 2255 1166 2280 et
1187 2255 1424 2289 attenuantur,
1448 2247 1509 2280 sed
1531 2248 1598 2289 ita,
1621 2253 1660 2279 ut
1680 2257 1748 2279 non

975 2295 1074 2338 plane
1099 2293 1333 2325 dissolvantur.
1393 2319 1396 2322 .

1044 2341 1191 2379 luminis,
1223 2341 1314 2379 quasi
1337 2340 1512 2378 fastorum,
1540 2341 1700 2371 notantem
1723 2340 1752 2370 et

975 2387 1202 2426 siqnificantem
1219 2385 1298 2425 dies]
1325 2386 1411 2416 Fasti
1430 2389 1525 2415 erant
1545 2382 1751 2415 enumeratio

976 2438 1010 2463 et
1050 2429 1230 2473 descriptio
1277 2429 1430 2468 dierum,
1475 2428 1566 2472 quod
1604 2427 1748 2472 posteris

975 2475 1181 2519 temporibus
1205 2477 1423 2507 calendarium
1444 2474 1636 2506 vocabatur.
1684 2475 1751 2506 Lu-

975 2532 1045 2554 men
1078 2523 1171 2554 lunae
1207 2526 1379 2572 comparat
1404 2519 1520 2552 Cicero
1555 2531 1630 2552 cum
1654 2517 1750 2551 fastis

976 2574 1033 2599 aut
1057 2565 1268 2605 calendario,
1304 2566 1379 2609 quia
1401 2565 1468 2597 hoc
1486 2565 1610 2597 lumine
1633 2575 1751 2597 accre-

975 2619 1090 2643 scente
1125 2618 1160 2643 et
1192 2591 1407 2643 deci-escente
1446 2610 1516 2642 dies
1552 2616 1586 2641 et
1619 2620 1751 2641 menses

976 2657 1189 2689 notabantur.
1225 2657 1345 2688 Verte:
1370 2655 1439 2687 und
1463 2655 1527 2687 den
1549 2654 1668 2695 Mond,
1691 2654 1753 2686 der

977 2702 1081 2733 durch
1097 2704 1142 2733 Zu
1155 2708 1177 2725 '—
1199 2701 1267 2732 und
1280 2700 1452 2732 Abnahme
1472 2699 1580 2732 seines
1602 2699 1750 2739 Lichtes,

977 2746 1035 2778 das
1055 2746 1235 2788 gleichsam
1255 2745 1306 2777 ein
1321 2744 1494 2777 Kalender
1508 2744 1563 2784 ist,
1588 2744 1644 2776 die
1657 2742 1756 2788 Tage

976 2791 1182 2824 bezeichnet.
1217 2793 1352 2823 Orellius
1374 2790 1503 2833 recepit
1517 2792 1652 2823 Ernestii
1669 2801 1750 2822 con-

977 2837 1158 2869 iecturam:
1195 2837 1323 2868 luminis
1343 2838 1435 2876 quasi
1457 2837 1610 2877 fastorum
1636 2837 1753 2868 notis

979 2885 1219 2924 signantem
1243 2882 1327 2921 dies,
1353 2880 1538 2923 elegantem
1560 2880 1653 2913 illam
1675 2880 1752 2924 qui-

980 2928 1075 2966 dem,
1110 2927 1169 2959 sed
1191 2938 1257 2958 non
1281 2926 1522 2965 necessariam,
1553 2938 1662 2971 neque
1690 2937 1751 2959 co-

981 2973 1093 3006 dicum
1117 2971 1319 3006 auctoritate
1341 2971 1535 3005 stabilitam.
