1843 3101
183 59 267 104 226

184 151 372 207 disputari
396 150 506 193 velit.
568 149 621 190 A.
652 148 749 191 Non
773 150 865 192 mihi
887 150 1042 192 videtur
1063 151 1169 193 omni
1191 151 1310 193 animi
1331 151 1625 208 perturbatione
1644 167 1763 210 posse

176 226 342 282 'sapiens
363 237 521 267 vacare.
585 223 653 266 M.
687 223 950 280 Aegritudine
983 226 1135 281 quidem
1162 226 1347 268 hesterna
1368 226 1629 283 disputatione
1651 228 1763 270 vide-

183 300 323 353 batur,
371 299 445 340 nisi
476 299 577 340 forte
611 299 798 354 temporis
833 314 975 342 caussa
1010 300 1123 342 nobis
1156 300 1444 342 assentiebare.
1504 300 1562 342 A.
1594 299 1763 344 Minime

1318 375 1385 416 M.
1416 374 1513 417 Non
1533 375 1654 431 igitur
1676 376 1762 417 exi-

702 70 874 103 nrsssa
898 70 954 106 iv.
977 70 1021 113 4,
1044 68 1079 104 9.
1106 70 1149 113 5,
1176 71 1229 105 ιο.

183 389 306 426 vero,
340 388 428 415 nam
452 373 545 414 mihi
569 374 730 430 egregie
754 375 915 429 probata
937 383 998 417 est
1024 376 1149 416 oratio
1172 382 1253 416 tua.

181 449 316 490 stimas
339 448 480 490 cadere
503 448 541 490 in
567 449 782 505 sapientem
810 450 1125 505 aegritudinem?
1183 451 1240 491 A.
1273 447 1445 492 Prorsus
1469 465 1548 492 non
1571 450 1759 492 arbitror.

183 522 250 564 M.
284 523 431 578 Atqui,
465 523 498 565 si
525 524 598 565 ista
622 524 852 580 perturbare
876 525 1044 565 animum
1069 525 1257 580 sapientis
1281 539 1360 565 non
1380 532 1535 581 potest,
1569 525 1673 566 nulla
1694 540 1763 581 po-

181 597 286 638 terit.

182 671 275 713 tium
299 679 441 724 metus,
475 687 637 727 quarum
659 674 923 728 praesentium
948 681 1010 715 est
1030 674 1249 729 aegritudo.

892 747 1066 789 Restant
1092 749 1191 789 duae
1219 748 1563 804 perturbationes,
1611 747 1761 789 laetitia

350 596 455 652 Quid
482 598 616 639 enim?
655 606 834 640 metusne
863 600 1099 640 conturbet?
1140 606 1178 640 at
1202 613 1336 640 earum
1370 613 1501 641 rerum
1529 606 1592 641 est
1621 599 1764 641 absen-

1314 672 1476 716 Sublata
1498 674 1618 730 igitur
1633 673 1763 729 aegri-

179 746 335 798 tudine,
380 747 554 788 sublatus
594 754 656 788 est
687 755 830 789 metus.

179 821 356 876 gestiens
387 829 427 862 et
450 821 594 873 libido,
636 835 736 876 quae
763 823 795 863 si
828 837 906 863 non
939 823 1082 864 cadent
1110 823 1150 863 in
1181 823 1422 879 sapientem,
1462 836 1620 879 semper
1648 836 1761 864 mens

180 896 256 937 erit
291 896 497 950 tranquilla
534 896 739 951 sapientis.
811 903 852 938 9.
886 896 938 937 A.
974 894 1042 937 Sic
1074 911 1235 951 prorsus
1264 897 1456 953 intelligo.
1519 897 1587 939 M.
1621 895 1763 939 Utrum

180 969 299 1024 igitur
323 970 477 1010 mavis?
517 970 700 1010 statimne
728 984 799 1010 uos
819 970 908 1010 vela
930 972 1061 1010 facere
1076 1002 1086 1022 ,
1121 984 1170 1011 an
1196 974 1305 1025 quasi
1328 985 1350 1012 e
1373 979 1487 1027 portu
1511 972 1763 1026 egredientes

180 1043 390 1099 paullulum
418 1044 643 1098 remigare?
702 1044 756 1084 A.
793 1042 987 1098 Quidnam
1019 1051 1082 1085 est
1110 1045 1242 1086 istuc?
1274 1059 1352 1086 non
1383 1045 1487 1086 enim
1517 1045 1711 1101 intelligo.

292 1117 345 1160 V.
382 1118 446 1159 M.
480 1116 585 1172 Quia
606 1116 852 1175 Chrysippus
883 1126 921 1160 et
944 1117 1093 1171 Stoici,
1137 1134 1255 1174 quum
1279 1120 1326 1160 de
1356 1119 1477 1162 animi
1502 1119 1763 1176 perturbatio—

178 1192 292 1234 nibus
316 1192 538 1249 disputaut,
573 1208 753 1249 magnam
779 1202 926 1250 partem
950 1194 1059 1235 iniis
1084 1194 1300 1249 partiendis
1326 1201 1366 1235 et
1389 1194 1619 1236 deliniendis
1645 1207 1762 1235 occu-

180 1268 258 1322 pati
279 1275 393 1320 sunt3
429 1268 494 1309 illa
520 1282 655 1309 eorum
677 1269 894 1324 perexigua
916 1268 1043 1310 oratio
1067 1275 1143 1319 est,
1179 1282 1252 1323 qua
1275 1269 1507 1310 medeantur
1528 1268 1669 1310 animis
1688 1282 1761 1310 nee

180 1355 250 1382 eos
282 1342 528 1383 turbulentos
553 1356 642 1384 esse
663 1344 882 1398 patiantur,
924 1341 1178 1398 Peripatetici
1203 1350 1334 1384 autem
1362 1343 1410 1384 ad
1437 1343 1648 1399 placandos
1678 1343 1762 1383 ani-

179 1429 264 1456 mos
303 1416 421 1456 multa
460 1418 654 1468 afferunt,
703 1417 834 1472 spinas
869 1416 1057 1471 partiendi
1091 1424 1130 1457 et
1167 1417 1376 1458 definiendi
1412 1417 1759 1473 praetermittunt3

178 1490 412 1544 quaerebam
436 1490 570 1544 igitur,
606 1498 733 1532 utrum
757 1491 965 1545 panderem
990 1491 1078 1532 vela
1098 1491 1289 1532 orationis
1308 1492 1456 1543 statim,
1488 1505 1537 1533 an
1563 1505 1647 1532 eam
1671 1498 1764 1533 ante

179 1564 386 1619 paullulum
411 1565 703 1606 dialecticorum
725 1566 845 1607 remis
866 1566 1140 1621 propellerem.
1189 1565 1245 1606 A.
1274 1563 1356 1607 lsto
1381 1566 1496 1607 modo
1519 1580 1632 1607 vero.
1673 1564 1764 1607 Erit

1481 1645 1548 1681 10.
1584 1639 1651 1682 M.
1686 1639 1763 1681 Est

179 1712 216 1753 id
233 1711 388 1767 quidem
407 1713 578 1765 rectius;
609 1714 677 1754 sed
697 1721 784 1770 post
806 1714 1000 1770 requires,
1029 1715 1061 1755 si
1082 1714 1170 1770 quid
1191 1715 1307 1755 fuerit
1327 1714 1550 1756 obscurius.
1605 1714 1660 1756 A.
1684 1712 1762 1755 Fa-

179 1637 282 1678 enim
308 1638 381 1678 hoe
406 1644 526 1679 totum
543 1671 552 1689 ,
588 1640 689 1693 quod
713 1654 886 1695 quaero,
920 1654 973 1681 ex
996 1648 1162 1695 utroque
1187 1641 1415 1695 perfectius.

985 1834 1050 1866 tius
1077 1833 1354 1878 progrediuntur:
1392 1832 1427 1865 id
1451 1840 1562 1866 autem
1593 1834 1631 1866 fit
1655 1833 1760 1866 remi-

987 1880 1110 1923 gando.
1162 1880 1214 1919 Cf.
1238 1892 1265 1912 c.
1280 1879 1311 1911 5.
1335 1879 1440 1923 princ.

1056 1926 1133 1957 CAp.
1152 1927 1192 1957 V.
1232 1927 1425 1966 Chrysippus
1445 1929 1473 1958 et
1498 1925 1611 1968 Stoici]
1649 1925 1757 1969 Chry-

179 1840 330 1876 putatum
342 1840 403 1866 est.
423 1833 510 1864 Nam
523 1844 622 1876 quum
635 1833 824 1865 ambulandi
839 1845 950 1866 caussa

179 1877 210 1909 in
237 1880 384 1922 Lyceum
407 1878 628 1914 venissemusz
668 1879 713 1919 «jd
738 1880 824 1911 enim
848 1892 950 1924 snpe—

179 1924 257 1955 riori
292 1924 472 1956 ‹zwnnasio
510 1936 630 1956 nomen
665 1926 766 1960 estid·
836 1927 950 1969 Itaque

178 1963 507 2009 superior'ambulatio
523 1970 695 2003 dicebatur
715 1973 870 2012 Lyceum,
896 1971 948 2003 ubi

178 2014 344 2047 ambulare
357 2016 511 2048 solebant
525 2029 531 2052 ς
551 2018 680 2056 inferior
693 2020 864 2049 ambulatio
879 2024 948 2049 erat

180 2062 359 2101 Academia,
386 2062 478 2093 locus
501 2062 532 2093 in
557 2062 673 2094 eodem
694 2063 862 2095 Ciceronis
881 2065 948 2095 Tu-

177 2105 327 2147 sculano,
354 2107 406 2138 nbi
423 2107 665 2151 disputationes
682 2108 722 2139 dc
737 2109 947 2152 philosophia

178 2149 444 2183 instituebantur.
495 2153 545 2185 Cf.
566 2165 664 2196 supra
691 2156 730 2186 ll.
746 2157 776 2193 ἓν,
800 2158 830 2187 ἓ).
874 2159 948 2187 Am-

177 2197 294 2227 bulaeio
317 2196 348 2228 h.
364 2197 385 2227 l.
411 2197 575 2240 significat
598 2200 823 2232 ambulacrum
843 2212 869 2231 s.
893 2200 947 2231 lo-

178 2252 272 2280 cum,
299 2242 351 2273 ubi
375 2242 572 2275 ambulatur.
623 2246 674 2276 Cf.
700 2246 742 2277 de
764 2246 947 2285 Orat.1.7‚

177 2287 231 2320 211⁴..
257 2287 361 2330 princ.

247 2337 277 2364 ὃ.
321 2335 468 2373 temporis
500 2335 628 2378 caussa]
664 2336 708 2367 H.
736 2348 764 2368 e.
802 2338 854 2377 fiir
890 2338 950 2369 den

178 2380 411 2419 Auyenblick‚“
441 2390 547 2422 comp.
572 2381 662 2412 Lael.
679 2387 711 2418 θ’,
733 2382 797 2415 2²6:
825 2382 878 2425 qui
900 2383 950 2414 si-

176 2423 358 2455 mulatione
382 2424 544 2456 amicitiae
578 2426 730 2458 coluntur
764 2434 798 2458 et
830 2428 948 2460 obser—

177 2477 296 2501 vantur
330 2473 474 2510 temporis
505 2480 619 2502 caussa
656 2472 757 2514 (quod
796 2474 833 2505 15
847 2499 854 2506 .
892 2475 946 2507 53.

178 2521 245 2546 est:
285 2516 439 2547 coluntur
458 2523 570 2548 tamen
590 2516 800 2548 simulatione
823 2517 946 2550 dunta-

178 2567 233 2590 xat
255 2560 297 2591 ud
322 2562 477 2603 tempus).
524 2561 681 2594 Acad.11.
697 2564 749 2599 55,
778 2563 857 2595 115ῑ
886 2575 946 2596 nec

179 2605 253 2637 dico
268 2611 414 2646 temporis
429 2617 552 2645 caussa,
572 2607 631 2639 sed
648 2607 694 2639 ita
711 2607 809 2650 plane
829 2609 945 2650 probo.

245 2656 275 2683 θ’.
304 2654 495 2685 Uram—‚⁹
516 2656 735 2693 statimne—‚
761 2654 818 2697 an]
845 2654 885 2684 V.
902 2654 945 2685 ad

178 2697 232 2728 IV.
256 2697 320 2730 27.
347 2700 400 2730 LA).

244 2745 313 2775 vela
326 2744 442 2787 facere]
463 2747 623 2777 Ernesrius
636 2744 669 2777 in
685 2744 775 2777 Clav.
793 2743 944 2776 Ciceron.

179 2800 208 2819 v.
232 2791 387 2829 remigare
417 2790 464 2822 sic
497 2790 658 2834 explicat:
699 2791 819 2822 Utrum
849 2788 943 2821 malis

177 2833 288 2864 statim
312 2835 446 2877 copiose
469 2842 502 2867 et
522 2836 588 2868 late
608 2835 780 2880 disputari,
803 2847 844 2867 an
862 2845 942 2867 vero

179 2885 253 2909 ante
268 2878 375 2912 adhuc
389 2880 589 2924 aliquamdiu
603 2881 770 2914 subtiliter
785 2892 854 2913 rem
866 2892 941 2924 per-

175 2923 265 2973 sequi
277 2947 287 2962 ,
313 2926 591 2968 quemadmodum
612 2928 668 2972 qui
689 2934 823 2972 portum
843 2938 941 2970 egre.—

175 2966 310 3001 dmntur
332 2981 398 3003 non
418 2972 531 3004 statim
553 2973 626 3006 vela
646 2974 747 3013 dant,
783 2972 843 3005 sed
864 2973 937 3005 len-

985 1970 1108 2014 sippus,
1136 1983 1216 2003 uuus
1239 1970 1430 2003 Stoicorum
1451 1970 1759 2013 excellentissimus,

984 2016 1181 2049 nominatim
1220 2017 1428 2059 appellatur,

984 2063 1119 2094 nomine
1150 2063 1387 2106 significantur.
1425 2061 1468 2095 de
1502 2062 1611 2095 Divin.
1636 2064 1667 2098 l.
1693 2062 1757 2096 53:

984 2109 1078 2146 Fore,
1106 2115 1141 2140 ut
1165 2109 1264 2141 armis
1288 2111 1404 2141 Darius
1434 2112 1461 2141 el
1484 2107 1601 2141 Persae
1623 2111 1663 2142 ab
1688 2110 1758 2140 Ale-

982 2157 1108 2187 xandro
1128 2159 1156 2186 et
1178 2157 1400 2187 Macedonibus
1422 2153 1643 2186 vincerentur.

1049 2202 1283 2233 dialecticorum
1293 2202 1400 2241 remis]
1418 2200 1458 2233 H.
1471 2211 1500 2231 e.
1515 2211 1557 2232 au
1571 2199 1760 2232 orationem

985 2245 1156 2278 exordirer
1172 2258 1265 2277 more
1279 2245 1528 2278 dialecticorum
1542 2257 1561 2277 a
1584 2245 1759 2278 subtiliore

984 2291 1223 2335 disputatione,
1249 2303 1332 2335 quae
1351 2291 1472 2323 lentius
1485 2291 1710 2335 progreditur.

1063 2340 1122 2370 Isto
1154 2339 1246 2370 morlo
1275 2338 1363 2378 vero]
1400 2337 1442 2368 H.
1466 2348 1494 2369 e.
1524 2338 1664 2378 profecto
1691 2336 1756 2369 isto

984 2382 1087 2415 modo
1102 2409 1109 2419 ,
1136 2395 1181 2414 sc.
1208 2390 1243 2414 ut
1268 2383 1456 2414 orationem
1477 2382 1616 2426 incipias
1639 2394 1658 2414 a
1680 2382 1754 2424 spi-

984 2428 1034 2460 nis
1058 2428 1227 2471 partiendi
1259 2436 1292 2459 ct
1314 2426 1512 2462 definiendi;
1548 2427 1670 2460 deinde
1692 2438 1753 2459 co-

982 2474 1129 2516 piosiore
1152 2474 1304 2506 oratione
1321 2481 1451 2511 uterer;
1476 2483 1515 2505 ex
1538 2477 1666 2513 utroque
1688 2471 1708 2504 i.
1725 2485 1753 2505 e.

983 2531 1001 2549 e
1021 2520 1211 2551 Stoicorum
1233 2526 1266 2550 et
1289 2519 1585 2562 Peripateticorum
1611 2517 1753 2551 ratione.

985 2565 1032 2595 De
1053 2564 1171 2596 vocula
1195 2575 1267 2597 vero
1290 2576 1320 2595 v.
1345 2563 1468 2596 Adnot.
1484 2563 1507 2595 1.
1526 2564 1563 2595 11
1578 2589 1587 2605 ‚
1612 2565 1667 2595 24.

1054 2611 1103 2641 lo.
1137 2611 1335 2650 dilabantur]
1377 2608 1460 2640 Cato
1485 2607 1573 2651 apud
1599 2608 1752 2642 Cicer-on.
1775 2651 1779 2654 γ

980 2653 1022 2685 de
1046 2654 1119 2685 Fin.
1137 2655 1191 2686 ΠΙ.
1211 2658 1266 2693 Ἀᾊ,
1302 2653 1350 2687 ῖ4.
1373 2653 1581 2696 disciplinam
1605 2655 1753 2688 Stoicam

979 2699 1027 2730 sic
1074 2699 1270 2741 praedicans
1311 2698 1498 2731 inducitur:
1540 2699 1752 2733 Admirabilis

980 2744 1179 2787 compositio
1219 2743 1434 2788 disciplinae,
1482 2744 1752 2789 incredibilisque

979 2801 1087 2821 rerum
1105 2789 1207 2821 traxit
1222 2789 1316 2822 ordo.
1341 2809 1388 2814 —
1410 2790 1498 2830 Quid
1517 2802 1584 2823 non
1599 2791 1648 2823 sic
1661 2791 1750 2824 aliud

979 2846 1018 2866 ex
1042 2835 1106 2867 alio
1128 2835 1291 2872 nectitur,
1318 2842 1354 2867 ut
1377 2847 1461 2876 nou,
1486 2836 1513 2868 si
1536 2836 1635 2869 ullam
1653 2836 1748 2869 litte-

975 2892 1046 2913 ram
1069 2880 1233 2920 moveris,
1257 2882 1361 2914 labent
1386 2881 1524 2914 omnia?
1549 2894 1612 2915 nec
1634 2888 1748 2915 tamen

975 2926 1152 2971 quicquam
1176 2932 1246 2969 est,
1272 2927 1361 2971 quod
1385 2926 1512 2960 moveri
1534 2927 1651 2971 possit.

1041 2974 1240 3014 Pythayorae
1264 2991 1306 2997 —
1330 2975 1472 3007 Platonis
1488 2972 1747 3018 descriptionem]

1475 2016 1577 2049 ceteri
1612 2017 1758 2061 generali
1811 2038 1815 2042 -
