1843 3085
207 537 399 587 INDEX
436 536 662 585 RERUM
698 535 781 583 ET
817 534 1126 595 NOMINUM,
1162 535 1226 583 IN
1261 534 1713 584 ADNOTATIONE

699 603 1218 653 EXPLICATORUM.

177 776 220 803 Dc
241 774 410 803 nominibus
437 772 566 809 propriis
587 772 790 801 consulendus
810 777 856 799 est
874 772 960 800 index
979 772 1152 801 historicus.

1191 771 1309 799 Primus
1329 779 1471 800 numerus
1495 770 1611 798 iudicat
1629 770 1748 803 librum,

655 818 733 846 alter
759 824 869 853 caput,
900 819 1010 846 tertius
1037 817 1270 854 paragraphum.

554 995 587 1023 A.

179 1058 203 1085 Α
218 1076 228 1093 ,
252 1054 313 1091 ab,
339 1049 487 1093 quisunt
507 1059 527 1080 o
548 1050 666 1080 Zenone
688 1047 732 1090 (οἳ.
751 1042 817 1080 ἀπό
835 1046 946 1087 τινος).

224 1098 267 1130 11.
281 1096 313 1136 3,
328 1095 357 1129 T.
383 1094 485 1138 legati
497 1096 536 1126 ab
548 1094 738 1125 Alexandro.
762 1093 802 1123 V.
816 1091 870 1132 3¹2,
892 1090 947 1125 91.

227 1143 319 1174 Haec
336 1148 412 1172 sunt
432 1151 452 1172 a
474 1141 613 1172 Graecis.
637 1138 731 1178 1.30‚
757 1136 810 1172 74.

178 1191 308 1222 Abditas
328 1189 383 1219 sub
407 1185 465 1228 (tn)
489 1189 626 1224 terram,
662 1185 775 1216 abdere
806 1193 837 1216 se
869 1185 948 1214 litte-

225 1237 270 1267 ris
289 1239 352 1264 etc.
377 1233 419 1264 11.
437 1232 491 1269 ξιξ),
516 1230 570 1263 60.

179 1282 307 1312 Abesse.-
332 1283 462 1309 tantum
486 1276 580 1308 abest
601 1275 643 1307 ab
663 1285 714 1313 eo,
742 1279 892 1305 ut—ut.
923 1274 947 1304 1.

221 1323 260 1359 31
311 1322 365 1359 76.

178 1349 364 1409 Ablativus,
398 1373 434 1399 ut
466 1369 514 1399 his
543 1367 699 1398 sententiis
724 1375 786 1407 pro
811 1374 851 1395 ex
873 1363 905 1394 h.
922 1375 948 1394 s.

226 1415 319 1453 1.11,
343 1411 397 1446 24.
445 1414 556 1452 Epulis
583 1422 645 1453 pro
673 1417 846 1452 tempore,
882 1419 948 1451 quo

227 1459 345 1504 epulae
365 1458 542 1491 habentur.
565 1457 619 1488 1V.
633 1455 666 1496 2,
689 1452 722 1488 4.

180 1508 344 1539 Ablativus
361 1519 406 1532 =
425 1502 554 1536 ratione
580 1501 694 1533 habita
722 1500 858 1532 alicuius
887 1498 946 1532 rei.

225 1552 266 1583 V.
285 1550 344 1591 225,
367 1550 422 1582 82.

179 1599 305 1636 Ablat.‚
330 1602 366 1627 ut
389 1595 577 1634 temporibus
599 1594 683 1632 illis,
707 1602 788 1635 pro:
812 1601 872 1632 pro
896 1601 948 1623 ra-

223 1644 316 1674 tione.
340 1640 398 1672 lv.
419 1639 451 1679 3,
477 1639 508 1671 5.

181 1689 284 1720 Ablat.
308 1688 367 1719 toci
384 1684 456 1716 siue
475 1687 520 1716 in.
543 1684 583 1715 V.
599 1683 654 1722 35,
681 1682 757 1715 102.

180 1735 282 1766 Ablat.
303 1732 511 1773 qualitativas
532 1730 651 1772 (eodem
669 1730 745 1761 vitio
767 1734 818 1760 est
830 1726 948 1759 effusio

225 1777 260 1810 in
281 1776 436 1817 laetitia).
459 1776 515 1807 IV.
531 1775 595 1814 31,
619 1773 676 1808 66.

181 1826 285 1857 Ablat.
302 1825 463 1855 absolut-us
474 1845 484 1862 ,
510 1827 546 1852 ut
567 1821 710 1852 adversis
728 1821 852 1851 casibus
870 1829 951 1861 pro:

225 1879 324 1911 quum
336 1869 463 1901 adversi
475 1870 567 1898 casus
578 1867 736 1897 accidunt.
757 1865 815 1895 ΙΙΙ.
834 1864 886 1903 16,
898 1861 951 1896 34.

182 1917 321 1948 Ablativi
339 1915 403 1946 duo
421 1911 546 1951 iuncti,
571 1921 711 1954 quorum
727 1909 812 1941 alter
830 1909 952 1941 instru-

227 1965 396 1998 mentum,
421 1957 505 1990 alter
524 1956 662 1989 modum
683 1955 825 1988 actionis
846 1954 949 1998 signi-

230 2005 320 2037 ficat.
345 2005 402 2036 ΙΙΙ.
421 2004 472 2041 15,
495 2003 552 2036 31.

184 2053 349 2084 Abstracta
361 2048 496 2081 nomina
511 2059 573 2091 pro
590 2046 765 2079 concretis.
784 2047 826 2078 ΙΙ.
842 2046 874 2086 7,
902 2045 951 2079 18.

231 2097 288 2129 IV.
299 2094 354 2134 26,
367 2094 441 2132 ὁὶ,
466 2093 586 2137 plurali
599 2104 738 2125 numero
756 2091 875 2135 posita.
895 2092 950 2123 IV.

227 2142 260 2180 2,
285 2140 317 2174 3.

184 2187 346 2225 Absurde,
381 2185 538 2216 absurdus
572 2183 651 2227 quid
685 2182 884 2226 significent.
910 2183 952 2214 ΙΙ.

229 2230 272 2272 4,
301 2231 352 2264 12.

182 2281 238 2312 Ac.
284 2277 326 2309 V.
338 2287 370 2308 v.
384 2278 486 2315 atque.

183 2324 331 2363 Accedit,
352 2324 388 2353 ut
407 2326 443 2352 et
461 2320 593 2359 accedit,
614 2321 697 2359 quod
714 2338 758 2342 —
785 2320 808 2350 1.
829 2316 881 2357 19,
900 2316 955 2351 43.

184 2370 332 2403 Accidere
348 2372 382 2398 et
400 2367 520 2398 evenire
539 2363 618 2408 quid
638 2363 806 2395 differant.
831 2364 887 2395 IV.
900 2361 954 2402 26,

233 2424 288 2448 ot.

186 2461 332 2500 Accipere
349 2457 493 2500 aliquem
514 2453 715 2487 verberibus.
741 2454 782 2484 ΙΙ.
806 2450 858 2493 1-1,
882 2450 939 2486 34.

190 2505 396 2538 accusativus
418 2502 452 2534 in
475 2511 512 2533 en
523 2525 532 2541 ,
554 2507 591 2532 ut
610 2501 780 2532 Socraten.
794 2497 885 2537 1.26,
899 2496 953 2530 65.

236 2554 353 2583 Aecus.
367 2550 499 2581 Hectora
515 2545 642 2578 dubius.
665 2546 689 2576 Ι.
701 2540 757 2582 4-1,
780 2543 854 2574 105.
878 2546 955 2574 Ace.

237 2596 451 2632 Salaminam,
469 2593 649 2624 Salamina.
671 2591 696 2622 I.
708 2586 763 2625 46,
781 2587 854 2620 110.
882 2591 957 2633 Acc.

239 2640 272 2672 in
292 2642 326 2672 in
348 2650 409 2683 pro
429 2641 494 2677 im,
518 2643 571 2668 ut:
597 2634 725 2680 poesin.
749 2634 790 2664 V.
804 2631 858 2669 39,
884 2633 957 2664 114.

196 2689 338 2719 Accusat.
361 2681 596 2727 pronominum
615 2681 650 2713 in
672 2684 838 2712 structura
859 2688 959 2709 accu-

241 2729 340 2763 sativi
357 2742 385 2762 e.
399 2728 461 2760 inf.
476 2738 576 2770 saepe
593 2724 770 2759 omittitur.
792 2724 818 2754 Ι.
832 2723 886 2762 25,
904 2721 959 2755 60.

198 2778 340 2809 Accusat.
360 2774 595 2818 pronominum
616 2771 836 2811 cuiuscunque
855 2778 961 2810 gene-

243 2821 287 2853 ris
309 2819 418 2851 verbis
439 2817 595 2861 iungitur.
621 2817 660 2848 V.
674 2815 730 2854 28,
754 2814 808 2848 81.

200 2868 342 2897 Accusat.
373 2874 444 2897 cum
474 2865 562 2905 infin.
591 2861 625 2893 in
650 2860 803 2893 oratione
825 2857 962 2890 affectus

246 2910 297 2941 vel
319 2907 545 2941 admirationis
567 2906 674 2951 plena.
701 2907 740 2938 11.
761 2903 793 2943 9,
818 2901 873 2936 21.

202 2958 342 2987 Accusat.
363 2964 431 2986 cum
452 2956 539 2994 infin.
559 2964 621 2995 pro
641 2949 780 2994 simplici
800 2947 964 2981 infinitivo

1028 962 1104 999 post
1125 955 1225 988 verba
1244 956 1340 987 studii
1361 961 1395 986 et
1416 955 1582 994 desiderii,
1609 961 1663 986 ut:
1690 954 1750 986 be-

1029 1002 1163 1034 nefacta
1194 1001 1227 1032 in
1262 1000 1335 1033 luce
1369 1010 1400 1033 se
1434 999 1591 1032 collocari
1623 999 1749 1032 volunt.

1029 1049 1055 1079 Ι.
1075 1045 1130 1085 41,
1155 1046 1209 1080 96.

983 1096 1093 1126 Activa
1119 1092 1227 1124 formu
1258 1090 1349 1123 verbi
1372 1089 1492 1123 transit
1521 1091 1555 1123 iu
1577 1090 1751 1135 passivam.

1029 1139 1070 1170 11.
1093 1137 1146 1179 16,
1170 1137 1224 1171 37.
1258 1138 1298 1168 V.
1317 1136 1372 1176 33,
1397 1134 1452 1169 94.

982 1185 1030 1217 Ad
1048 1183 1188 1215 inservit
1209 1181 1459 1226 comparationi.
1485 1184 1512 1215 1.
1536 1182 1588 1222 17,
1612 1179 1668 1215 40.
1703 1183 1750 1214 Aa

1028 1231 1138 1262 horam
1169 1227 1297 1261 mortis.
1334 1228 1375 1260 V.
1396 1227 1461 1267 22,
1491 1226 1548 1262 63.
1607 1229 1656 1261 Ad
1687 1238 1751 1271 pro

1027 1277 1137 1315 apud,
1162 1281 1197 1306 ut
1221 1277 1264 1306 ad.
1281 1283 1429 1306 censores.
1453 1273 1582 1313 111.21‚
1607 1273 1660 1306 51.
1700 1273 1749 1305 Ad

1028 1326 1064 1352 et
1084 1321 1173 1360 apud
1195 1320 1344 1352 Romam.
1371 1320 1425 1351 [v.
1446 1320 1502 1359 22,
1526 1317 1581 1351 49.
1607 1320 1657 1351 Ad
1677 1329 1750 1350 cum

1028 1364 1150 1397 adiect.
1173 1372 1205 1397 et
1227 1364 1330 1397 subst.
1350 1364 1510 1403 iunctum,
1534 1369 1657 1404 caecus,
1679 1374 1749 1397 cae-

1027 1413 1127 1450 citas,
1159 1411 1268 1451 hebes,
1303 1413 1415 1443 acutus
1445 1411 1491 1442 ad
1522 1411 1646 1451 aliquid
1668 1415 1748 1442 cett.

1027 1456 1086 1488 111.
1108 1457 1140 1496 5,
1167 1457 1218 1489 11.

982 1502 1137 1542 Additur,
1161 1505 1195 1534 ut
1217 1513 1245 1533 c.
1268 1500 1355 1533 coni.
1380 1502 1438 1533 111.
1462 1500 1518 1539 31,
1542 1500 1598 1535 75.

983 1548 1095 1579 Adesse
1115 1553 1149 1578 et
1162 1557 1313 1587 praesens
1330 1556 1404 1579 esse.
1426 1546 1483 1579 IV.
1501 1546 1534 1587 7,
1560 1545 1613 1579 14.

982 1593 1144 1625 Adiectiva
1163 1604 1224 1635 pro
1246 1591 1409 1624 adverbiis
1422 1617 1430 1633 ,
1456 1597 1493 1623 ut
1515 1591 1658 1624 clamare
1680 1601 1749 1624 ma-

1027 1648 1133 1678 gnum.
1157 1640 1198 1669 ΙΙ.
1223 1636 1278 1677 24,
1303 1637 1358 1670 56.
1408 1637 1460 1669 Cf.
1486 1638 1512 1669 1.
1540 1634 1592 1676 14,
1616 1637 1671 1670 31.

982 1695 1144 1726 Adiectiva
1159 1691 1354 1731 ἅσυνδέτως
1370 1693 1549 1737 iunguntur
1563 1693 1598 1725 in
1620 1699 1752 1726 contra-

1028 1738 1152 1771 riorum
1174 1738 1442 1780 consociatione,
1467 1745 1504 1771 ut
1521 1741 1623 1780 bona,
1645 1741 1734 1772 mala
1742 1749 1753 1779 ,⁶

1033 1795 1156 1825 aequa,
1179 1787 1298 1825 iniqua.
1324 1785 1365 1816 V.
1386 1783 1441 1822 39,
1468 1781 1542 1817 114.
1591 1786 1753 1817 Adiectiva

1031 1832 1149 1871 plura,
1187 1829 1243 1862 uni
1267 1829 1394 1862 nomini
1415 1825 1608 1868 ἀσυνδέτως
1631 1829 1752 1862 adiun-

1033 1882 1097 1907 cta.
1123 1877 1164 1907 II.
1186 1875 1218 1915 9,
1244 1874 1298 1907 21.
1334 1876 1375 1907 V.
1398 1874 1454 1914 21,
1477 1873 1532 1908 61.

986 1922 1217 1954 Adiectivorum
1247 1924 1393 1953 neutrum
1423 1919 1596 1963 singularis
1627 1920 1753 1953 numeri

1031 1966 1315 1999 substantivorum
1345 1966 1424 1998 loco
1452 1966 1616 2008 positum,
1650 1971 1687 1999 ut
1706 1968 1753 1999 si—

1032 2014 1105 2045 mile
1125 2023 1188 2055 pro
1212 2013 1426 2044 similitudine.
1449 2012 1491 2043 11.
1513 2013 1544 2052 5,
1574 2012 1624 2045 13.
1639 2025 1646 2032 ·

985 2059 1216 2090 Adiectivorum
1233 2058 1433 2098 permutatio.
1455 2057 1497 2089 V.
1521 2069 1552 2090 v.
1575 2058 1755 2099 hypallaye.

987 2115 1180 2147 Adiectivum
1192 2139 1201 2155 ,
1236 2113 1280 2145 ad
1302 2113 1398 2157 plura
1417 2113 1624 2146 substantiva
1643 2113 1753 2157 perti-

1033 2171 1114 2192 nens
1127 2185 1135 2200 ,
1172 2158 1275 2203 priori
1296 2158 1505 2192 substantivo
1526 2158 1753 2204 praeponitur.

1035 2206 1059 2236 Ι.
1085 2203 1117 2245 4,
1142 2205 1173 2239 7.

988 2252 1171 2289 Αάνηὶνανὶ,
1202 2251 1390 2282 bewundern
1408 2255 1443 2281 et
1453 2251 1519 2282 sich
1538 2251 1754 2283 verwundern.

1035 2297 1075 2328 V.
1098 2296 1131 2334 ὃ,
1155 2298 1187 2327 ὅ.
1235 2297 1397 2327 Admirari
1424 2297 1459 2328 in
1481 2297 1590 2336 aliqua
1618 2305 1661 2328 re.
1695 2297 1754 2327 111.

1039 2340 1091 2379 18,
1115 2339 1170 2374 39.
1207 2341 1247 2372 V.
1266 2339 1299 2379 9,
1323 2337 1378 2373 24.
1403 2341 1566 2374 Admirari
1583 2346 1617 2372 et
1633 2342 1756 2373 mirari.

1036 2387 1092 2420 IV.
1115 2385 1144 2425 1,
1168 2385 1196 2418 1.
1244 2387 1407 2418 Admirari
1421 2387 1511 2426 nihil,
1536 2385 1626 2419 nulla
1644 2397 1679 2418 re
1702 2397 1756 2418 ve-

1033 2431 1208 2463 hementer
1227 2430 1330 2463 affici.
1354 2431 1412 2463 111.
1436 2428 1488 2470 14,
1511 2429 1593 2465 30?
1636 2457 1639 2462 .

989 2478 1157 2517 Adoptatio
1178 2483 1211 2508 et
1234 2477 1371 2516 adoptio,
1395 2477 1421 2509 1.
1444 2473 1496 2516 14,
1521 2475 1576 2510 31.

990 2524 1162 2562 Adspirare
1183 2521 1226 2554 ad
1243 2521 1284 2553 al.
1318 2522 1359 2553 V.
1372 2522 1405 2564 5,
1431 2521 1484 2554 13.

990 2569 1186 2600 Adumbrata
1204 2566 1326 2608 imago.
1351 2567 1409 2598 111.
1428 2566 1462 2608 2,
1486 2565 1518 2599 3.

992 2614 1167 2645 Adventare
1187 2611 1229 2644 de
1251 2611 1348 2643 rebus
1371 2610 1535 2655 gravibus.
1561 2611 1585 2642 1.
1608 2607 1662 2649 40,
1681 2610 1734 2644 95.

993 2669 1150 2699 Adverbia
1168 2667 1200 2698 in
1224 2667 1365 2699 clausula
1385 2666 1504 2710 posita.
1530 2667 1556 2698 1.
1583 2666 1633 2706 15,
1657 2666 1710 2700 35.

994 2713 1150 2745 Adverbta
1171 2712 1204 2744 in
1229 2717 1325 2744 -nter
1345 2711 1508 2744 exeuntia.
1531 2713 1588 2744 IV.
1606 2712 1656 2751 17,
1681 2712 1735 2747 37.

996 2769 1151 2801 Aduerbio
1186 2779 1247 2811 pro
1284 2767 1456 2800 adiectivis
1489 2774 1546 2800 aut
1578 2768 1760 2812 participiis

1041 2811 1170 2855 posita,
1196 2819 1249 2844 ut:
1271 2812 1387 2855 aliquis
1407 2819 1458 2844 est
1477 2816 1586 2854 procul
1605 2814 1647 2846 ab
1671 2814 1759 2846 omni

1042 2863 1142 2890 metu.
1165 2859 1206 2890 V.
1230 2855 1283 2897 14,
1306 2854 1361 2891 41.

999 2904 1330 2981 AdpgrsQaJius-Gvirtuti
1350 2906 1522 2937 acerrimus
1543 2915 1604 2947 pro
1625 2903 1762 2936 virtutis.

1078 2973 1084 2979 .
1138 2963 1161 2983 Ι,
1195 2962 1203 2981 ί
1235 2972 1241 2978 .
