1843 3101
133 33 219 78 332

133 125 329 165 Aristoteles,
362 122 518 168 princeps
549 120 783 166 philosophiae
814 120 908 165 peri-

181 170 359 214 pateticae.
419 169 524 200 Natus
555 174 606 200 est
634 167 790 210 Stagiris,
827 166 908 199 urbe

179 215 354 249 Thraciae.
390 216 488 247 Pater
509 213 578 245 eius
597 219 669 245 erat
685 212 908 246 Nicomachus

178 261 336 294 medicus.
400 259 529 291 Aetatis
562 270 651 291 anno
685 259 723 293 17
761 259 907 291 Athenas

178 308 352 352 profectus
377 305 525 338 Platonis
551 305 685 337 auditor
706 316 767 349 per
789 304 908 347 viginti

178 365 284 386 annos
308 353 391 390 snit,
417 358 495 395 post
517 351 689 394 Philippus
713 363 769 383 rex
789 352 907 383 Mace-

178 399 300 432 doniae
323 409 397 430 eum
416 404 669 440 praeceptorem
690 397 746 428 lilii
760 396 908 428 Alexan-

177 445 228 477 dri
251 455 321 476 esse
346 443 464 482 voluit,
493 454 559 486 quo
581 454 717 475 munere
743 454 844 486 nsque
865 442 907 474 ad

177 490 260 523 illud
283 498 434 533 tempus,
461 499 526 533 quo
552 488 743 521 Alexander
769 500 907 531 regnum

177 536 340 580 suscepit,
378 536 513 567 functus
541 542 600 567 est.
652 534 734 567 Dein
762 534 906 567 Athenas

175 593 327 615 reversus
343 581 474 625 publice
490 580 737 624 philosophiam
757 580 906 613 tradidit.

175 630 298 660 Omnes
334 629 405 659 l‘ere
437 634 550 671 partes
575 626 808 670 philosophiae
833 633 906 658 tra-

176 674 280 706 ctavit
311 673 462 717 seiiptiS,
499 672 590 706 etin
615 673 767 706 omnibus
797 673 905 705 lucem

174 719 341 753 accendit.

125 770 352 806 Aristoxenus,
387 764 610 804 Tarentinus,
646 765 749 809 patris
776 764 905 805 musici,

173 812 358 856 Xenophili
372 811 574 856 Pythagorei
598 818 630 843 et
645 811 833 843 Aristotelis
854 811 904 844 di-

172 858 328 902 scipulus,
345 857 540 890 Dicaearchi
555 856 813 901 condiscipulus,
832 869 904 888 mu-

171 904 261 937 sicae
284 905 317 937 in
341 904 454 948 primis
476 903 664 938 studiosus.
689 903 777 935 unde
799 903 903 935 multa

172 951 205 983 in
239 950 485 995 philosophiam
515 949 704 987 transtulit,
742 948 784 980 dc
818 948 903 992 rhy-

172 996 304 1029 thmicis
326 995 500 1027 elvmentis
524 994 670 1038 scripsit.

125 1046 268 1082 Aristus,
292 1054 322 1073 v.
347 1042 388 1073 ad
414 1043 454 1079 Ξ),
481 1044 536 1074 “.’“.’.

128 1091 290 1130 Arpinas,
316 1100 355 1119 ex
381 1087 507 1130 Arpino
532 1086 702 1119 ‹niu-ulus.
745 1088 900 1127 Arpinum

172 1134 236 1167 fuit
260 1134 336 1166 urbs
357 1133 455 1171 Latii,
482 1133 589 1177 patria
613 1133 648 1164 C.
670 1131 765 1164 Marii
787 1139 820 1164 et
842 1132 900 1164 ci-

171 1180 319 1219 ceronis,
356 1179 444 1211 unde
470 1191 505 1211 se
530 1186 628 1212 vocat
654 1179 770 1211 Cicero
794 1179 899 1223 Arpi-

170 1234 293 1259 natem.
319 1227 358 1265 Ξ),
383 1225 438 1258 (56.
465 1226 518 1259 74.

124 1275 312 1313 Artemisia,
348 1283 432 1304 uxor
458 1270 620 1311 Mausoli,
658 1270 744 1314 regis
772 1271 897 1306 Cariae.

171 1319 222 1351 cui
236 1317 424 1362 sepulcrum
440 1317 654 1361 splendidum
670 1317 787 1354 erexit,
808 1317 899 1361 qnod

169 1364 379 1398 Mausoleum
393 1364 586 1403 vocabatur,
611 1376 630 1396 a
653 1374 720 1406 quo
743 1363 900 1406 deinceps

169 1410 280 1444 omnia
303 1410 477 1453 magnilica
498 1415 715 1442 monumenta
737 1411 900 1442 Mausolea

168 1463 288 1489 vocata
320 1462 408 1488 sunt.
460 1455 553 1489 Vixit
574 1454 756 1488 Alexandri
781 1462 902 1487 aetate.

169 1503 213 1544 3,
237 1502 292 1536 75.

126 1553 229 1583 Aruns
250 1550 453 1589 Tarquinius,
467 1546 551 1580 filius
564 1547 736 1592 Tarquinii
749 1547 903 1591 Superbi.

169 1593 211 1633 4,
237 1595 291 1626 50.

122 1641 335 1681 AscIepiades,
359 1638 580 1684 philosophus
595 1639 766 1672 eretricus.
781 1640 812 1678 ὃ,
827 1639 900 1672 113.

123 1689 298 1726 Athamas,
335 1685 433 1718 Aeoli
460 1685 567 1728 filius,
605 1685 754 1718 Hellenis
785 1697 900 1729 nepos,

169 1732 311 1777 primum
333 1731 534 1765 orchomeni
559 1732 591 1764 in
608 1731 758 1769 Boeotia,
782 1739 901 1775 postea

170 1777 364 1813 Thessaliae
387 1790 454 1812 rex.
480 1777 655 1822 Nephelen
681 1789 818 1809 uxorem
835 1777 900 1810 du-

168 1824 229 1863 xit,
255 1836 296 1856 ex
317 1836 381 1868 qua
396 1824 562 1868 Phryxum
587 1831 620 1856 et
636 1823 754 1856 Hellen
776 1823 901 1866 genuit.

169 1871 311 1910 Postea,
336 1882 436 1914 (pium
459 1870 612 1914 Nephele
633 1870 761 1902 insania
785 1882 902 1902 corre-

170 1924 228 1961 pta
252 1916 285 1948 in
310 1916 409 1948 silvas
436 1916 580 1955 abisset,
608 1916 765 1948 Athamas
788 1915 900 1948 liberis

168 1962 235 1994 suis
256 1964 411 2002 Inonem,
439 1962 555 1994 Cadmi
578 1961 696 1999 filiam,
722 1974 902 1995 novercam

169 2007 287 2046 dedit,
329 2020 412 2052 quae
447 2008 477 2040 ei
513 2008 646 2052 peperit
680 2008 762 2040 duos
804 2008 900 2047 lilios,

170 2053 359 2086 Learchum
381 2061 415 2086 et
437 2054 666 2091 Melicertam,
691 2054 766 2087 illos
789 2061 901 2087 autem

170 2099 342 2143 privignos
367 2106 418 2132 tot
441 2100 530 2144 apud
554 2108 684 2144 patrem
709 2101 901 2133 accusatio—

172 2145 268 2178 nibus
291 2152 390 2189 atque
412 2145 581 2178 calumniis
603 2158 643 2179 eo
665 2147 838 2191 compulit,
864 2153 901 2179 ut

171 2203 355 2224 conscenso
387 2191 510 2230 ariete,
546 2193 602 2237 qui
630 2193 734 2225 vellus
765 2204 901 2225 aureum

171 2237 337 2276 habebat,
363 2236 442 2280 fuga
462 2236 525 2269 sibi
548 2238 770 2271 consulerent.
805 2240 901 2279 Qua-

170 2290 312 2328 propter
332 2284 415 2315 Iuno
431 2282 517 2315 irata
540 2284 641 2316 furias
664 2285 696 2316 in
712 2285 901 2318 Athaman-

170 2337 240 2363 tem
261 2328 421 2368 immisit,
454 2340 539 2373 quae
559 2330 592 2361 iu
616 2337 744 2362 tantam
774 2331 901 2363 rabiem

172 2387 248 2408 eum
269 2374 445 2414 duxerunt,
466 2381 513 2413 ut,
539 2385 639 2419 quum
652 2377 790 2408 Inonem
804 2376 846 2409 ad
865 2389 901 2409 se

171 2422 221 2455 ire
255 2421 407 2459 videret,
444 2420 532 2453 hanc
566 2421 715 2453 leaenam
746 2430 780 2466 et
814 2422 901 2455 filios

170 2479 249 2501 suos
271 2467 340 2500 eius
372 2465 500 2500 catulos
532 2466 734 2507 arbitratus,
768 2475 901 2511 raptum

172 2513 381 2554 Learchum,
407 2513 448 2545 eit
470 2511 545 2545 filiis
568 2512 732 2553 alterum,
756 2525 837 2546 saxo
855 2513 901 2546 il-

172 2559 298 2592 liserit:
325 2558 416 2603 quod
438 2559 498 2592 Ino
520 2558 637 2591 videns
655 2570 728 2591 cum
742 2558 903 2592 Melicer-

171 2611 229 2646 ta,
263 2604 371 2638 altero
401 2604 495 2644 filio,
532 2616 568 2638 se
590 2616 630 2637 ex
650 2616 732 2648 rupe
753 2604 787 2637 in
813 2616 903 2637 mare

171 2650 392 2696 praecipitem
425 2650 532 2684 dedit.
580 2652 641 2683 Ino
677 2650 902 2690 Leucotheae,

171 2697 363 2730 Melicertes
386 2696 596 2730 Palaemonis
629 2695 765 2729 nomine
787 2708 807 2728 a
828 2696 904 2728 Ne—

172 2750 279 2787 ptuno
300 2743 335 2775 iu
366 2742 506 2776 deorum
538 2742 743 2776 marinorum
764 2753 903 2775 numero

174 2788 301 2833 recepti
324 2794 414 2821 sunt.
462 2789 532 2822 Cfr.
555 2791 621 2823 Ino.
644 2788 687 2829 3,
713 2787 766 2822 11.

129 2836 263 2876 Atilius,
287 2838 401 2879 poeta.
425 2831 457 2875 4,
482 2835 538 2868 25.

130 2881 241 2914 Atilius
252 2883 295 2914 M.
307 2881 457 2922 Regulus,
475 2880 597 2914 nobilis
608 2881 790 2924 Romanus,
804 2891 905 2926 quum

178 2924 299 2958 iterum
331 2926 447 2959 consul
480 2925 589 2970 primo
612 2926 702 2960 bello
724 2926 848 2971 punico
869 2926 905 2959 in

180 2970 294 3004 Africa
315 2983 354 3003 ex
375 2971 502 3005 insidiis
524 2979 640 3016 captus
671 2980 777 3013 esset,
815 2972 905 3006 iura-

703 39 850 73 lNDEX
872 39 1151 74 ffls'romcus.

990 127 1042 153 tus
1067 120 1184 154 missus
1209 127 1262 154 est
1281 122 1326 155 ad
1343 128 1497 157 senatum
1517 123 1716 167 Romanum,

991 173 1046 206 nt,
1080 167 1142 200 nisi
1164 167 1290 200 redditi
1313 175 1425 201 essent
1447 169 1567 203 Poenis
1591 171 1716 216 captivi

987 212 1117 245 nobiles
1141 213 1276 258 qnidam
1289 240 1298 257 ,
1322 214 1450 248 rediret
1471 215 1544 260 ipse
1564 216 1715 250 Kartha-

987 258 1110 302 ginem.
1158 260 1299 292 Romam
1319 272 1419 305 quum
1439 261 1597 303 venisset,
1622 263 1718 296 utili-

988 305 1066 337 tatis
1090 305 1236 349 speciem
1257 306 1403 345 videbat,
1428 307 1488 340 sed
1511 319 1584 341 eam
1606 315 1642 341 ut
1663 321 1716 342 res

988 350 1136 383 declarat
1163 351 1281 384 salsam
1304 352 1463 386 iudicavit
1477 379 1485 392 ‚
1524 365 1659 387 manere
1682 355 1716 387 in

989 397 1109 440 patria,
1132 396 1225 429 domi
1245 409 1323 430 suae
1344 410 1418 431 cum
1439 410 1553 440 uxore,
1579 412 1652 433 cum
1673 400 1718 434 li-

989 442 1087 475 beris.
1113 443 1195 487 (Cic.
1218 444 1327 480 02123.
1347 445 1416 486 26.)
1454 445 1616 479 Reversus
1636 446 1715 480 dein

989 488 1232 533 Karthaginem
1251 490 1479 523 crudelissima
1501 499 1612 525 morte
1634 504 1715 537 per—

988 534 1039 567 iit.
1061 554 1106 559 —
1152 538 1306 568 Ceterum
1341 543 1441 576 sunt,
1477 538 1533 581 qui
1560 538 1647 572 hanc
1673 538 1715 570 de

988 580 1117 623 Regulo
1157 581 1331 614 historiam
1374 582 1560 616 fabulosam
1598 584 1717 618 existi-

988 634 1090 659 ment.
1114 628 1155 666 ὁ,
1185 628 1237 660 14.
1612 636 1617 642 “

941 674 1040 713 Atlas,
1064 673 1171 717 Iapeti
1189 673 1284 713 lilius,
1306 674 1538 708 Mauretaniae
1556 674 1589 708 in
1603 676 1717 709 Africa

986 730 1054 758 rex,
1080 730 1098 751 a
1115 720 1236 752 Perseo
1257 719 1290 752 in
1313 728 1464 753 montem
1487 728 1632 754 mutatus
1654 728 1715 754 est.

986 766 1127 807 Magnus
1147 766 1335 809 astrologus
1357 766 1470 808 fuisse,
1495 767 1573 800 inde
1589 768 1716 801 caelum

985 810 1130 843 humeris
1154 819 1290 855 portare
1313 812 1446 845 dicitur.
1468 814 1500 854 ὁ,
1525 816 1558 848 ὅ.

938 858 1060 895 Atreus,
1087 857 1383 901 frater'l'hyestae,
1407 859 1530 892 liberos
1550 871 1590 901 ex
1612 871 1715 894 uxore

985 902 1156 945 Thyestae
1177 904 1309 946 genitos
1326 904 1422 936 fratri
1442 905 1628 949 epulandos
1648 918 1712 952 up—

985 947 1106 990 posuit.
1135 949 1173 987 l,
1201 949 1274 984 107.
1299 947 1342 990 4,
1364 949 1419 985 77.
1444 952 1484 992 5,
1503 952 1560 985 52.

937 996 1048 1025 Attius.
1074 994 1113 1025 V.
1137 997 1259 1027 Accius.

935 1041 1103 1080 Aufidius,
1141 1040 1223 1081 Cn.,
1261 1041 1447 1085 praetorius
1470 1041 1544 1078 120.
1565 1055 1595 1079 a.
1622 1043 1712 1087 Chr„

983 1097 1099 1118 caecus
1124 1085 1199 1118 fnit.

935 1134 1036 1172 Aulis,
1064 1132 1223 1165 Boeotiae
1242 1133 1334 1177 regio
1354 1145 1428 1167 cum
1449 1141 1558 1179 portu,
1585 1147 1625 1168 ex
1646 1148 1713 1181 quo

981 1178 1093 1210 classis
1123 1179 1329 1212 Graecorum
1362 1180 1505 1214 collecta
1538 1181 1581 1214 ad
1613 1194 1714 1216 ever-

978 1223 1119 1256 tendum
1152 1225 1247 1257 Ilium
1268 1229 1520 1269 Agamemnone
1543 1227 1628 1262 duee
1650 1240 1712 1262 na-

979 1270 1126 1313 vigabat.
1157 1273 1195 1312 1,
1221 1270 1297 1305 116.
1330 1272 1374 1305 cf.
1400 1275 1574 1316 Iphigenia.

933 1318 1097 1358 Avernus,
1120 1317 1211 1350 lacus
1236 1317 1449 1363 Campaniae.
1476 1320 1505 1360 1,
1521 1319 1578 1355 37.

935 1456 1138 1496 Bellerophon
1152 1479 1162 1496 ,
1206 1453 1342 1500 Sisyphi
1379 1456 1545 1491 Corinthii
1585 1469 1712 1503 nepos,

985 1495 1127 1543 Glauci}
1162 1501 1249 1544 regis
1273 1502 1446 1546 Ephyrae,
1481 1503 1587 1546 filius,
1622 1504 1713 1538 cuim

985 1546 1093 1578 forma
1116 1553 1213 1591 capta
1235 1547 1471 1590 Sthenoboea,
1497 1550 1622 1591 Proeti,
1646 1553 1713 1584 Ar·—

983 1592 1135 1636 givornm
1172 1593 1281 1637 regiS,
1318 1605 1420 1634 uxor,
1454 1595 1613 1640 pellicere
1637 1608 1713 1630 eum

983 1638 1026 1670 ad
1061 1639 1260 1672 adulterium
1293 1641 1442 1679 studuit3
1483 1641 1543 1675 sed
1577 1642 1713 1678 frustra.

983 1686 1094 1725 Quare
1132 1685 1217 1718 irata
1258 1686 1376 1719 mulier
1416 1687 1713 1732 Bellerophontem

981 1730 1089 1774 stupri
1120 1731 1211 1775 apud
1244 1732 1400 1766 maritum
1431 1734 1620 1776 accusavit,
1655 1735 1712 1780 qui

983 1776 1135 1810 credulus
1166 1778 1199 1810 in
1223 1778 1361 1821 Lyciam
1395 1779 1439 1812 ad
1458 1779 1610 1814 Iobatem
1639 1793 1714 1816 cum

982 1823 1103 1856 litteris
1124 1823 1320 1867 perniciosis
1342 1824 1432 1858 misit
1454 1838 1540 1860 eum.
1579 1827 1714 1860 Iobates

982 1870 1128 1914 acceptis
1162 1870 1214 1902 his
1240 1870 1362 1903 litteris
1397 1883 1472 1905 eum
1504 1872 1714 1906 Chimaeram

983 1915 1171 1948 interlicere
1193 1916 1300 1956 iussit,
1323 1917 1421 1958 dein,
1447 1929 1549 1963 quum
1567 1919 1714 1953 feliciter

982 1961 1048 1994 hoc
1081 1962 1302 2006 perfecisset,
1343 1963 1414 1996 aliis
1450 1976 1526 1997 eum
1558 1965 1715 2010 periculis

983 2008 1127 2046 obiecit,
1154 2020 1192 2040 ex
1217 2009 1336 2053 quibus
1359 2010 1461 2043 etiam
1483 2010 1594 2045 victor
1613 2011 1716 2045 rediit

981 2054 1050 2086 ille.
1099 2055 1325 2095 Quamobrem
1348 2057 1620 2101 Bellerophontis
1643 2058 1714 2092 vir-

981 2107 1089 2132 tutem
1114 2100 1298 2134 admiratus
1326 2102 1428 2136 filiam
1452 2115 1545 2136 suam
1568 2103 1598 2137 ei
1620 2103 1716 2138 dedit

981 2146 1015 2178 in
1050 2147 1321 2188 matrimonium,
1357 2160 1377 2181 e
1400 2161 1464 2193 qua
1497 2150 1614 2194 genuit
1645 2158 1715 2184 tres

981 2192 1126 2231 liberos,
1164 2193 1358 2234 lszmdrum,
1396 2195 1648 2240 Hippolochum
1680 2203 1715 2230 et

983 2238 1213 2271 Laodamiam.
1273 2240 1415 2274 Isander
1448 2253 1601 2286 pugnans
1638 2253 1712 2275 cum

981 2284 1127 2329 Solymis
1159 2292 1194 2317 et
1217 2286 1402 2320 Laodamia
1429 2288 1472 2320 ab
1503 2288 1589 2321 irata
1609 2288 1714 2322 Diana

980 2329 1235 2364 interficiuntur.
1285 2333 1358 2374 Qua
1381 2345 1419 2366 re
1441 2341 1540 2378 pater
1559 2345 1714 2368 moerens

981 2376 1014 2408 in
1051 2377 1175 2421 campis
1198 2377 1301 2410 Alei'is
1331 2386 1430 2412 errat.
1484 2380 1569 2413 Rem
1601 2387 1715 2414 narrat

984 2422 1128 2456 Glaucus
1138 2423 1228 2467 apud
1239 2424 1422 2458 Homerum
1431 2427 1472 2459 11.
1481 2425 1714 2466 6,155—202.

935 2469 1005 2510 Bio,
1023 2466 1041 2503 ὁ
1055 2469 1316 2514 Βορυσθενίτης,
1332 2471 1554 2516 philosophus
1568 2484 1587 2505 e
1599 2471 1716 2505 schola

984 2516 1160 2559 cyrenaica
1184 2517 1226 2560 (c.
1246 2516 1325 2550 300.
1345 2529 1375 2550 a.
1398 2517 1512 2561 Cha),
1538 2517 1594 2562 qui
1616 2528 1714 2550 acer-

983 2560 1133 2594 bissimas
1157 2561 1277 2594 satiras
1300 2563 1474 2606 scripsisse
1498 2563 1633 2597 dicitur.
1667 2560 1671 2564 ’

936 2607 1086 2648 Boeotia,
1111 2608 1273 2641 Graeciae
1291 2608 1423 2642 mediae
1440 2605 1636 2654 (Ελλάδος)
1656 2621 1714 2642 re-

985 2651 1052 2694 gio.
1080 2654 1118 2694 l,
1146 2654 1220 2686 110.

937 2698 1065 2730 Brutus.
1097 2699 1130 2740 a)
1155 2700 1192 2732 L.
1209 2701 1320 2733 lunius
1341 2702 1478 2742 Brutus,
1512 2700 1569 2745 qui
1595 2700 1717 2734 cecidit

985 2742 1019 2775 in
1041 2755 1153 2787 pugna
1179 2756 1254 2777 cum
1275 2749 1424 2787 Arunte,
1450 2745 1521 2780 filio
1542 2747 1716 2792 Tarquinii

985 2789 1139 2833 Superbi,
1161 2801 1260 2834 quem
1272 2802 1362 2824 anuo
1375 2798 1455 2824 ante
1473 2792 1564 2837 (510.
1575 2804 1605 2826 a.
1621 2793 1713 2838 Chr.)

986 2834 1170 2879 expulerat.
1207 2837 1247 2877 1,
1278 2835 1335 2871 89.
1373 2835 1414 2876 4,
1449 2837 1482 2871 2.
1507 2838 1564 2872 50.
1586 2857 1633 2864 —
1678 2839 1714 2882 b)

986 2883 1029 2914 M.
1048 2883 1138 2924 lun„
1170 2880 1214 2914 ad
1247 2893 1346 2927 quem
1377 2882 1456 2916 libri
1476 2885 1518 2918 T.
1536 2885 1579 2918 D.
1599 2884 1717 2931 scripti

986 2934 1083 2967 sunt;
1119 2927 1186 2961 fuit
1210 2927 1296 2961 filius
1328 2929 1377 2962 Μ.
1400 2929 1487 2963 Iunii
1507 2930 1618 2973 Bruti,
1654 2943 1717 2965 ro-

986 2973 1075 3006 mani
1102 2973 1349 3016 iurisconsulti,
1373 2975 1554 3018 Serviliae,
1590 2977 1717 3012 sororis
