1843 3085
201 37 283 83 124

198 128 421 184 eloquentia
442 135 502 170 est
519 127 703 169 utendum
724 132 841 180 atque
861 126 915 166 ita
934 126 1043 166 velut
1060 125 1264 182 superiore
1287 138 1309 165 e
1329 123 1417 165 loco
1440 121 1765 174 concionandum,

783 42 1191 87 L13E31.49‚118.

196 210 241 244 ut
267 203 444 243 homines
470 208 635 242 mortem
664 201 729 241 vel
753 207 890 255 optare
916 199 1126 255 incipiant,
1168 199 1233 240 vel
1260 205 1368 239 certe
1395 197 1532 238 timere
1554 196 1765 238 desistant.

196 276 302 318 Nam
333 276 366 317 si
400 289 604 330 supremus
636 275 702 315 ille
732 274 814 314 dies
846 288 924 314 non
954 273 1285 324 exstinctionem,
1328 271 1397 312 sed
1428 269 1771 311 commutationem

196 352 310 393 affert
335 350 434 401 loci3
469 348 557 402 quid
582 347 816 402 optabilius?
848 347 909 387 sin
933 354 1062 388 autem
1090 346 1243 402 perimit
1268 359 1314 385 ac
1337 345 1440 385 delet
1462 343 1645 394 omnino,
1678 342 1770 398 quid

196 425 336 466 melius
351 455 362 474 ,
396 437 509 477 quam
532 422 571 462 in
594 421 731 462 mediis
755 422 861 462 vitae
883 421 1082 462 laboribus
1106 419 1396 460 obdormiscere
1419 426 1458 459 et
1479 418 1534 458 ita
1556 416 1770 459 conniven-
1803 426 1807 429 “

196 505 275 538 tem
300 511 438 538 somno
463 495 660 550 consopiri
685 495 952 550 sempiterno?
1003 492 1117 548 Quod
1139 493 1173 534 si
1195 494 1287 545 fiat,
1319 492 1458 533 melior
1477 490 1621 543 Ennii,
1655 504 1770 546 quam

196 570 356 614 Solonis
379 570 520 611 oratio.
582 568 657 609 Hic
680 568 782 609 enim
801 575 959 608 noster:

363 647 482 685 Nemo
512 645 569 683 me'
599 645 779 684 lacrumis
808 645 981 691 ‹leem-At,
1015 641 1166 697 inquit,
1197 656 1264 681 nec
1283 642 1431 696 funera
1449 641 1552 695 fle'tu

453 718 602 759 Fcixz't!

193 794 252 836 At
282 807 377 836 vero
407 793 471 833 ille
501 791 687 847 sapiens:

368 869 484 908 Mo'rs
514 881 593 905 mea
623 868 669 904 m}
700 860 831 904 eareat
858 866 1062 911 lacrumis,
1098 863 1311 916 lz'nqmimus
1340 864 1472 903 amicis

456 943 668 980 Mm‘rorem
681 970 690 986 ,
725 940 773 979 ‘eit
799 939 989 976 eelebrent
1005 939 1153 991 fi'cnera
1183 938 1267 978 crim
1294 937 1455 988 gemilu.

197 1022 295 1057 118.
333 1013 422 1054 Nos
443 1027 565 1063 vero,
602 1012 635 1052 si
663 1012 752 1066 qnid
778 1011 855 1051 tale
884 1010 1093 1061 acciderit,
1136 1017 1179 1050 ut
1201 1024 1223 1050 a
1248 1010 1321 1050 deo
1346 1007 1612 1050 denuntiatum
1636 1005 1771 1047 videa-

196 1096 284 1141 tur,
326 1094 370 1129 ut
392 1100 580 1127 exeamus
608 1099 628 1125 e
651 1085 757 1135 vita,
799 1084 888 1125 laeti
917 1092 956 1124 et
978 1091 1142 1139 agentes
1171 1084 1317 1139 gratias
1344 1095 1551 1138 pareamus
1573 1079 1772 1134 emittique

197 1176 271 1204 nos
291 1175 328 1203 ‘e
363 1161 537 1202 custodia
568 1166 608 1200 et
634 1158 757 1199 levari
786 1158 926 1199 vinclis
960 1158 1217 1208 arbitremur,
1260 1164 1303 1198 ut
1331 1163 1398 1198 aut
1429 1156 1469 1197 in
1500 1162 1700 1196 aeternam
1733 1159 1772 1194 et

195 1237 308 1293 plane
328 1221 386 1276 xin
415 1241 589 1275 nostram
622 1233 775 1273 domum
810 1232 1091 1286 remigremus,
1133 1238 1201 1271 aut
1231 1230 1337 1271 omni
1365 1243 1486 1271 sensu
1514 1227 1770 1282 molestiaque

197 1323 425 1360 careamus3
459 1308 520 1348 sin
542 1313 671 1347 autem
693 1306 787 1346 nihil
810 1305 1100 1345 denuntiabitur
1116 1336 1127 1356 ,
1168 1318 1215 1345 eo
1240 1312 1369 1345 tamen
1391 1303 1512 1344 simus
1531 1301 1660 1343 animo
1677 1332 1688 1352 ,
1730 1306 1773 1341 ut.

195 1383 421 1425 horribilem
444 1382 550 1421 illum
587 1380 687 1420 diem
710 1379 820 1429 aliis,
866 1378 978 1419 nobis
1006 1380 1174 1419 faustum
1200 1385 1378 1434 putemus
1405 1376 1576 1430 nihilque
1597 1375 1636 1416 in
1660 1373 1770 1415 malis

197 1458 410 1506 ducamus,
451 1455 552 1509 quod
581 1454 632 1495 sit
658 1453 723 1494 vel
749 1467 770 1493 a
799 1452 870 1492 diis
907 1452 1215 1503 immortalibus,
1256 1451 1321 1493 vel
1348 1464 1371 1491 a
1399 1457 1564 1500 natura,
1607 1454 1772 1504 parente

197 1531 395 1580 oninium,
430 1528 698 1569 constitutum.
760 1525 856 1567 Nou
882 1526 985 1566 enim
1011 1533 1160 1566 temere
1190 1539 1264 1566 nec
1294 1523 1453 1564 fortuito
1483 1523 1558 1564 sati
1587 1529 1627 1564 et
1651 1521 1773 1563 creati

195 1633 294 1665 saepe
329 1630 424 1661 quum
463 1631 536 1651 cum
573 1618 783 1650 coniunctivo
818 1616 963 1660 ponitur,

197 1667 297 1699 etiam
320 1665 390 1697 sine
411 1664 561 1707 sequenti
581 1668 695 1703 lamen,
720 1669 756 1694 ut
779 1663 818 1693 V.
839 1664 893 1699 20,
911 1662 965 1694 522⁴.

194 1713 237 1745 V.
250 1714 409 1745 Bremium
429 1710 472 1742 ad
488 1710 585 1742 Corn.
603 1709 688 1751 Nep.
703 1706 835 1739 Aristid.
860 1708 917 1745 ΙΙῘ,
936 1706 963 1738 1;

197 1768 294 1799 quum
322 1756 423 1788 tantis
447 1756 544 1787 rebus
566 1753 784 1797 praefuisset,
818 1752 850 1783 in
873 1757 966 1783 tanta

197 1808 395 1846 paupertate
417 1800 577 1834 decessit,
614 1805 671 1840 ut,
706 1798 760 1842 qui
783 1798 966 1836 efferretur,

197 1848 252 1881 vix
268 1846 447 1890 reliquerit.
479 1846 530 1879 Cf.
553 1847 690 1878 Killmer.
712 1845 750 1876 L.
772 1843 828 1875 Gr.
850 1840 966 1887 §.l-19,

198 1893 231 1927 9.
253 1892 366 1936 pulo&
379 1904 426 1935 sq.
452 1891 503 1923 ed.
525 1891 557 1923 ⁸2.

262 1940 345 1970 velut
362 1939 518 1978 superiore
531 1946 544 1967 e
558 1935 636 1979 loco]
653 1935 695 1966 H.
710 1946 739 1966 e.
754 1933 858 1965 veluti
870 1945 887 1964 e
904 1932 970 1964 tri-

197 1982 323 2016 bunali.
349 1983 389 2013 V.
403 1984 535 2013 Ernestiz'
548 1981 637 2012 Clav.
656 1980 758 2012 Cicer.
774 1991 802 2010 v.
818 1981 968 2018 superior.

268 2029 377 2059 melior
393 2029 506 2066 Ennii,
530 2036 625 2065 quam
648 2027 770 2057 Solonis
792 2023 904 2066 oratio]
928 2023 969 2054 de

201 2075 334 2106 Senect.
358 2084 386 2104 c.
408 2071 469 2104 20:
503 2070 634 2101 Solonis
658 2070 790 2112 quidem
811 2068 969 2111 sapientis

201 2117 346 2161 elogium
379 2121 449 2153 est,
487 2127 551 2158 quo
575 2127 609 2146 se
635 2122 733 2157 negat
763 2114 847 2146 velle
879 2125 969 2144 snam

200 2170 345 2196 mortem
380 2160 497 2193 dolore
538 2160 718 2191 amicorum
750 2166 783 2191 et
819 2158 970 2190 lamentis

200 2220 330 2241 vacare.
379 2206 445 2237 Sed
471 2205 559 2237 hand
590 2205 658 2236 scio
692 2217 733 2236 an
763 2204 877 2236 melius
901 2205 971 2235 En-

201 2254 294 2286 nius:
331 2252 440 2284 Nemo
474 2263 527 2282 me
561 2249 703 2281 lacrimis
737 2257 798 2281 etc.
859 2249 971 2281 Paullo

200 2306 281 2343 post
305 2300 353 2330 hic
376 2296 589 2329 referendum
612 2302 661 2326 est
682 2294 725 2326 ad
745 2294 900 2335 Ennium,
922 2296 972 2325 ille

204 2344 247 2377 ad
270 2343 439 2375 Solonem.
473 2342 509 2372 In
532 2340 743 2383 oppositione
768 2340 854 2372 euim
875 2351 974 2382 saepe

203 2393 254 2423 hic
274 2400 340 2421 non
356 2387 561 2431 propiorem,
579 2384 638 2416 sed
655 2385 814 2416 maiorem
832 2392 888 2416 aut
908 2396 975 2427 po-

207 2435 329 2467 tiorem
352 2444 442 2470 rem,
469 2431 492 2463 i.
513 2443 542 2463 e.
565 2442 657 2469 eam,
690 2430 732 2461 de
753 2442 816 2473 qua
837 2429 975 2473 potissi-

204 2491 295 2513 mum
307 2467 451 2522 ⁴agitur,
482 2479 534 2509 ille
556 2487 624 2507 non
647 2475 879 2511 remotiorem,
916 2474 975 2505 sed

204 2525 398 2558 inferiorem
418 2529 475 2554 aut
494 2522 656 2553 minorem
677 2519 821 2563 respicit.
853 2520 893 2551 V.
914 2531 976 2551 nos

206 2571 241 2603 in
266 2572 323 2602 Gr.
343 2571 384 2602 L.
408 2567 524 2611 §.1¹23.
550 2566 633 2598 Not.
646 2565 677 2598 3.
696 2564 815 2607 pube.
837 2564 929 2597 eds-³.

274 2619 370 2648 Nemo
390 2623 439 2646 me
464 2612 558 2656 cett.]
581 2610 657 2643 Vid.
680 2622 707 2642 c.
732 2610 790 2647 15,
813 2607 866 2641 34.

274 2663 358 2693 Mors
377 2669 448 2692 mea
470 2669 507 2692 ne
532 2656 652 2700 careat]
677 2656 803 2687 Graeca
822 2654 976 2696 leguntur

208 2706 298 2750 apud
311 2705 477 2737 Plutarch.
500 2704 654 2746 Compar.
677 2700 745 2732 Sol.
768 2711 796 2731 c.
812 2698 974 2742 Poplicol.

211 2764 238 2784 c.
255 2752 283 2785 1.
306 2750 348 2784 T.
369 2752 393 2783 1.
418 2762 450 2792 p.
464 2748 538 2783 109.

208 2795 312 2840 Μηδέ
326 2808 382 2839 μοι
397 2792 586 2832 ἄκλαυστος
605 2789 748 2830 ῧάνατος
767 2787 874 2833 μόλοι,
893 2785 978 2822 ἀλλὰ

809 2834 934 2878 φίλοισι

254 2884 447 2929 Hor-ciconum
467 2883 577 2920 flovit-iv
600 2879 705 2926 ἄλγεα
726 2879 785 2915 καὶ
806 2876 980 2923 στοναχάς.

281 2930 354 2964 118.
377 2935 412 2964 ut
433 2941 454 2963 α
478 2933 535 2963 deo
563 2951 607 2956 —
636 2933 671 2961 ut
698 2935 846 2960 exeamus
874 2944 919 2950 --
945 2928 981 2957 ut

1000 1616 1069 1659 aut]
1108 1615 1241 1658 Saepius
1273 1613 1458 1646 enuntiatio
1484 1625 1546 1658 per
1576 1617 1609 1645 ut
1635 1612 1772 1645 inducta

1001 1667 1077 1704 apta
1095 1668 1145 1692 est
1162 1672 1201 1692 ex
1222 1660 1459 1699 enuntiatione,
1485 1670 1568 1703 quae
1591 1658 1632 1691 ab
1655 1657 1771 1690 eadem

1002 1705 1235 1738 coniunctione
1259 1709 1291 1736 ut
1320 1704 1458 1736 orditur.

1069 1753 1244 1783 horribilem
1266 1752 1356 1781 illum
1379 1751 1411 1781 d.
1436 1760 1488 1790 a.,
1512 1760 1544 1781 n.
1568 1750 1606 1791 fl]
1634 1749 1685 1780 De
1707 1748 1771 1780 hac

1002 1797 1179 1829 verborum
1203 1795 1423 1827 collocatione
1446 1807 1475 1826 v.
1497 1794 1539 1826 ad
1564 1796 1604 1826 ΙΙ.
1628 1791 1671 1835 4,
1691 1793 1745 1826 11.

1068 1844 1204 1882 nihilque
1226 1843 1258 1873 in
1282 1842 1374 1872 malis
1396 1841 1551 1871 ducamus
1578 1858 1623 1864 —-
1653 1840 1772 1879 sempi-

1003 1887 1137 1930 ternum]
1167 1888 1213 1917 De
1233 1886 1297 1917 hac
1315 1885 1409 1917 huius
1428 1884 1551 1927 epilogi
1570 1890 1666 1927 parte
1686 1884 1770 1915 lice-

1005 1933 1055 1964 bit
1078 1931 1218 1970 addere,
1245 1942 1328 1973 quae
1350 1929 1538 1962 observavit
1559 1932 1610 1961 Fr.
1631 1931 1670 1961 H.
1692 1931 1772 1961 Ker-

1003 1980 1075 2009 m'us
1096 1977 1128 2008 in
1148 1975 1397 2008 introductione
1412 1974 1454 2006 ad
1468 1975 1529 2006 hos
1549 1974 1650 2005 libros
1668 1985 1701 2016 p.
1714 1972 1771 2012 40,

1006 2023 1095 2055 cuius
1116 2022 1216 2054 verba
1237 2021 1319 2053 haec
1342 2026 1437 2051 sunt:
1464 2019 1710 2061 „Merkwiirdig
1728 2018 1772 2050 ist

1007 2080 1050 2106 eS,
1068 2067 1142 2100 (lass
1156 2066 1277 2110 gerade
1289 2066 1321 2097 in
1336 2065 1460 2097 diesem
1472 2064 1592 2108 Epilog
1607 2068 1692 2108 (cap.
1703 2061 1771 2106 49.)

1008 2114 1122 2145 Cicero
1145 2113 1233 2144 noch
1253 2112 1314 2144 auf
1335 2111 1397 2143 den
1421 2110 1642 2153 Hauptgrund
1663 2109 1770 2148 stiess‚

1006 2159 1085 2190 aber
1107 2170 1167 2189 nur
1190 2158 1250 2189 wie
1270 2157 1315 2188 im
1333 2155 1566 2198 Vorbeigehen
1594 2154 1661 2187 und
1685 2154 1773 2186 ohne

1007 2204 1061 2235 die
1081 2214 1183 2246 ganze
1205 2201 1426 2244 Wichtigkeit
1452 2200 1626 2233 desselben
1646 2212 1685 2231 zu
1709 2199 1774 2231 ah-

1008 2260 1070 2280 nen
1085 2273 1092 2287 ,
1119 2248 1180 2279 auf
1201 2247 1264 2279 den
1293 2246 1428 2285 Grnmd,
1455 2246 1513 2278 der
1535 2246 1600 2278 den
1618 2245 1773 2277 Schluss-

1008 2293 1093 2325 stein
1111 2293 1191 2325 aller
1204 2291 1346 2323 Beweise
1366 2291 1478 2323 macht
1499 2291 1567 2322 und
1583 2290 1671 2322 ohne
1692 2290 1773 2322 wel-

1010 2339 1092 2371 chen
1134 2337 1198 2369 alle
1232 2337 1375 2369 Beweise
1413 2336 1504 2368 ihrer
1537 2335 1775 2379 Bekriiftigung

1010 2384 1213 2421 entbehren3
1240 2395 1273 2414 es
1289 2382 1333 2414 ist
1353 2381 1412 2413 der
1426 2381 1563 2413 Grund:
1588 2382 1700 2412 Wenn
1721 2380 1776 2412 die

1011 2429 1191 2461 Menschen
1225 2428 1320 2460 ihren
1347 2428 1522 2470 Ursprung
1554 2426 1614 2458 der
1647 2428 1779 2459 Gottheit

1012 2475 1140 2506 danken
1154 2499 1164 2512 ,
1200 2473 1252 2505 die
1276 2472 1434 2505 Gottheit
1456 2472 1535 2504 aber
1556 2471 1664 2503 nichts
1687 2471 1775 2514 thut,

1012 2520 1098 2551 ohne
1118 2520 1192 2551 dass
1211 2518 1258 2550 sie
1278 2517 1427 2561 zugleich
1445 2517 1518 2549 ihre
1538 2516 1658 2560 heilige
1672 2516 1777 2548 Liebe

1010 2564 1077 2595 und
1102 2563 1267 2596 VVeisheit
1291 2563 1498 2601 offenbarte,
1532 2573 1569 2594 so
1589 2573 1676 2593 muss
1699 2573 1776 2593 man

1010 2609 1242 2651 verniinftiger
1258 2608 1373 2640 &Veise
1391 2608 1576 2639 annehmen
1590 2631 1597 2644 ‚
1623 2606 1697 2638 dass
1718 2606 1775 2646 sie,

1010 2653 1065 2685 die
1087 2653 1267 2685 Menschen
1295 2651 1493 2690 schaffend,
1526 2651 1616 2683 diese
1645 2651 1700 2683 fiir
1724 2651 1777 2683 ein

1011 2698 1128 2741 ewiges
1149 2698 1261 2729 Leben
1283 2696 1492 2733 bestimmte3
1519 2695 1592 2727 weil
1616 2695 1648 2736 ja
1670 2703 1776 2737 sonst,

1011 2742 1087 2774 falls
1113 2742 1166 2774 die
1189 2742 1369 2774 Menschen
1390 2741 1436 2772 im
1456 2740 1553 2774 Tode
1585 2741 1776 2782 aufh6rten‚

1012 2788 1066 2820 die
1090 2787 1244 2820 Gottheit
1271 2786 1342 2818 ihre
1373 2786 1511 2829 eigenen
1533 2786 1669 2819 Zwecke
1698 2786 1777 2818 auf-

1011 2833 1121 2865 hiibe:
1147 2844 1212 2864 was
1234 2831 1427 2863 undenkbar
1448 2831 1527 2863 ist.“

1081 2879 1219 2920 fortuito]
1245 2876 1415 2909 Vocabula
1437 2878 1582 2918 fortuitus
1601 2882 1636 2909 et
1657 2877 1780 2918 gratui-

1012 2927 1062 2957 tus
1095 2923 1259 2967 producta
1289 2921 1493 2966 paenultima
1535 2920 1779 2965 pronuntianda
