1843 3085
179 52 260 98 130
371 57 374 60 ·
750 55 1164 99 L13E311.3‚8.9.

178 150 310 184 temno
328 140 521 196 equidem,
547 138 684 192 quippe
701 150 798 191 quos
816 150 1008 191 nunquam
1027 137 1216 192 legerim3
1242 137 1310 178 sed
1325 137 1414 192 quia
1431 137 1750 193 profitenturipsi

180 216 261 268 illi,
303 214 367 270 qui
391 227 458 254 eos
482 211 682 261 scribunt,
726 223 768 250 se
796 223 921 264 neque
953 209 1155 263 distincte,
1197 225 1322 266 neque
1349 210 1579 261 distribute,
1623 225 1749 266 neque

183 291 399 344 eleganter,
430 299 555 339 neque
576 290 712 324 ornate
734 283 923 335 scribere,
950 284 1157 324 lectionem
1177 285 1262 325 sine
1284 286 1360 325 ulla
1379 284 1635 325 delectatione
1657 299 1752 339 neg-

184 365 277 419 ligo.
341 359 443 414 Quid
466 359 566 399 enim
592 359 720 398 dicant
746 364 784 397 et
811 357 899 412 quid
922 358 1092 398 sentiant
1113 359 1155 409 ii,
1190 359 1253 414 qui
1277 365 1368 399 sunt
1391 359 1437 399 ab
1461 373 1506 399 ea
1534 358 1750 413 disciplina,

185 451 300 478 nemo
344 432 593 475 mediocriter
632 431 784 486 quidem
829 432 964 472 doctus
1005 432 1175 486 ignorat.
1251 430 1514 485 Quamobrem
1555 433 1750 486 quoniam,

186 507 504 565 quemadmodum
546 506 698 556 dicant,
743 504 816 560 ipsi
855 519 933 545 non
974 505 1179 557 laborant,
1229 520 1298 546 cur
1336 505 1489 560 legendi
1529 506 1631 556 sint,
1677 506 1753 546 nisi

187 583 256 639 ipsi
295 582 398 622 inter
435 594 503 631 se,
556 579 618 634 qui
666 580 766 619 idem
808 578 1004 630 sentiunt,
1056 594 1133 619 non
1179 579 1370 633 intelligo.
1445 585 1486 619 8.
1529 577 1660 630 Nam,
1712 586 1756 619 ut

186 656 389 698 Platonem
422 654 670 708 reliquosque
701 650 927 694 Socraticos
962 659 1001 692 et
1033 653 1215 707 deinceps
1256 666 1351 703 eos,
1400 651 1463 707 qui
1494 652 1541 692 ab
1576 652 1636 692 his
1666 666 1755 708 pro-

190 731 281 772 fecti
311 735 428 778 sunt,
472 728 606 782 legunt
637 740 797 776 omnes,
843 726 958 766 etiam
999 726 1060 780 qui
1092 726 1158 766 illa
1195 733 1261 766 aut
1299 741 1376 766 non
1406 725 1645 781 approbant,
1691 732 1760 766 aut

189 819 267 846 non
294 802 577 844 studiosissime
600 808 901 851 consectantur,
935 799 1146 854 Epicurum
1173 807 1302 840 autem
1324 807 1362 840 et
1382 798 1654 840 Metrodorum
1679 813 1757 839 non

193 881 274 919 sere
316 883 472 932 praeter
513 888 605 914 suos
648 874 849 927 quisquam
888 874 927 913 in
969 887 1106 913 manus
1146 874 1287 913 sumit:
1342 873 1398 914 sic
1433 860 1507 913 hos
1534 871 1700 913 Latinos
1730 872 1758 913 ii

194 953 267 994 soli
296 952 454 1005 legunt,
501 947 564 1001 qui
590 947 651 986 illa
678 955 784 987 recte
811 947 883 987 diei
909 953 1058 1001 putant.
1119 945 1247 986 Nobis
1277 953 1405 987 autem
1428 947 1608 997 videtur,
1652 946 1758 1000 quie-

196 1027 285 1082 quid
317 1023 456 1063 litteris
487 1021 715 1071 mandetur,
767 1020 804 1060 id
830 1007 1093 1060 commendari
1128 1019 1297 1059 omnium
1330 1019 1568 1060 eruditorum
1601 1019 1757 1060 lectioni

195 1101 352 1141 decere.
414 1094 526 1145 Nec,
569 1094 600 1134 si
636 1094 673 1134 id
703 1093 775 1149 ipsi
804 1094 931 1133 minus
961 1093 1146 1147 consequi
1177 1106 1410 1148 possumus,
1453 1093 1598 1134 idcirco
1631 1093 1757 1134 minus

196 1175 235 1215 id
257 1174 310 1213 ita
334 1169 550 1212 faciendum
571 1181 659 1208 esse
683 1167 889 1207 sentimus.
952 1172 994 1206 9.
1026 1165 1164 1220 Itaque
1187 1167 1277 1206 mihi
1302 1180 1457 1220 semper
1478 1165 1761 1220 Peripatetico-

198 1262 283 1288 rum
310 1243 626 1296 Academiaeque
653 1241 892 1281 consuetudo
931 1240 977 1280 de
1003 1239 1181 1280 omnibus
1204 1240 1322 1280 rebus
1360 1240 1398 1280 in
1424 1240 1642 1280 contrarius
1673 1255 1760 1295 par-

200 1329 260 1361 tes
287 1316 503 1358 disserendi
535 1329 613 1356 non
646 1315 694 1354 ob
725 1328 809 1354 eam
841 1327 1017 1353 caussam
1045 1313 1168 1352 solum
1204 1313 1369 1366 placuit,
1404 1313 1505 1367 quod
1536 1313 1649 1354 aliter
1682 1328 1761 1354 non

202 1399 350 1448 posset,
383 1388 471 1443 quid
494 1388 532 1428 in
557 1400 707 1442 quaque
726 1400 769 1426 re
787 1386 870 1426 veri
895 1386 1019 1426 simile
1040 1393 1168 1437 esset,
1202 1386 1395 1437 inveniri,
1429 1387 1496 1426 sed
1522 1387 1635 1427 etiam
1663 1388 1763 1441 quod

202 1472 309 1508 esset
332 1478 379 1505 ea
404 1462 576 1502 maxima
601 1460 752 1500 dicendi
777 1459 1035 1500 exercitatio:
1085 1474 1158 1513 qua
1191 1460 1369 1514 princeps
1401 1464 1495 1500 usus
1528 1467 1588 1501 est
1606 1459 1764 1501 Aristo-

201 1541 323 1590 teles,
369 1537 507 1577 deinde
536 1549 623 1575 eum
657 1533 719 1589 qui
749 1533 873 1574 secuti
903 1540 1006 1573 sunt.
1076 1532 1225 1574 Nostra
1259 1540 1386 1573 autem
1419 1533 1606 1576 memoria
1633 1532 1761 1591 Philo,

205 1627 318 1669 quem
363 1625 435 1651 nos
477 1610 703 1662 frequenter
744 1607 988 1657 audivimus,
1031 1606 1199 1647 instituit
1235 1607 1310 1647 alio
1350 1614 1524 1662 tempore
1565 1607 1765 1648 rhetorum

204 1719 350 1754 Eosdem
372 1715 588 1760 philosophos
618 1714 681 1745 iam
711 1726 809 1757 supra
829 1713 908 1754 I.3,
932 1712 965 1747 6.
1003 1714 1031 1747 οἱ
1056 1710 1119 1747 ἀπὸ
1144 1710 1345 1753 Πλάτωνος,
1370 1711 1434 1747 ἀπὸ
1458 1714 1521 1756 τῆς
1540 1709 1764 1757 Ἀκαδημίαςέ

205 1764 402 1807 exagitavit:
430 1761 485 1793 ubi
506 1760 548 1793 cf.
574 1759 751 1791 Adnotatu.
802 1761 848 1791 De
872 1771 967 1803 repe·
1001 1759 1145 1790 asseclae
1165 1758 1322 1797 Platonis,
1348 1758 1553 1791 Academiae.
1601 1761 1639 1792 V.
1657 1771 1716 1792 nos
1733 1760 1766 1791 in

204 1812 267 1844 tito
289 1810 358 1841 sine
379 1813 405 1840 et
427 1807 565 1838 relativo
587 1817 616 1836 v.
638 1805 680 1836 ad
702 1807 725 1836 I.
739 1805 797 1842 25,
823 1803 877 1837 61.
1004 1805 1119 1835 Graec.
1143 1804 1286 1835 Gramm.
1305 1803 1409 1835 schol.
1434 1808 1461 1842 gx.
1475 1806 1560 1843 ἰδίη,
1588 1804 1614 1836 l.

269 1853 443 1895 distribute]
477 1853 517 1882 H.
541 1863 568 1882 e.
592 1850 737 1882 adhibita
757 1861 912 1892 generum
933 1849 966 1880 in
1068 1859 1156 1881 nemo
1167 1851 1360 1881 mediocriter
1378 1850 1500 1889 quidem
1519 1849 1639 1893 doctus]
1662 1852 1764 1882 Lam-

206 1901 329 1932 formas
350 1897 591 1929 distributione.
1002 1896 1090 1926 binus
1121 1906 1138 1925 e
1164 1894 1349 1925 coniectura
1372 1894 1482 1925 dedit:
1518 1905 1606 1926 nemo
1634 1905 1670 1927 ne
1694 1906 1764 1927 me—

271 1947 427 1976 lectionem
450 1945 513 1974 sine
536 1943 601 1972 ulla
623 1939 834 1983 delectatione]
860 1941 967 1979 Quum
1000 1941 1144 1971 diocriter
1161 1941 1284 1978 quidem
1302 1941 1428 1980 doctus5
1453 1938 1510 1970 sed
1529 1940 1669 1970 fortasse
1689 1941 1764 1971 vul-

205 1989 288 2022 aliae
306 1987 578 2031 praepositiones,
602 1991 671 2016 turn
691 1985 829 2016 maxime
850 1988 914 2017 sine
936 1991 969 2016 et
1001 1992 1077 2026 gata
1098 1984 1143 2015 ita
1165 1984 1300 2015 defendi
1320 1991 1450 2027 potest,
1487 1991 1521 2016 ut
1544 1987 1669 2024 quidem
1702 1996 1762 2027 pro

206 2045 276 2067 cum
299 2045 370 2064 cum
386 2031 590 2063 substantivo
613 2029 806 2061 coniunctae
827 2031 968 2062 adiecti-
1001 2033 1110 2061 saltem
1129 2029 1324 2072 accipiatur:
1350 2040 1456 2069 nemo,
1481 2029 1534 2072 qui
1553 2030 1763 2062 mediocriter

206 2090 323 2111 vorum
344 2078 430 2109 vices
450 2075 622 2112 sustinent,
648 2087 697 2116 pr.
718 2076 824 2106 Plane.
839 2077 878 2111 V,
908 2079 966 2107 1⁴3:
1000 2076 1116 2106 saltem
1137 2075 1252 2106 doctus
1269 2082 1329 2107 est.
1361 2074 1449 2106 Alias
1470 2074 1589 2117 legitur
1601 2077 1765 2108 mediocri-

205 2123 366 2157 Manlium
379 2133 444 2153 non
458 2121 563 2152 solum
576 2119 764 2161 ignobilem,
780 2132 891 2151 verum
906 2124 969 2152 sine
1002 2125 1046 2152 ter
1065 2122 1182 2152 doctas.

205 2172 336 2209 virtute,
356 2170 421 2199 sine
438 2168 570 2205 inyenio.
600 2165 642 2195 ad
662 2169 729 2195 Att.
748 2166 771 2202 Ι,
796 2166 852 2196 lo:
876 2166 969 2207 igna-
1070 2169 1100 2196 ts.
1149 2167 1202 2205 qui
1228 2167 1284 2196 illa
1306 2185 1349 2189 —
1371 2176 1433 2198 non
1462 2165 1652 2209 approbant]
1683 2165 1762 2198 Scil.

208 2225 266 2247 vus
296 2220 329 2245 et
358 2215 423 2244 sine
450 2214 554 2243 animo
575 2209 677 2241 miles.
701 2221 748 2251 pr.
771 2210 903 2248 Quinct.
927 2210 966 2243 9:
1004 2221 1085 2252 quae
1109 2210 1148 2240 ab
1172 2210 1211 2241 iis
1235 2211 1320 2241 dictu
1343 2217 1430 2242 sunt.

207 2262 272 2292 sine
288 2260 406 2291 iniuria
424 2254 617 2299 potentiam.
666 2255 755 2285 [nfra
772 2256 810 2285 V.
833 2255 880 2294 16,
905 2253 966 2287 lto:
1069 2264 1141 2293 nec,
1166 2257 1192 2286 si
1213 2254 1258 2297 id]
1296 2255 1335 2285 H.
1351 2267 1378 2286 e.
1400 2267 1482 2293 nec,
1516 2255 1544 2287 si
1563 2255 1598 2287 id
1619 2267 1677 2287 nos
1699 2255 1762 2299 ipsi

208 2304 260 2337 vir
272 2303 370 2346 igitur
382 2307 596 2343 temperatus,
615 2306 777 2337 constans,
800 2302 864 2332 sine
877 2304 970 2340 metu,
1003 2298 1108 2330 minus
1146 2299 1298 2341 consequi
1333 2311 1524 2342 possumus,
1570 2307 1606 2332 ut
1637 2301 1762 2344 scripta

209 2352 274 2382 sine
294 2349 505 2389 aeyritudine,
526 2348 588 2377 sine
613 2347 775 2376 alacritate
796 2348 883 2385 ulla,
906 2348 970 2376 sine
1005 2350 1115 2376 nostra
1136 2344 1284 2375 omnibus
1306 2345 1495 2386 probentur.

209 2396 335 2427 libidine
362 2403 471 2423 nonne
499 2390 612 2421 beatus
625 2388 640 2419 ἶ)
695 2391 849 2431 Praepos.
881 2400 972 2422 cum:
1070 2391 1100 2421 9.
1132 2391 1169 2420 de
1190 2391 1329 2421 omnibus
1342 2392 1430 2421 rebus
1448 2392 1481 2422 in
1498 2392 1672 2422 contrarias
1686 2400 1762 2430 par-

209 2441 309 2482 supr'a
326 2439 352 2470 I.
368 2435 431 2476 49,
460 2435 538 2468 116:
564 2434 679 2477 quibus
702 2433 846 2465 videmus
871 2442 971 2477 opta—
1003 2438 1046 2466 ies
1067 2434 1250 2476 disserendi]
1287 2435 1325 2465 V.
1351 2446 1409 2466 nos
1432 2433 1465 2466 in
1487 2434 1572 2466 libro
1593 2434 1625 2466 d.
1648 2437 1686 2467 de
1710 2438 1762 2469 Ci-

210 2484 293 2517 biles
307 2489 429 2515 mortes
442 2480 541 2513 fuisse
557 2490 625 2512 cum
639 2481 740 2518 ,qlorz‘a
761 2479 793 2521 ti.
808 2491 835 2510 e.
850 2479 971 2520 glorio-
1003 2489 1061 2510 cer.
1086 2482 1118 2511 in
1137 2481 1189 2518 ph.
1210 2488 1284 2510 mer.
1305 2490 1335 2521 p.
1351 2479 1386 2512 71
1413 2490 1484 2522 sqq.
1497 2503 1505 2518 ,
1531 2479 1607 2510 dein
1629 2480 1670 2510 de
1692 2483 1761 2512 Ari-

211 2529 290 2569 sas).
337 2527 401 2559 Off.
415 2528 440 2558 I.
457 2529 488 2564 ὅ,
511 2525 572 2557 25:
597 2524 682 2555 vitae
702 2523 805 2554 cultus
824 2535 892 2555 cum
914 2528 972 2555 ele·
1003 2526 1104 2555 stotele
1129 2523 1162 2555 C.
1186 2523 1226 2554 de
1249 2525 1303 2554 Or.
1319 2524 1442 2562 1.1.21‚
1466 2526 1521 2556 00.
1566 2523 1608 2555 de
1632 2524 1702 2556 Fiu.
1719 2526 1759 2558 V.

210 2577 320 2616 yantia
339 2580 372 2605 et
391 2574 493 2612 copia.
538 2568 598 2608 13,
624 2566 683 2600 40:
710 2567 875 2599 interitum
901 2580 971 2601 cum
1003 2568 1044 2605 4,
1073 2569 1124 2600 1⁰.
1160 2567 1200 2599 de
1223 2570 1349 2600 Philone
1370 2579 1428 2600 nos
1449 2568 1471 2600 l.
1490 2567 1522 2600 d.
1545 2581 1578 2612 p.
1592 2567 1646 2602 36.

210 2622 331 2652 scelere.
383 2618 423 2649 V.
445 2626 503 2648 nos
523 2615 557 2645 in
579 2614 722 2645 Gramm.
744 2614 817 2644 Lat.
844 2616 872 2657 ᾗ.
896 2616 969 2645 ωξὶ.
1071 2623 1140 2644 eum
1160 2614 1226 2653 qui]
1253 2614 1291 2644 V.
1314 2613 1478 2644 Adnotata
1498 2613 1530 2645 iu
1558 2625 1584 2646 c.
1600 2612 1639 2652 4,
1670 2614 1719 2646 12.

210 2665 282 2697 Not
298 2664 348 2696 10.
368 2674 401 2705 p.
417 2661 479 2695 177
499 2671 547 2702 sq.
574 2659 624 2690 ed.
639 2660 670 2690 2.
1071 2659 1151 2697 quod
1169 2657 1326 2700 temporis]
1344 2657 1397 2689 Sic
1410 2658 1450 2689 de
1469 2660 1598 2690 Senect.
1615 2671 1641 2690 c.
1653 2660 1758 2692 XIX:

254 2744 262 2750 ,
276 2710 330 2749 qui
346 2711 416 2739 sunt
434 2709 473 2738 ab
494 2715 529 2737 ea
546 2702 724 2745 disciplina]
751 2701 804 2734 Sic
824 2702 895 2733 Fin.
913 2703 966 2733 IV.
1002 2704 1083 2742 quod
1106 2701 1219 2744 cuique
1236 2704 1381 2742 temporis
1400 2702 1441 2733 ad
1461 2703 1634 2735 vivendum
1655 2705 1760 2737 datur.

210 2753 243 2792 3,
265 2753 303 2787 7:
329 2755 367 2784 ab
383 2750 591 2794 eo(Zenone)
609 2747 765 2792 quisunt.
800 2759 860 2790 pro
882 2748 967 2778 Mur.
1002 2746 1044 2778 de
1067 2747 1162 2778 Ostic.
1186 2748 1211 2777 Ι.
1233 2747 1272 2785 6,
1299 2745 1356 2780 19:
1394 2750 1478 2788 quod
1501 2768 1544 2773 —
1568 2759 1678 2789 operae
1702 2760 1760 2782 cu-

211 2798 273 2836 36,
296 2797 358 2830 63:
384 2797 489 2829 nostri
510 2797 558 2827 illi
574 2796 743 2827 a'Platone
762 2799 795 2824 et
813 2794 970 2824 Aristotele
1000 2801 1122 2832 raeque.

209 2842 309 2874 aiunt.
349 2842 391 2874 de
414 2844 505 2873 Orat.
530 2840 648 2878 1133,
674 2838 756 2871 160:
782 2839 861 2869 Erat
881 2837 968 2868 enim
1067 2839 1099 2869 in
1120 2847 1153 2868 eo
1168 2838 1428 2880 consumpsimus]
1455 2837 1531 2870 Scil.
1550 2845 1585 2871 ut
1597 2838 1662 2872 alio
1674 2845 1757 2871 tem-

212 2885 252 2917 εἰ)
281 2887 345 2918 isto
366 2885 553 2918 Aristotele.
604 2884 655 2916 Cf.
677 2894 737 2915 nos
759 2894 853 2926 supra
875 2882 918 2914 ad
939 2883 964 2914 Ι.
999 2891 1078 2924 pore
1100 2881 1267 2914 rhetorum
1287 2889 1464 2927 praecepta
1484 2883 1668 2924 traderem,
1692 2883 1757 2917 alio

211 2928 336 2969 30,74:
357 2938 391 2963 et
411 2943 430 2964 a
450 2929 596 2963 Graecis.
644 2928 698 2960 Sic
715 2927 831 2960 Graeci
852 2927 965 2959 dicunt
997 2926 1281 2970 philosophorum.
1699 2940 1701 2943 ·
