1843 3101
175 25 261 69 316

175 117 416 172 inquinatam
440 115 619 165 bibisset,
654 115 815 169 negavit
837 128 1005 169 unquam
1028 128 1072 156 se
1093 114 1240 156 bibisse
1261 115 1484 158 iucundius.

175 192 360 234 videlicet
381 191 520 231 sitiens
548 189 715 230 biberat.

174 266 400 322 peragranti
442 264 691 319 Aegyptum,
740 263 947 304 comitibus
984 278 1063 305 non
1098 264 1344 316 consecutis,
1391 265 1561 307 cibarius
1590 266 1631 307 in
1665 281 1759 309 casa

675 33 843 67 LIBER
866 33 908 68 V.
933 30 997 75 34,
1022 30 1078 67 98.
1102 31 1263 69 99.100.

1544 116 1761 174 Nunquam

777 187 867 230 Nec
892 189 1071 230 esuriens
1091 187 1344 231 Ptolemaeus
1363 191 1525 244 ederat,
1558 191 1620 233 cui
1642 207 1758 248 quum

176 342 288 396 panis
327 340 440 380 datus
481 346 612 390 esset,
657 338 752 380 nihil
782 339 908 380 visum
946 346 1008 379 est
1038 339 1103 380 illo
1136 353 1234 395 pane
1264 339 1486 382 iucundius.
1550 337 1757 383 Socratem

174 416 307 456 ferunt
324 447 334 465 ,
378 428 494 468 quum
517 427 640 468 usque
665 414 712 454 ad
739 427 948 469 vesperum
982 414 1204 455 contentius
1230 414 1471 466 ambularet,
1518 415 1756 470 quaesitum-

173 503 246 544 que
268 496 377 530 esset
398 503 450 530 ex
472 502 543 539 eo,
578 502 699 542 quare
728 489 762 528 id
788 490 957 540 faceret,
983 489 1246 544 respondisse
1263 521 1273 540 ,
1306 502 1374 540 se,
1408 503 1482 543 quo
1503 489 1643 531 melius
1664 504 1756 532 coe-

1044 569 1114 605 98.
1151 561 1284 616 Quid?
1318 563 1463 605 victum
1484 562 1756 605 Lacedaemo-

1044 637 1120 680 Ubi
1150 653 1265 693 quum
1292 645 1482 694 tyrannus
1504 638 1755 680 coenavisset

1687 714 1755 755 de-

1100 785 1268 828 Minime
1296 787 1461 838 mirum3
1504 788 1754 829 condimenta

170 571 306 616 naret,
341 577 538 619 opsonare
565 563 799 604 ambulando
826 565 981 604 famem.

168 639 325 680 niorum
355 639 394 679 in
419 638 578 694 philitiis
618 652 749 679 nonne
775 639 985 679 videmus?

166 712 388 770 Dionysius
406 745 416 765 ,
463 714 625 769 negavit
644 727 686 754 se
712 713 797 753 iure
823 713 888 753 illo
911 712 1050 768 nigro,
1096 713 1198 767 quod
1222 726 1369 753 coenae
1395 719 1510 768 caput
1534 720 1643 765 erat,

165 790 371 830 lectatum.
433 787 536 829 Tum
572 788 630 838 is,
679 788 741 843 qui
772 788 836 828 illa
869 795 1056 828 coxerat:

165 865 270 906 enim
297 865 523 906 del'uerunt.
547 888 603 893 —
663 862 775 917 Quae
800 862 981 902 tandem?
1012 861 1136 915 inquit
1159 861 1239 902 ille.
1266 885 1322 892 —-
1365 860 1502 902 Labor
1524 862 1563 902 in
1585 869 1748 913 venatu,

165 940 316 991 sudor,
363 953 504 979 cursus
535 937 581 977 ab
607 936 784 988 Eurota,
830 937 980 986 sames,
1025 935 1135 986 sitis3
1181 935 1240 975 his
1270 936 1372 976 enim
1402 935 1520 976 rebus
1546 934 1752 977 Lacedae·

163 1013 385 1055 moniorum
417 1012 556 1068 epulae
587 1011 837 1051 condiuntur.
862 1034 919 1040 —
977 1011 1110 1065 Atque
1135 1009 1208 1051 hoc
1233 1024 1311 1050 non
1337 1023 1390 1050 ex
1418 1009 1616 1050 hominum
1641 1024 1751 1052 more

163 1089 291 1130 solum
309 1120 320 1140 ,
367 1088 435 1129 sed
459 1087 655 1149 ctiam'ex
679 1084 816 1126 bestiis
841 1084 1005 1140 intelligi
1034 1091 1187 1141 potest,
1231 1098 1356 1139 quae,
1401 1092 1443 1125 ut
1463 1085 1643 1140 quicquid
1680 1085 1751 1126 ob-

160 1165 307 1205 iectum
335 1169 419 1214 est,
467 1161 568 1216 qnod
592 1160 706 1200 modo
735 1174 757 1200 a
792 1167 930 1200 natura
952 1173 1028 1200 non
1055 1159 1107 1201 sit
1125 1159 1320 1211 alienum,
1365 1172 1412 1200 eo
1435 1166 1644 1201 contentae
1670 1174 1751 1201 non

161 1244 359 1294 quaerunt
397 1236 578 1292 amplius.
655 1240 726 1276 99.
763 1232 957 1275 Civitates
988 1234 1176 1289 quaedam
1210 1235 1420 1275 universae
1459 1247 1570 1274 more
1609 1234 1749 1276 doctae

160 1311 403 1369 parsimonia
445 1310 716 1360 delectantur,
765 1316 808 1349 ut
839 1309 885 1349 de
916 1307 1245 1350 Lacedaemoniis
1277 1308 1405 1364 paullo
1437 1315 1529 1349 ante
1559 1308 1747 1350 diximus.

159 1386 380 1429 Persarum
412 1399 435 1425 a
455 1383 726 1439 Xenophonte
751 1382 880 1424 victus
906 1384 1140 1438 exponitur,
1185 1397 1282 1439 quos
1305 1390 1424 1438 negat
1445 1383 1493 1424 ad
1516 1396 1654 1438 panem
1681 1383 1749 1424 ad-

159 1461 300 1503 hibere
329 1459 535 1515 quicquam
562 1465 719 1514 praeter
743 1458 994 1499 nasturtium.
1058 1457 1315 1513 Quanquam,
1358 1457 1392 1499 si
1417 1457 1608 1513 quaedam
1632 1458 1749 1499 etiam

160 1537 352 1578 suaviora
374 1541 514 1575 natura
535 1533 759 1584 desideret,
795 1533 1047 1588 quammulta
1067 1547 1119 1574 ex
1143 1541 1249 1574 terra
1273 1532 1557 1590 arboribusque
1581 1532 1749 1588 gignun-

159 1618 251 1663 tur,
301 1624 418 1665 quum
452 1608 565 1664 copia
596 1607 723 1658 facili,
780 1614 860 1647 tum
891 1607 1084 1650 suavitate
1112 1607 1378 1663 praestantia!
1443 1607 1558 1649 Adde
1591 1606 1748 1648 siccita—

159 1693 237 1727 tem
257 1717 268 1737 ,
301 1698 401 1740 quae
424 1683 679 1738 consequitur
700 1682 798 1723 lianc
823 1682 1104 1724 continentiam
1128 1683 1167 1723 in
1191 1682 1323 1735 victu3
1357 1682 1456 1722 adde
1481 1682 1748 1737 integritatem

159 1760 415 1803 valetudinis.
483 1765 577 1800 100.
614 1756 767 1799 Confer
791 1759 1001 1810 sudantes,
1035 1764 1260 1809 ructantes,
1293 1758 1464 1798 refertos
1487 1756 1628 1812 epulis,
1663 1763 1747 1797 tan-

228 1851 388 1895 videlicet]
409 1848 480 1883 sine
499 1850 612 1888 dubio
637 1862 710 1883 cnm
728 1850 833 1883 ironia
853 1862 938 1894 qua-
973 1849 1130 1881 serendus
1156 1856 1207 1881 est
1229 1848 1272 1881 ad
1293 1848 1425 1892 plures,
1451 1847 1567 1893 quibus
1591 1847 1640 1880 ius
1663 1847 1746 1880 illud

161 1897 252 1930 dam.
302 1899 342 1929 V.
369 1897 412 1929 ad
440 1897 860 1935 1.21.4.⁸⁴.11.11‚27.
973 1896 1102 1939 nigrum
1125 1895 1367 1938 apponebatur.

231 1946 369 1977 cibarius
389 1945 497 1985 panisi
524 1945 672 1975 Davisius
693 1954 801 1986 comp.
823 1942 937 1976 Isidor
1041 1952 1151 1974 cursus
1174 1944 1212 1973 ab
1224 1942 1358 1983 Eurota]
1384 1940 1427 1973 ad
1442 1939 1532 1973 cuius
1554 1939 1661 1983 ripam
1674 1940 1745 1972 La—

162 1989 244 2032 Oiig
249 1990 358 2022 X.X.
386 1988 604 2021 c.·2:1’-anis
626 1988 766 2020 eibaiius
790 1995 858 2027 est,
883 1989 939 2032 qui
974 1987 1426 2020 cedaemoniorumiuventus
1441 1998 1476 2019 se
1490 1985 1743 2018 exerceresole-

162 2034 206 2067 ad
222 2013 340 2066 cibum
371 2034 474 2066 seriis
507 2034 625 2074 d.,1tur
666 2046 728 2066 nec
763 2033 935 2067 delicatus.
973 2034 1042 2065 bit.
1065 2035 1204 2065 Midias.
1229 2033 1293 2064 Pro
1310 2035 1350 2064 ab
1363 2034 1484 2065 Eurota
1502 2031 1609 2063 Bentl.
1626 2031 1745 2075 legen—

164 2060 644 2117 Cels.11‚1‹*5:iufi1missi1mis
669 2080 809 2112 cibaiius
831 2081 937 2124 panis.
973 2080 1051 2111 dum
1068 2086 1164 2121 putat
1180 2080 1224 2111 acl
1241 2081 1414 2118 Eurotam,·
1448 2085 1484 2111 at
1499 2077 1626 2121 optime
1644 2079 1743 2110 Erne-

163 2137 192 2158 c.
205 2126 271 2160 ¹29:
301 2125 420 2168 (panis)
449 2125 586 2158 cibarius
611 2126 663 2157 xcl
687 2126 902 2159 holdeaeeus.
970 2128 1068 2158 stius:
1087 2136 1197 2157 cursus
1211 2123 1486 2156 videtui-initium
1500 2123 1657 2167 cepisse-a
1673 2123 1744 2167 ripa

235 2171 410 2214 Socratem]
436 2171 711 2209 Εἰη.1Ι.“)ὅ,90;
737 2172 836 2205 audio
857 2175 937 2216 (80-
972 2173 1138 2209 Eurotae,
1164 2169 1207 2202 ad
1229 2182 1326 2213 quam
1344 2169 1507 2202 sedebant
1525 2175 1745 2214 spectatores.

164 2217 304 2259 cratem)
322 2216 501 2255 dicentem,
524 2216 586 2248 cibi
602 2217 698 2249 cond
704 2225 849 2250 mentum
867 2231 939 2251 esse

163 2264 302 2303 famem,
314 2262 468 2316 potionis
472 2262 569 2294 sitim.
582 2263 745 2307 Porph3.r
757 2264 799 2296 de
810 2265 939 2297 Abstin.

164 2311 228 2349 111,
249 2308 310 2342 20:
337 2305 533 2350 Σωκράτης
554 2303 637 2346 ὅῴον
657 2309 787 2353 τροφῆς
808 2309 846 2344 τὸ
868 2323 938 2345 πει-

164 2355 226 2399 νῇν
246 2354 369 2397 ἔ)ε·.(εν
393 2354 551 2408 Xenoph.
572 2354 881 2395 Commentar.1.3,
897 2358 937 2389 5:

165 2401 227 2435 καὶ
263 2399 318 2434 :tet
354 2398 481 2464 τούτῳ
497 2395 586 2433 ου’τω
621 2411 686 2441 παρ
691 2411 769 2433 εσκ·
757 2401 941 2455 υασμένος

163 2442 247 2500 ᾔει,
275 2442 321 2481 (3
310 2457 361 2479 -ε
346 2443 443 2488 τήν
464 2444 491 2479 ἐ,
482 2446 598 2487 -ῑιωαμ
595 2457 643 2478 ,αν
664 2446 721 2479 τοῦ
745 2446 836 2480 σίτου
857 2443 938 2488 ἕψον

166 2489 263 2536 αυτῷ
302 2489 331 2526 εἰ
334 2504 394 2525 νμα
443 2491 633 2524 Athenaeus
669 2492 723 2523 IV.
753 2492 878 2534 p.157.
900 2494 936 2524 E.

167 2538 258 2582 (Vol
271 2536 582 2580 1.1›.352.Dind.:]
608 2533 805 2578 Σωκράτης
825 2535 864 2571 δε
880 2537 940 2571 καὶ

163 2581 307 2618 πολλάκ·
311 2595 327 2621 ς
371 2595 452 2618 κατε
455 2580 644 2638 ὶαυβανετο
692 2585 722 2617 δ
716 2594 820 2624 camp
816 2583 940 2616 πατῶν

166 2628 313 2672 ἑσπέρας
330 2629 472 2672 eui-em
486 2627 549 2671 πρὸ
567 2630 632 2670 τῆς
649 2627 756 2666 οἰκίας
776 2627 835 2661 και
855 2626 940 2670 πρὸς

164 2687 244 2714 τους
259 2675 543 2718 τ-υνὶῑανομένους·
564 2673 610 2708 Τί
624 2671 804 2717 την.κοὶδε;
827 2672 939 2716 ἔλεγεν

167 2717 253 2762 ὄψον
279 2719 432 2763 συνάγειν
456 2732 542 2763 προς
565 2718 602 2754 τὸ
628 2723 771 2755 δεῖπνον.

235 2776 389 2807 opsonare
420 2767 552 2808 famem]
589 2766 632 2798 H.
647 2778 676 2798 e.
700 2766 825 2798 famem
846 2765 939 2809 quasi

165 2811 298 2844 obsonii
321 2812 398 2844 loco
422 2811 591 2845 adhibere.

236 2857 292 2891 923.
323 2860 390 2890 iure
413 2861 465 2890 illo
484 2859 590 2901 m'9ro]
619 2858 723 2902 ζωμῷ
736 2857 938 2900 Λακωνικῷ,

169 2903 276 2944 ζωμῷ
290 2902 416 2945 μέλανι,
435 2915 466 2936 v.
478 2904 684 2936 Athenaeum
697 2904 756 2936 IX.
771 2915 802 2947 p.
813 2902 890 2936 379.
904 2904 939 2934 E.

239 2950 294 2979 illa
315 2951 455 2992 coxerat]
483 2949 621 2982 Pluralis
639 2961 793 2982 numerus
807 2951 864 2982 illa
884 2960 939 2981 re-

1041 2218 1234 2258 utquirquid
1244 2218 1396 2249 obiectum
1410 2216 1468 2258 est]
1495 2216 1538 2248 H.
1553 2227 1581 2248 e.
1607 2221 1644 2247 ut
1668 2214 1746 2258 (ali-

974 2262 1066 2306 quid)
1088 2262 1255 2295 obiectum
1276 2268 1339 2301 est,
1361 2263 1511 2302 quicquid
1530 2265 1583 2294 est.
1615 2261 1657 2294 V.
1670 2262 1744 2294 Slu-

972 2311 1115 2350 renbary.
1141 2307 1183 2340 ad
1205 2320 1252 2340 or.
1277 2318 1338 2350 pro
1361 2307 1459 2339 Arch.
1481 2318 1515 2351 p.
1530 2307 1603 2340 102.
1626 2312 1661 2338 et
1683 2317 1744 2339 nos

974 2354 1006 2385 iu
1034 2354 1091 2386 Gr.
1119 2351 1306 2397 [μᾷ-146
1336 2351 1744 2396 Not.1.p3.96.ed.2.

974 2399 1034 2431 Uti
1055 2400 1122 2432 hoc
1146 2399 1242 2438 loco,
1278 2399 1326 2431 ita
1345 2410 1445 2442 saepe
1467 2364 1547 2431 atpibi
1571 2397 1662 2441 apud
1687 2396 1742 2429 Ci-

975 2457 1130 2478 ceronem
1153 2448 1293 2486 quisquis
1313 2457 1386 2477 cum
1409 2443 1658 2497 pronominibus
1691 2442 1744 2475 vel

973 2491 1143 2534 particulis
1163 2490 1309 2523 relativis
1331 2490 1548 2534 coniungitur.
1572 2490 1666 2522 Verr.
1687 2489 1744 2522 IV.

978 2536 1028 2574 13,
1050 2537 1091 2570 31
1105 2550 1111 2569 :
1136 2537 1183 2568 ita
1203 2536 1429 2569 odorabantur
1445 2535 1557 2569 omnia
1572 2541 1607 2567 et
1620 2545 1744 2578 perve-

973 2582 1161 2624 stigabant,
1197 2589 1252 2622 ut,
1288 2584 1342 2615 ubi
1364 2583 1512 2624 quicquid
1534 2586 1642 2620 esset,
1680 2579 1745 2612 ali-

975 2638 1038 2669 qua
1056 2627 1186 2660 ratione
1208 2628 1416 2667 invenirent,
1441 2627 1474 2659 h.
1489 2638 1519 2659 e.
1544 2625 1599 2658 ubi
1619 2624 1745 2670 aliquid

975 2679 1082 2712 esset,
1118 2676 1267 2714 quicquid
1298 2678 1382 2706 esset.
1441 2673 1514 2705 Fin.
1537 2672 1577 2705 V.
1602 2670 1643 2712 9,
1678 2669 1742 2704 24:

974 2718 1082 2757 Quum
1106 2725 1217 2750 antem
1238 2718 1402 2762 processit
1421 2718 1568 2762 paullum
1586 2723 1639 2758 et,
1664 2727 1744 2759 qua-

973 2767 1059 2796 tenus
1079 2766 1228 2804 quicquid
1249 2776 1284 2796 se
1306 2764 1451 2807 attingat
1471 2764 1515 2797 ad
1538 2775 1638 2807 seque
1662 2774 1742 2806 per-

975 2809 1099 2848 tineat,
1124 2810 1313 2853 perspicere
1337 2810 1450 2853 coepit
1471 2810 1517 2854 (h.
1531 2821 1559 2842 e.
1581 2815 1743 2853 quatenus

975 2855 1120 2899 aliquid,
1142 2857 1291 2897 quicquid
1309 2860 1372 2896 est,
1399 2857 1491 2898 eta).
1515 2854 1560 2888 ad
1579 2855 1672 2887 Fam.
1685 2855 1744 2894 VI,

978 2900 1007 2940 l,
1030 2903 1045 2935 1
1060 2913 1065 2932 ε
1083 2912 1263 2943 quocunque
1277 2901 1309 2934 in
1328 2901 1404 2934 loco
1418 2904 1558 2943 quisquis
1573 2907 1635 2941 est,
1654 2899 1744 2932 idem

976 2953 1027 2979 est
1049 2947 1079 2979 ei
1106 2958 1220 2980 sensus
1246 2959 1289 2980 -ex
1311 2947 1449 2981 interitu
1471 2958 1580 2980 rerum
1613 2955 1745 2979 suarum
