1859 3149
1585 42 1673 87 303

67 135 338 193 descriptione
370 135 686 192 expetendarum
723 135 1053 190 fugiendarumve
1092 148 1255 187 rernm,
1308 133 1451 176 tertius
1491 135 1532 177 in
1571 136 1672 179 iudi-

66 212 222 264 cando,
256 211 348 268 quid
365 204 513 266 'cuique
534 212 591 252 rei
613 211 665 252 sit
687 224 962 266 consequens,
997 211 1089 266 quid
1112 224 1369 267 repugnans:
1402 209 1442 251 in
1466 223 1543 265 quo
1567 210 1673 253 inest

65 287 196 330 omnis
230 300 348 343 quum
382 286 579 328 subtilitas
607 285 858 338 disserendi,
905 293 987 327 tum
1017 286 1169 327 veritas
1193 285 1409 327 iudicandi.
1471 291 1544 327 69.
1578 283 1671 340 Quo

65 363 222 405 tandem
246 363 366 418 igitur
385 362 530 418 gaudio
554 361 653 403 affici
675 374 844 402 necesse
875 368 937 402 est
973 361 1164 417 sapientis
1189 361 1363 402 animum
1397 375 1485 402 cnm
1518 361 1578 403 his
1602 361 1673 404 ha-

578 54 745 87 LIBER
771 54 814 87 V.
839 51 905 95 24,
930 51 986 88 69.
1010 51 1077 95 25,
1100 50 1156 87 70.

65 437 254 480 bitantem
277 444 657 494 pernoctantemque
683 437 814 478 curis!
863 443 928 488 ut,
979 451 1097 492 quum
1123 436 1244 477 totius
1267 437 1400 477 mundi
1423 444 1554 479 motus
1576 452 1673 480 con-

66 513 356 569 versionesque
380 514 635 570 perspexerit
664 513 876 568 sideraque
898 511 1042 553 viderit
1061 511 1366 553 innumerabilia
1394 512 1507 553 caelo
1536 512 1674 556 inhae-

65 588 196 630 rentia
217 602 305 630 cum
339 588 426 630 eius
451 587 575 644 ipsius
601 595 710 629 motu
739 600 963 643 congruere
993 587 1112 628 certis
1140 587 1265 628 infixa
1291 587 1478 639 sedibus3
1521 596 1674 645 septem

66 663 144 705 alia
163 678 259 705 suos
278 677 456 719 quaeque
485 670 624 705 tenere
643 677 785 705 cursus
806 663 968 704 multum
996 663 1101 704 inter
1125 677 1169 704 sc
1191 669 1260 704 aut
1281 663 1491 704 altitudine
1514 671 1582 705 aut
1603 665 1674 707 hu-

70 738 234 781 militate
265 739 450 782 distantia
466 771 477 791 ‚
518 753 684 794 quorum
711 739 802 795 vagi
828 746 958 780 motus
981 745 1067 779 rata
1092 745 1225 779 tamen
1251 745 1291 780 et
1312 745 1420 780 certa
1447 739 1509 780 sui
1532 754 1675 783 cursus

68 798 195 871 spatia
220 815 434 856 definiant:
471 839 524 845 —-
559 814 697 856 horum
721 814 905 855 nimirum
930 815 1142 869 adspectus
1166 814 1320 870 impulit
1343 814 1431 856 illos
1450 821 1611 858 veteres
1634 824 1676 859 et

68 890 296 943 admonuit,
330 897 374 932 ut
398 890 509 947 plura
537 897 793 946 quaererent.
858 888 954 931 Inde
979 897 1041 931 est
1063 890 1263 945 indagatio
1290 896 1381 930 nata
1405 890 1609 932 initiorum
1635 898 1677 934 et

69 972 254 1021 tanquam
286 966 509 1017 seminum,
557 966 661 1007 unde
702 973 838 1007 essent
870 965 1003 1006 omnia
1035 973 1149 1016 orta,
1198 972 1416 1020 generata,
1465 975 1673 1018 concreta,

70 1054 252 1096 quaeque
277 1041 468 1096 cuiusque
502 1041 663 1095 generis
691 1041 756 1082 vel
786 1040 948 1082 inanimi
975 1041 1039 1081 vel
1068 1040 1280 1081 animantis
1308 1040 1371 1082 vel
1398 1042 1493 1083 muti
1523 1042 1674 1085 vel'lo-

70 1116 228 1172 quentis
252 1116 391 1172 origo,
425 1130 527 1172 quae
551 1116 656 1167 vita,
691 1116 756 1171 qui
779 1115 962 1157 interitus
985 1130 1165 1171 quaeque
1190 1130 1242 1157 ex
1266 1116 1343 1157 alio
1367 1117 1406 1158 in
1430 1117 1536 1159 aliud
1556 1118 1677 1161 vicis·

70 1191 202 1233 situdo
225 1198 342 1247 atque
370 1193 562 1244 mutati03
609 1192 711 1233 unde
737 1199 845 1233 terra
872 1199 913 1232 et
937 1191 1076 1247 quibus
1098 1191 1238 1232 librata
1275 1192 1544 1247 ponderibus,
1592 1194 1677 1250 qui-

68 1265 142 1309 bus
173 1266 358 1309 cavernis
396 1267 521 1308 maria
553 1268 852 1319 sustineantur3
899 1281 976 1322 qua
1015 1266 1148 1307 onmia
1189 1267 1319 1308 delata
1357 1268 1555 1324 gravitate
1594 1283 1677 1312 me-

71 1341 177 1385 dium
198 1342 332 1385 mundi
355 1342 483 1384 locum
512 1356 672 1399 semper
695 1350 912 1399 expetant,
945 1342 1010 1398 qui
1036 1349 1098 1383 est
1118 1342 1219 1383 idem
1244 1343 1400 1385 intimus
1426 1344 1466 1385 in
1487 1345 1676 1388 rotundo.

183 1415 329 1459 XXV.
377 1423 448 1460 70.
485 1417 597 1460 Haec
620 1417 805 1460 tractanti
829 1417 961 1459 animo
991 1425 1030 1459 et
1053 1425 1192 1459 noctes
1216 1425 1256 1459 et
1276 1419 1360 1460 dies
1386 1419 1578 1475 cogitanti
1605 1434 1679 1462 ex-

70 1491 177 1534 sistit
200 1492 265 1534 illa
289 1506 314 1534 a
334 1492 410 1534 deo
428 1491 596 1549 Delphis
627 1500 838 1549 praecepta
861 1493 1060 1549 cognitio,
1097 1501 1139 1535 ut
1163 1493 1248 1550 ipsa
1271 1508 1314 1536 se
1339 1509 1452 1536 mens
1483 1502 1679 1551 agnoscat

71 1566 404 1623 coniunctamque
425 1581 514 1609 cnm
535 1568 666 1610 divina
684 1575 818 1610 mentc
840 1582 884 1610 se
907 1569 1079 1620 sentiat,
1114 1582 1167 1610 ex
1194 1583 1270 1624 quo
1296 1569 1512 1611 insatiabili
1534 1571 1680 1627 gaudio

71 1642 333 1699 compleatur.
388 1640 481 1699 Ipsa
498 1644 602 1685 enim
623 1644 812 1700 cogitatio
829 1645 876 1686 de
895 1645 932 1686 vi
952 1651 991 1686 et
1009 1652 1150 1685 natura
1169 1644 1332 1686 deorum
1352 1645 1523 1686 studium
1541 1646 1680 1688 incen-

72 1717 129 1771 dit
152 1717 258 1760 illius
283 1718 532 1761 aeternitatis
563 1719 741 1762 imitandi
775 1734 905 1776 neque
936 1734 980 1762 se
1018 1720 1058 1761 in
1085 1719 1283 1761 brevitate
1314 1719 1421 1761 vitae
1447 1720 1678 1764 collocatam

75 1809 254 1843 virtutibus
276 1809 304 1842 si
325 1810 398 1854 quis
420 1818 555 1844 ornatus
582 1812 645 1844 erit
659 1838 667 1850 ,
704 1812 857 1856 perfecte

75 1856 210 1900 sapiens
228 1856 378 1896 exsistit,
406 1857 461 1902 qui
483 1869 599 1891 omnes
621 1858 858 1902 philosophiae

76 1908 190 1946 partes
215 1902 403 1946 (physicam
427 1903 526 1944 dico,
551 1904 696 1936 ethicam
723 1913 757 1936 et
781 1904 858 1937 dia—

77 1948 246 1991 lecticam)
279 1955 393 1981 mente
424 1961 484 1982 sua
509 1950 776 1994 comprehendat
797 1951 857 1983 iis-

78 2006 144 2039 que
167 1994 268 2038 plene
291 2006 331 2027 ac
356 1995 522 2028 cumulate
545 1996 743 2029 satisfaciat.

148 2040 205 2075 69.
228 2042 328 2084 curis]
354 2041 431 2074 Hoc
458 2042 596 2075 verbum
611 2069 618 2081 ‚
646 2050 681 2074 ut
703 2055 857 2086 graecum

79 2086 227 2130 μελέτη,
255 2098 355 2131 saepe
378 2087 502 2121 dicitur
526 2088 569 2121 de
592 2089 778 2122 litterarum
801 2101 859 2122 ar—

77 2132 228 2177 tiumque
251 2133 376 2166 studio.
428 2134 581 2168 ceterum
605 2136 669 2168 hac
696 2148 859 2180 paragra—

78 2179 149 2223 pho
175 2187 484 2213 commemorantur
503 2181 646 2226 gaudia‚
670 2193 755 2226 quae
778 2194 860 2227 per-

80 2224 250 2269 cipiuntur
266 2237 306 2258 ex
330 2237 368 2258 ea
390 2226 627 2272 philosophiae
647 2235 754 2273 parte,
775 2241 861 2274 quae

83 2270 208 2303 dicitur
231 2274 376 2313 physica.

148 2321 195 2358 ut,
214 2320 325 2360 quum]
351 2317 516 2352 Particula
531 2323 566 2353 ut
578 2320 744 2364 significat
759 2321 860 2361 idem,

80 2362 173 2408 quod
195 2370 365 2396 nostrates
394 2365 482 2398 male
514 2378 576 2410 per
598 2370 734 2409 exempli
756 2371 863 2409 9ratia

85 2408 274 2453 exprimere
297 2409 419 2443 solent.

150 2459 267 2496 septem
301 2457 383 2499 alia]
428 2456 582 2490 Planetas
617 2470 692 2492 cum
724 2459 796 2492 sole
829 2466 863 2491 et

83 2500 162 2534 luna
187 2500 357 2546 intelligit.
405 2502 459 2534 Cf.
483 2515 584 2547 supra
607 2506 633 2536 I.
656 2505 719 2543 28,
741 2504 798 2538 6«“’.

151 2551 226 2579 rata
244 2567 292 2572 —
309 2550 360 2580 sui
378 2558 490 2581 cursus
507 2550 628 2594 spatia]
654 2550 863 2583 Vocabulum

83 2596 175 2626 ratus
203 2594 379 2638 proprium
414 2601 466 2626 est
497 2595 540 2627 de
572 2595 720 2629 siderum
755 2608 862 2629 cursu.

83 2638 130 2670 N.
151 2639 194 2671 D.
211 2640 254 2672 ΙΙ.
275 2641 322 2673 ὃὸ
335 2666 343 2680 ,
364 2637 428 2674 97ε
453 2647 523 2673 tam
550 2648 660 2674 certos
685 2643 767 2675 caeli
786 2655 865 2675 mo-

83 2688 160 2724 tus,
193 2691 264 2718 tam
281 2690 370 2718 ratos
391 2693 558 2720 astrorum
583 2688 729 2721 ordines.
777 2689 864 2722 Ibid.

87 2740 118 2761 c.
133 2729 196 2764 37:
233 2730 267 2764 in
287 2732 379 2764 omni
400 2733 604 2766 aeternitate
630 2739 718 2768 ratos
739 2735 862 2768 immn-

87 2773 274 2821 tabilesque
292 2789 415 2811 cursus.
446 2791 474 2812 c.
488 2779 551 2813 20:
576 2787 688 2813 motus
705 2788 867 2814 constan-

86 2824 138 2852 tes
162 2827 198 2852 et
219 2829 323 2855 ratos.

158 2868 324 2910 nimirum]
340 2869 385 2901 H.
398 2881 426 2904 e.
440 2870 560 2903 horum
578 2871 777 2916 adspectum
797 2884 866 2904 non

87 2910 208 2943 mirum
230 2919 282 2945 est
301 2913 472 2959 impulisse
504 2916 581 2949 illos
609 2925 675 2951 etc.
723 2920 766 2951 V.
791 2917 866 2950 Ad-

87 2962 209 2990 notata
230 2957 266 2990 in
291 2960 317 2990 Ι.
341 2959 408 3000 22,
432 2962 488 2995 52.

154 3004 239 3036 unde
257 3007 342 3037 terra
361 3009 389 3037 et
408 3009 522 3048 quibus
535 3010 617 3051 etc.]
645 3009 726 3041 Post
746 3008 866 3042 verba:

892 1815 976 1845 unde
999 1816 1083 1845 terra
1104 1811 1329 1855 supplendum
1361 1819 1412 1844 est
1436 1815 1496 1854 sit;
1536 1813 1681 1857 primum

893 1859 982 1891 enim
1005 1858 1108 1890 verba
1130 1859 1213 1890 unde
1233 1862 1317 1891 terra
1341 1861 1459 1891 librata
1488 1862 1528 1892 sit
1553 1860 1680 1893 obscu-

895 1904 982 1937 riora
1001 1911 1090 1941 sunt.
1116 1911 1187 1936 tum
1209 1908 1293 1937 terra
1313 1904 1345 1937 h.
1360 1904 1382 1937 l.
1406 1905 1591 1949 opponitur
1604 1918 1680 1940 ver·

894 1951 944 1983 bis
968 1950 1265 1983 antecedentibus:
1304 1953 1387 1984 unde
1411 1957 1509 1984 essent
1533 1955 1679 1986 omnia

896 1995 945 2039 χτό
969 1997 1047 2034 “ni-1⁸1
1081 2001 1161 2030 orla.
1210 1997 1387 2030 Sententia
1414 2005 1484 2029 est:
1519 1998 1680 2043 indagare

896 2043 1089 2082 studemus,
1127 2043 1215 2075 unde
1246 2051 1321 2076 orta
1346 2045 1389 2076 sit
1416 2050 1524 2085 terra,
1561 2052 1596 2077 et
1623 2044 1679 2089 qui

894 2089 971 2128 fiat,
1009 2096 1045 2121 ut
1078 2090 1145 2122 suis
1179 2089 1301 2123 librata
1323 2090 1531 2135 ponderibus
1566 2091 1680 2124 medio

896 2136 929 2168 in
956 2139 1034 2168 ae're
1057 2136 1217 2180 pendeat.

964 2193 1029 2224 qua
1053 2182 1176 2227 omnia]
1218 2181 1274 2215 Sic
1302 2195 1366 2227 pro
1396 2185 1431 2215 in
1464 2194 1529 2225 qua
1561 2186 1682 2225 omnia,

895 2228 942 2261 uti
963 2228 996 2260 in
1018 2228 1172 2260 omnibus
1191 2228 1285 2261 libris
1306 2229 1440 2272 legitur,
1466 2242 1493 2262 c.
1511 2231 1550 2264 D.
1573 2237 1606 2262 et
1621 2232 1680 2263 Tr.

898 2274 989 2307 edidi
1007 2285 1070 2315 qua
1092 2277 1212 2315 omnia,
1236 2275 1367 2308 abiecta
1386 2275 1505 2308 vocula
1528 2279 1570 2317 in,
1595 2288 1680 2320 quae

898 2321 998 2353 facile
1014 2332 1055 2352 ex
1070 2320 1285 2353 antecedenti
1299 2325 1513 2355 sustineantur
1526 2322 1605 2354 oriri
1619 2333 1681 2366 po-

897 2367 982 2407 tuit,
1019 2374 1055 2398 ut
1087 2377 1153 2408 qua
1181 2367 1367 2401 referretur
1390 2368 1433 2400 ad
1454 2380 1486 2400 v.
1511 2370 1680 2409 yrun-itate.

898 2413 933 2445 Si
950 2413 1074 2456 legitur
1092 2415 1126 2446 in
1150 2424 1215 2454 qua
1236 2426 1422 2458 pronomen
1441 2414 1616 2446 relativum
1637 2412 1681 2446 ad

895 2463 1014 2492 terram
1036 2458 1253 2492 referendum
1278 2467 1346 2493 est:
1385 2459 1474 2492 unde
1505 2459 1682 2493 durissima

897 2505 1047 2538 nascitur
1070 2512 1248 2539 structura.

969 2552 1048 2583 Cn.
1061 2552 1175 2585 XXV.
1194 2552 1248 2587 70.
1265 2553 1366 2593 Haec]
1382 2553 1575 2595 Sequuntur
1593 2563 1678 2595 gau-

900 2597 977 2637 dia,
1015 2609 1099 2642 quae
1131 2597 1230 2631 affert
1259 2597 1405 2629 studium
1443 2597 1681 2641 philosophiae

900 2644 1047 2678 moralis.

969 2694 998 2723 et
1019 2693 1125 2723 noctes
1148 2693 1176 2721 et
1199 2689 1280 2730 dies]
1316 2689 1358 2720 V.
1387 2688 1430 2720 ad
1456 2689 1512 2720 IV.
1535 2688 1599 2731 31,
1621 2689 1678 2723 65.

969 2738 1098 2777 Delphis
1116 2733 1302 2778 praecepta]
1327 2734 1412 2766 H.e.
1435 2734 1493 2766 illa
1517 2734 1678 2778 cognitio,

902 2793 988 2826 quae
1010 2780 1148 2823 Delphis
1170 2786 1348 2823 praecepta
1371 2786 1431 2811 est.
1471 2780 1548 2813 Hoc
1566 2782 1681 2815 monui

902 2828 946 2860 ob
960 2827 1135 2865 VVfflfium,
1159 2824 1215 2868 qui
1234 2825 1494 2869 interpretatur:
1519 2828 1681 2871 Delphico,

900 2876 956 2915 qui
979 2874 1106 2913 Delphis
1127 2873 1248 2903 colitur.

971 2920 1113 2951 studium
1130 2917 1270 2948 incendit
1288 2918 1375 2949 illius
1393 2921 1586 2953 aeternitatis
1606 2923 1680 2954 imi-

900 2965 1006 3006 tandi]
1043 2963 1096 2994 Sic
1117 2961 1235 3004 optimi
1257 2962 1458 3008 plurimique
1482 2964 1580 2999 codd.
1614 2978 1678 3011 pro

901 3009 990 3052 vulg.
1009 3009 1195 3041 imitandae.
1244 3009 1338 3041 Haec
1357 3011 1566 3046 constructio
1587 3013 1678 3046 mul-
