1859 3117
1637 45 1718 90 133

113 133 215 190 quod
249 133 371 176 in‘eo
395 133 482 190 ipso
511 138 671 189 peccet,
720 131 832 174 euius
861 134 1069 189 profitetur
1095 133 1327 187 scientiam3
1371 134 1428 176 sie
1455 132 1711 191 philosophus

110 207 152 250 in
181 196 287 251 vitae
315 208 471 250 ratione
502 220 672 263 peccans
701 206 776 248 hoc
800 208 954 263 turpior
975 216 1062 262 est,
1105 209 1208 266 quod
1234 209 1274 251 in
1301 209 1453 261 officio,
1488 209 1601 251 cuius
1627 225 1710 252 ma-

107 281 235 339 gister
260 296 352 326 esse
374 282 484 334 vult,
518 281 663 323 labitur
685 289 891 338 artemque
916 283 1022 325 vitae
1045 286 1251 340 professus
1273 284 1464 341 delinquit
1487 284 1527 326 in
1551 285 1649 326 vita.

224 356 280 401 V.
328 356 386 416 A,
419 355 569 400 Nonne
592 356 810 399 verendum
841 363 904 399 est
925 357 1069 413 igitur,
1103 360 1137 400 si
1171 368 1232 402 est
1250 360 1305 402 ita
1327 367 1368 402 ut
1394 360 1519 412 dicis,
1553 375 1603 402 ne
1624 361 1707 416 phi-

110 432 327 490 losophiam
357 432 456 475 salsa
483 431 611 488 gloria
635 433 840 474 exornes?
892 430 1010 487 Quod
1039 441 1101 475 est
1123 435 1228 476 enim
1255 435 1381 477 maius
1413 443 1706 493 argumentum,

109 507 206 550 nihil
230 521 318 550 eam
348 507 539 565 prodesse
554 539 565 559 ‚
600 520 716 563 quam
743 508 934 563 quosdam
961 510 1160 564 perfectos
1184 510 1436 566 philosophos
1460 511 1629 568 turpiter
1651 512 1708 554 vi-

75 644 78 647 *
109 584 235 625 vere?
277 589 348 626 15.
382 582 451 625 M.
474 581 638 624 Nullum
660 595 757 624 vero
779 582 817 624 id
836 582 993 639 quidem
1015 592 1290 640 argumentum
1313 593 1388 627 est.
1429 585 1535 628 Nam
1560 594 1602 628 ut
1623 587 1707 643 agri

718 51 889 85 LIBER
916 53 958 88 11.
984 52 1107 94 5,13.

110 672 190 700 non
219 672 358 701 omnes
385 656 563 713 frugiferi
587 664 706 710 sunt,
742 658 807 714 qui
841 658 1049 710 coluntur,
1085 659 1307 716 salsumque
1338 661 1431 702 illud
1459 661 1638 703 *Acciiz

343 734 489 774 Probae
518 735 594 773 etsi
620 735 658 772 iu
689 741 853 785 segetem
884 735 979 776 sz'mt
1007 737 1232 775 florerem-(³112
1264 738 1378 776 datae

342 810 494 861 Fruges
509 839 520 857 ,
555 816 678 848 lamen
709 812 814 862 ipsae
843 810 977 862 suapte
1007 818 1149 850 natm-a
1180 813 1351 860 enimn,-

106 882 165 925 sie
193 882 314 924 animi
337 898 417 925 non
447 897 585 925 omnes
608 884 701 925 culti
727 885 896 925 fructum
927 885 1074 926 serunt.

1139 886 1273 942 Atque
1291 918 1302 938 ,
1348 893 1390 927 ut
1416 887 1457 927 iu
1481 885 1621 928 eodem
1651 887 1704 927 si—

106 957 188 1000 mili
208 972 374 1011 verser,
417 965 461 1000 ut
486 972 608 1014 ager,
651 959 830 1014 quamvis
859 959 1024 1012 fertilis,
1071 960 1158 1002 sine
1183 961 1335 1002 cultura
1362 962 1588 1003 fructuosus
1614 976 1704 1003 esse

105 1047 187 1075 non
205 1040 362 1090 potest3
409 1033 467 1075 sic
488 1034 574 1075 sine
597 1034 776 1075 doctrina
803 1034 984 1086 animus3
1028 1035 1083 1077 ita
1112 1043 1173 1077 est
1192 1044 1357 1092 utraque
1377 1051 1444 1079 res
1468 1037 1554 1079 siue
1579 1037 1705 1078 altera

105 1143 196 1184 hoc,
230 1143 300 1176 sive
331 1143 392 1176 illo
424 1142 659 1188 praecedente.
719 1143 773 1175 Sic
804 1143 836 1174 h.
859 1143 881 1175 l.

106 1189 215 1234 primo
248 1189 386 1234 ponitur
417 1191 549 1227 levitas,
586 1201 671 1233 quae
695 1189 883 1221 universam

104 1235 154 1269 rei
169 1235 345 1269 notionem
364 1235 621 1280 complectitur,
645 1234 722 1267 dein
742 1237 883 1275 iactatio,

104 1293 190 1327 quae
221 1282 314 1327 quasi
346 1293 423 1327 pars
453 1281 616 1326 quaedam
649 1288 699 1313 est
724 1280 881 1313 levitatis.

103 1330 212 1373 Supra
234 1330 262 1361 1.
275 1329 340 1369 25,
365 1327 427 1362 62:
464 1330 604 1361 varietas
636 1332 662 1360 et
690 1331 807 1359 natura
831 1338 881 1359 so-

47 1391 53 1398 *
103 1385 218 1408 norum
251 1385 318 1407 non
353 1380 403 1407 est
435 1374 526 1406 varia
561 1380 679 1406 natura
709 1385 879 1411 sonorum,

102 1419 181 1454 sed:
219 1422 270 1454 die
295 1422 582 1462 Manniysalliykeit
611 1421 676 1452 und
708 1421 883 1452 naturliche

102 1469 350 1509 Beschoffenheit
368 1469 423 1499 der
443 1469 535 1505 Tune,
557 1466 612 1498 ubi
631 1465 805 1498 universae
821 1477 882 1497 no-

102 1513 205 1546 tionis
224 1513 363 1546 verbum
383 1511 608 1556 postpositum
628 1519 689 1544 est.
739 1511 806 1544 Sed
823 1513 882 1544 ΙΙΙ.

105 1557 169 1600 16,
206 1559 261 1594 35.
287 1561 523 1601 Ιοηρυὶηρυίἰαε
555 1563 581 1592 et
614 1560 681 1591 dies
712 1558 882 1602 perhanc

101 1604 241 1650 figuram
264 1605 396 1649 gravius
419 1604 544 1638 dictum
566 1604 699 1638 videtur
721 1616 783 1648 pro
809 1607 881 1637 lon—

101 1654 218 1694 qinquo
236 1656 383 1693 tempore.

97 1728 102 1732 .
162 1702 281 1741 pugnet
290 1698 406 1740 oratio]
418 1697 579 1730 Similiter
589 1697 782 1730 Fin.11.‘.*:›.
797 1704 880 1729 extr.

101 1745 155 1777 Ita
177 1744 264 1777 enim
288 1743 405 1776 vivunt
429 1743 584 1789 quidam,
611 1751 646 1775 ut
670 1755 786 1777 eorum
811 1743 880 1775 vita

100 1789 276 1824 refellatur
296 1789 416 1824 oratio.
454 1790 660 1823 Vocabulum
679 1794 779 1823 oratio
797 1789 879 1822 ulti-

101 1849 192 1870 mam
205 1837 321 1870 sedem
337 1843 500 1880 occupat,
526 1837 603 1881 quia
618 1837 653 1868 in
675 1848 714 1869 eo
738 1836 880 1868 maxima

99 1882 152 1917 vis
174 1883 285 1929 posita
307 1889 371 1916 est.
418 1884 461 1915 V.
483 1893 542 1915 nos
566 1883 602 1916 in
618 1883 676 1915 Gr.
694 1884 733 1915 L.
757 1885 785 1926 §.
804 1882 877 1921 167,

101 1929 132 1964 1.
153 1928 269 1975 p.-‘}66
279 1938 329 1974 sq'.
350 1929 445 1962 ed.2.

168 1977 305 2009 absurde
335 1975 446 2017 canat]
481 1976 623 2007 Absurde
656 1980 690 2006 et
723 1974 881 2006 absurdus

100 2021 258 2056 dicuntur
287 2033 346 2061 ea,
383 2032 467 2065 quae
501 2019 564 2051 sibi
595 2019 667 2062 ipsa
699 2030 767 2051 non
799 2018 880 2051 satis

102 2067 318 2102 conveniunt.
365 2065 505 2109 Proprie
525 2065 647 2097 dicitur
665 2064 708 2097 de
727 2074 822 2104 sono,
844 2071 880 2096 ut

101 2115 238 2148 absurde
258 2122 382 2153 canere,
403 2122 498 2145 sonus
517 2113 688 2152 absurdus,
708 2122 771 2144 vox
789 2115 880 2144 extra

101 2161 233 2193 modum
254 2161 375 2192 absona
403 2162 430 2191 et
454 2159 617 2199 absurda,
652 2165 688 2190 ut
719 2157 761 2190 de
786 2160 878 2190 Orat.

100 2205 227 2243 111.11‚
252 2202 307 2238 41.
345 2204 430 2248 (Nos
450 2203 589 2236 dicimus
608 2205 877 2247 unharmonisch.)

99 2252 244 2285 Absurde
272 2261 391 2293 canere,
409 2261 532 2294 graeco
554 2249 738 2295 respondet
762 2252 880 2294 πλημ-

102 2298 227 2342 μελεῖν.

171 2345 226 2386 qui
246 2353 280 2377 se
298 2344 406 2376 haberi
426 2342 514 2388 velit]
540 2343 778 2376 Coniunctivus
800 2343 834 2376 h.
854 2343 878 2376 l.

100 2389 230 2435 positus
253 2395 323 2430 est,
347 2389 424 2434 quia
443 2396 516 2422 tota
536 2390 704 2422 sententia
724 2386 880 2424 ὖποὲετι-

101 2436 176 2475 κῶς
197 2447 353 2480 expressa
373 2442 444 2475 est,
467 2436 583 2480 paullo
601 2443 679 2480 post
697 2439 787 2469 cuius
808 2447 879 2468 ma-

100 2484 197 2525 gister-
224 2492 290 2516 esse
317 2484 386 2515 vult
405 2481 606 2515 indicativus
628 2482 741 2515 locum
764 2482 878 2523 habet,

101 2527 177 2572 quia
195 2527 364 2561 sententia
381 2528 590 2573 simpliciter,
614 2528 687 2561 sine
705 2528 772 2562 ulla
793 2540 878 2562 con-

101 2573 231 2608 ditione
250 2574 399 2619 ponitur.

173 2619 252 2654 Car.
267 2621 310 2654 V.
356 2625 400 2654 est
430 2622 547 2663 igilur,
582 2623 610 2654 si
641 2623 701 2665 est]
740 2621 879 2666 Saepius

103 2664 193 2698 idem
213 2666 370 2707 verbum,
395 2678 463 2699 uno
485 2668 539 2700 vel
558 2667 674 2712 paucis
691 2667 878 2701 interiectis

103 2711 294 2753 vocabulis,
318 2713 470 2747 recurrit.
518 2715 559 2747 V.
578 2713 703 2746 Adnot.
724 2714 759 2746 iu
781 2715 808 2746 I.
821 2714 878 2756 22,

103 2756 168 2790 52:
191 2763 268 2792 esset
291 2778 336 2784 —-
359 2763 446 2793 esset.

168 2805 318 2846 perfectos
334 2806 550 2851 philosophos]
575 2806 619 2839 de
638 2806 751 2839 Divin.
765 2808 809 2840 11.
823 2806 878 2847 72,

106 2844 191 2881 150:
216 2849 314 2888 „Nisi
332 2851 538 2885 somniorum
558 2852 784 2897 patrocinium
805 2852 880 2898 phi-

105 2891 243 2946 losoplji
257 2895 491 2941 suscepissent,
516 2910 580 2931 nec
596 2899 620 2931 ii
639 2899 775 2945 quidem
793 2911 876 2933 con-

106 2939 329 2993 etmptlssimi,
351 2942 414 2976 sed
430 2943 465 2976 in
477 2944 593 2988 primis
613 2945 714 2987 acuti,
739 2952 774 2978 et
794 2957 880 2979 con-

105 2991 281 3030 sequentia
312 2992 348 3020 et
369 2989 592 3034 repugnantia
612 2990 766 3025 videntes
779 3017 788 3033 ‚
822 2991 880 3035 qui

918 1156 1025 1190 prope
1048 1145 1113 1178 iarn
1140 1148 1275 1178 absoluti
1299 1152 1333 1178 ct
1353 1148 1483 1187 perfecti
1505 1150 1701 1189 putantur.“

917 1194 1051 1233 Persecli
1075 1192 1176 1234 igitur
1200 1191 1392 1235 philosophi
1417 1191 1633 1236 appellantur
1664 1191 1698 1231 ii,

917 1238 973 1282 qui
998 1239 1030 1271 in
1053 1246 1126 1270 arte
1143 1250 1200 1269 sua
1225 1238 1414 1281 principes,
1439 1238 1587 1282 primarii
1608 1244 1695 1270 sunt.

989 1285 1040 1317 13.
1090 1286 1218 1316 Nullum
1242 1284 1329 1327 vero]
1368 1285 1418 1316 De
1449 1295 1522 1317 vero
1544 1283 1697 1317 affirma—

915 1330 987 1362 tivo
1009 1342 1039 1362 V.
1063 1330 1235 1362 Adnotatu
1257 1330 1289 1361 in
1314 1331 1336 1362 l.
1354 1330 1390 1362 ll
1406 1355 1415 1369 ,
1440 1332 1495 1362 24.

969 1379 1147 1418 salsumque
1160 1378 1237 1408 illud
1251 1378 1355 1409 Accii:
1369 1376 1505 1421 Probae]
1520 1377 1556 1408 Iu
1567 1376 1698 1408 Msstis

917 1423 999 1455 haec
1024 1423 1165 1456 habetur
1187 1422 1307 1454 lectio:
1344 1424 1523 1464 salsumque
1546 1424 1627 1455 illud
1659 1433 1696 1455 ac

916 1472 1075 1511 improbe„
1114 1469 1183 1501 Etsi
1210 1469 1241 1501 iu
1267 1477 1428 1512 segetem.
1478 1469 1608 1501 Locum
1630 1468 1696 1501 mi—

917 1528 990 1548 sere
1023 1515 1238 1559 (lt-turpatum
1269 1515 1427 1559 palmaria
1459 1514 1696 1547 emendatione

917 1562 1108 1607 persanavit
1133 1564 1295 1602 Muretus,
1320 1574 1394 1593 eum
1419 1573 1436 1592 e
1459 1562 1531 1593 MS.
1556 1572 1637 1600 suo,
1660 1561 1694 1592 in

917 1621 984 1653 quo
1010 1609 1195 1641 habebatur
1215 1609 1394 1649 salsumque
1417 1609 1498 1639 illud
1522 1611 1554 1638 at
1578 1610 1696 1647 impro-

917 1658 995 1695 bae,
1030 1655 1219 1697 corrigens:
1255 1656 1433 1695 falsumque
1452 1655 1533 1686 illud
1554 1655 1629 1685 Attii
1649 1653 1693 1696 (v.

915 1705 1018 1742 Accii,
1055 1714 1085 1733 v.
1107 1701 1193 1742 Acci)
1209 1725 1218 1740 ,
1255 1703 1398 1741 Probae,
1435 1707 1471 1731 ut
1498 1710 1587 1731 nune
1607 1698 1696 1742 legi—

914 1755 979 1780 tur.
1028 1749 1097 1779 Vos
1130 1754 1262 1784 autem,
1300 1746 1466 1778 acutiores
1494 1744 1695 1777 adolescen-

914 1801 965 1825 tes
980 1820 986 1831 ‚
1020 1793 1166 1825 monitos
1190 1792 1266 1823 volo
1281 1818 1289 1834 ‚
1316 1798 1352 1823 ut
1375 1792 1462 1824 hanc
1483 1790 1694 1834 elegantissi-

914 1852 1001 1871 mam
1018 1846 1050 1871 ‹·t
1067 1837 1291 1872 acutissimam
1307 1838 1532 1870 coniecturam
1547 1849 1589 1869 ne
1604 1837 1694 1870 sicco

914 1886 1001 1929 pede
1019 1885 1206 1923 transeatis,
1225 1883 1285 1916 sed
1300 1891 1431 1916 attento
1445 1883 1558 1916 animo
1572 1883 1693 1916 iterum

913 1932 1100 1975 iterumque
1128 1930 1356 1976 perpendatis.
1403 1931 1497 1963 Haec
1527 1936 1578 1962 est
1605 1929 1694 1962 enim

913 1977 967 2009 via
980 2004 988 2017 ‚
1014 1990 1077 2022 qua
1097 1985 1130 2011 et
1140 1972 1311 2010 ‘facillime
1333 1984 1366 2010 et
1391 1976 1574 2010 certissime
1588 1975 1694 2009 duca-

913 2024 994 2056 mini
1016 2024 1059 2056 ad
1076 2023 1345 2068 cognoscendam
1364 2031 1471 2056 artem
1491 2022 1652 2056 criticam.

984 2072 1121 2114 Probae]
1140 2072 1224 2102 Sunt
1236 2069 1381 2102 trimetri
1399 2082 1456 2102 seu
1475 2069 1597 2102 senarii
1611 2069 1694 2102 iam-

913 2116 992 2149 bici.
1041 2119 1162 2158 Suaple
1185 2123 1236 2149 est
1254 2116 1469 2161 bisyllabum.

980 2166 1014 2196 in
1045 2163 1191 2208 segetem]
1236 2163 1360 2196 Tibull.
1385 2164 1410 2195 1.
1436 2163 1477 2201 3,
1512 2161 1574 2197 61:
1611 2162 1693 2194 Fert

915 2209 1037 2242 casiam
1069 2222 1137 2242 non
1166 2208 1255 2242 culta
1286 2219 1382 2252 seges.
1410 2208 1546 2253 virgil.
1567 2208 1691 2252 Georg.

913 2257 948 2296 I,
973 2255 1036 2291 47:

959 2302 1020 2335 Illa
1038 2313 1123 2344 se9es
1140 2302 1273 2335 demum
1292 2302 1382 2335 votis
1398 2301 1582 2346 respondet
1602 2300 1692 2334 avari

960 2348 1137 2393 Agricolae
1149 2375 1158 2390 ‚
1184 2349 1234 2382 bis
1254 2361 1338 2394 quae
1356 2348 1474 2389 solem,
1499 2348 1550 2381 bis
1565 2348 1691 2391 frigora

1447 2402 1561 2427 sensit.

913 2443 952 2473 In
986 2441 1140 2474 omnibus
1175 2441 1337 2475 eiusmodi
1364 2441 1449 2476 locis
1482 2439 1591 2485 poetis
1622 2449 1690 2471 non

913 2487 984 2531 agri
1017 2488 1071 2520 vel
1101 2488 1186 2528 soli,
1222 2488 1284 2522 sed
1311 2488 1414 2533 ipsius
1444 2486 1566 2530 segetis
1594 2484 1689 2517 notio

915 2534 1167 2567 obversabatur.

981 2583 1014 2614 in
1048 2583 1156 2614 eodem
1187 2581 1300 2625 simili]

916 2627 1203 2671 (Vergleichung).
1229 2627 1272 2659 de
1290 2629 1344 2659 Or.
1360 2628 1401 2658 ΙΙ.
1420 2624 1474 2665 78,
1491 2622 1576 2658 316:
1602 2620 1691 2654 unde

913 2672 980 2705 hoc
1002 2676 1102 2706 simile
1124 2673 1236 2706 ducat.
1283 2673 1357 2705 Fin.
1381 2672 1438 2704 ΙΙΙ.
1461 2669 1514 2708 16,
1537 2665 1598 2701 54:
1623 2667 1691 2701 hoc

912 2721 1014 2752 simile
1035 2719 1181 2764 ponitur.
1216 2719 1271 2751 Sic
1292 2717 1423 2760 saepius
1442 2721 1600 2748 neutrum
1618 2714 1691 2747 sin—

914 2764 1036 2809 gularis
1069 2765 1199 2798 numeri
1231 2763 1474 2797 adieetivorum
1503 2759 1689 2793 substanti-

913 2822 1033 2844 vorum
1057 2811 1146 2844 vices
1168 2811 1320 2843 sustinet.
1369 2807 1424 2840 Sic
1441 2819 1542 2851 supra
1568 2806 1603 2839 in
1623 2806 1691 2841 hoc

912 2856 1000 2890 libro
1021 2870 1049 2890 c.
1062 2858 1096 2896 2,
1117 2858 1156 2890 5:
1181 2860 1342 2889 oratorum
1365 2856 1438 2887 laus
1457 2855 1553 2886 ducta
1571 2854 1612 2886 ab
1631 2855 1690 2886 hu-

912 2905 982 2936 mili
999 2906 1083 2937 venit
1103 2904 1147 2935 ad
1165 2912 1335 2935 summum.
1381 2900 1476 2933 Infra
1492 2900 1533 2934 V.
1549 2898 1610 2939 15,
1634 2896 1688 2934 45.

913 2951 1058 2982 beatum.-
1077 2948 1133 2981 ubi
1146 2959 1177 2980 v.
1189 2947 1371 2980 Adnotata.
1403 2947 1445 2981 V.
1459 2957 1520 2980 nos
1533 2945 1569 2979 in
1581 2946 1638 2979 Gr.
1650 2946 1691 2980 L.

915 2995 946 3039 §·
961 2994 1036 3029 109.
1051 2994 1082 3039 ς)
1105 3005 1139 3038 p.
1158 2989 1233 3028 174.
1256 2992 1310 3026 ed.
1324 2993 1356 3028 2.

1335 2581 1379 2612 H.
1409 2592 1437 2612 e.
1473 2575 1691 2610 similitudine
