1859 3117
736 57 1090 94 PnoLEcoMENA.
1682 53 1710 97 5

107 144 202 184 rias.
247 142 405 183 Primus
428 140 534 182 enim
554 147 614 180 est
632 139 683 180 de
704 143 996 182 contemnenda
1016 149 1168 195 morte3
1198 143 1400 184 secundus
1424 143 1474 184 de
1494 144 1707 185 tolerando

107 213 271 264 dolore,
311 212 361 252 de
392 210 647 264 aegritudine
677 210 1058 264 lenienda·tertius;
1099 220 1271 265 quartus
1304 213 1354 253 de
1384 213 1555 266 reliquis
1585 216 1705 254 animi

105 274 505 336 perturbationibus,
538 280 705 332 quintus
730 294 820 319 eum
843 280 977 319 locum
998 283 1228 335 complexus
1250 289 1329 333 est,
1362 284 1433 335 qui
1455 290 1582 323 totam
1605 284 1702 337 phi-

107 351 332 405 losophiam
355 349 525 388 maxime
546 349 725 388 illustrat
734 364 745 401 ;
776 350 895 389 docet
917 350 1033 400 enim,
1064 352 1115 390 ad
1139 353 1252 391 beate
1272 352 1492 392 vivendum
1512 354 1706 393 virtutem

106 433 149 461 se
170 421 259 474 ipsa
291 433 372 460 esse
400 416 701 472 contentaml).
760 419 872 458 Licet
898 421 1176 472 unusquisque
1198 421 1346 461 horum
1369 422 1570 462 librorum
1599 438 1702 477 pro-

105 489 242 544 prium
260 488 461 541 quoddam
481 494 523 527 et
535 488 740 542 peculiare
761 496 1042 541 argumentum
1060 497 1310 542 pertractare
1330 492 1519 532 videatur
1527 508 1538 544 ;
1570 507 1705 533 omnes

105 566 238 599 tamen
271 558 470 598 communi
496 558 669 610 quodam
699 558 902 597 societatis
924 559 1092 598 vinculo
1114 560 1170 598 ita
1196 561 1302 599 inter
1323 576 1364 600 se
1390 562 1627 612 cohaerent,
1658 569 1706 601 ut

104 628 157 668 ad
188 642 318 668 unum
349 627 598 679 eundemque
631 627 749 666 finem
779 635 975 681 spectent.
1042 629 1200 668 Etenim
1230 645 1366 670 omnes
1398 632 1577 684 quinque
1606 631 1704 670 libri

102 697 306 738 referendi
328 703 426 736 sunt
450 696 502 735 ad
525 695 865 749 methodologiam
891 697 1059 737 ethicam
1089 699 1154 738 vel
1179 699 1406 750 asceticam,
1439 715 1558 752 quam
1580 702 1704 754 vulgo

103 767 266 817 dicunt,
297 780 417 818 quae,
447 765 671 817 quomodo,
708 767 873 806 remotis
904 767 1072 806 virtutis
1104 768 1418 822 impedimentiS,
1451 770 1705 810 efficiendum

90 836 175 886 -sit,
213 842 263 875 ut
294 835 500 889 appetitus
530 835 685 874 rationi
722 836 934 886 obediant,
971 839 1187 891 praecipit:
1232 853 1348 890 quoni
1379 839 1540 891 quidem
1571 841 1702 880 locum

101 905 259 945 Tullius
281 905 460 944 breviter
481 905 726 958 perstrinxit
759 906 800 944 in
827 906 941 945 libris
965 907 1015 946 de
1038 908 1191 947 Officiis
1207 908 1262 962 ²).
1321 909 1483 948 Scilicet
1511 917 1702 962 tanquam

102 989 317 1025 summum,
349 974 461 1027 quod
480 988 715 1025 sequamur,
746 976 1004 1027 propositum
1027 978 1144 1016 nobis
1165 992 1245 1017 esse
1269 978 1399 1029 debet,
1432 985 1478 1017 ut
1497 980 1611 1018 beate
1631 980 1700 1018 vi—

102 1058 257 1085 vamus.
315 1045 437 1082 Beata
461 1050 594 1082 autem
617 1044 700 1082 vita
727 1051 886 1083 constat
907 1045 950 1083 in
974 1046 1097 1084 animi
1124 1049 1373 1098 constantia,
1406 1049 1704 1101 tranquillitate

102 1121 144 1154 et
167 1113 463 1166 aequabilitate.
522 1113 563 1151 Si
589 1113 679 1164 quis
702 1113 829 1164 igitur
852 1114 976 1152 vitam
1000 1115 1151 1154 beatam
1183 1118 1374 1169 consequi
1401 1118 1513 1168 vult,
1545 1118 1703 1158 efficere

103 1183 241 1233 debet,
271 1188 323 1221 ut
339 1181 493 1220 rationi
517 1181 709 1220 obediant
730 1183 934 1234 appetitus
959 1185 1172 1236 omniaque
1193 1194 1491 1237 removeantur,
1525 1201 1624 1240 quae
1646 1187 1701 1226 il-

100 1252 181 1293 lam
213 1251 336 1291 animi
369 1250 637 1290 constantiam
668 1252 913 1303 perturbare
943 1253 1176 1293 videantur.
1235 1256 1298 1294 Ad
1328 1270 1369 1294 ea
1403 1263 1559 1306 autem,
1599 1270 1701 1309 quae

100 1321 312 1363 hominum
339 1321 493 1360 animos
516 1321 659 1360 misere
680 1321 865 1360 cruciant
890 1329 1009 1374 atque
1032 1331 1248 1375 macerant,
1278 1326 1512 1365 referendus
1535 1332 1595 1365 est
1615 1326 1701 1366 sine

101 1391 229 1433 dubio
259 1398 392 1429 metus
421 1393 582 1429 mortis.
641 1390 778 1442 ltaque
802 1391 844 1430 in
871 1391 933 1431 his
963 1392 1097 1444 libris,
1128 1394 1169 1433 in
1195 1395 1344 1447 quibus
1367 1396 1523 1435 Tullius
1554 1396 1699 1447 omnia,

102 1476 206 1516 quae
226 1461 337 1501 vitae
356 1461 493 1499 beatae
516 1461 855 1511 adversarentur,
885 1476 1112 1514 removere,
1143 1479 1245 1516 quae
1267 1472 1400 1504 autem
1421 1480 1504 1504 eam
1523 1466 1698 1505 adiuva-

102 1537 216 1583 rent,
245 1530 392 1570 afferre
416 1529 596 1580 studuit,
636 1531 839 1583 aptissime
869 1532 1001 1584 primo
1035 1533 1126 1573 loco
1157 1535 1409 1574 efficiendum
1440 1535 1621 1588 putavit,
1652 1541 1701 1575 ut

101 1615 208 1641 mors
237 1606 577 1640 contemneretur.
634 1601 753 1650 Nam,
794 1607 842 1639 ut
868 1602 995 1654 ipsius
1019 1603 1221 1643 Ciceronis
1239 1605 1276 1659 ³)
1309 1606 1444 1644 verbis
1477 1612 1590 1655 utar,
1629 1605 1698 1656 qui

101 1671 157 1722 id,
182 1669 294 1723 quod
312 1669 440 1709 vitari
460 1683 543 1708 non
564 1676 710 1722 potest,
733 1671 889 1721 metuit,
912 1672 945 1710 is
967 1673 1107 1713 vivere
1126 1674 1260 1713 animo
1282 1675 1421 1727 quieto
1444 1675 1557 1714 nquo
1576 1674 1698 1713 modo

99 1746 252 1795 potest3
282 1739 350 1778 sed
372 1738 444 1791 qui
466 1753 551 1778 non
573 1739 711 1788 mod0,
743 1741 839 1792 quia
862 1755 1017 1781 necesse
1041 1750 1099 1782 est
1120 1744 1244 1794 mori,
1274 1759 1418 1784 verum
1438 1745 1568 1793 etiam,
1601 1743 1696 1795 quia

100 1809 204 1850 nihil
225 1808 349 1849 habet
369 1822 496 1858 mors,
528 1809 638 1861 quod
659 1810 710 1848 sit
735 1809 1009 1862 horrendum,
1040 1820 1210 1852 mortem
1234 1827 1319 1852 non
1346 1814 1480 1864 timet,
1510 1826 1696 1866 magnum

102 1879 135 1919 is
164 1879 242 1918 sibi
271 1878 518 1932 praesidium
549 1879 600 1918 ad
630 1879 784 1918 beatam
814 1881 938 1920 vitam
970 1889 1192 1934 comparat.

216 1948 287 1988 Uti
308 1962 435 1998 mors,
464 1947 523 1987 ita
543 1950 730 2000 corporis
751 1949 911 1988 dolores
933 1950 977 1988 in
999 1951 1111 1990 malis
1134 1951 1275 1991 haberi
1299 1960 1338 1992 et
1358 1953 1468 1992 vitae
1491 1952 1695 2005 tranquil-

100 2017 253 2059 litatem
274 2017 532 2057 vehementer
554 2019 798 2069 perturbare
820 2019 964 2059 solent.
1021 2021 1162 2073 Itaque
1186 2022 1362 2061 secundo
1388 2022 1497 2062 libro
1521 2023 1696 2076 primum

101 2087 321 2141 quaesivit,
349 2093 490 2125 utrum
521 2086 639 2125 dolor
669 2087 712 2125 in
739 2088 854 2126 malis
882 2088 1090 2130 ducendus
1120 2098 1238 2142 esset,
1270 2107 1413 2143 necne,
1443 2099 1501 2143 et,
1532 2099 1695 2146 postea-

103 2170 222 2209 quam
246 2156 480 2209 principum
510 2154 849 2209 philosophorum
880 2158 930 2197 de
961 2173 1006 2198 ea
1034 2174 1078 2199 re
1109 2163 1326 2201 sententias
1356 2162 1546 2216 exposuit
1576 2168 1697 2213 atque

101 2225 360 2275 examinavit,
389 2225 518 2274 docet,
551 2225 732 2265 dolorem
753 2227 819 2266 vel
839 2228 967 2279 vinci,
997 2229 1062 2268 vel
1080 2231 1251 2270 tolerari
1269 2246 1405 2285 posse,
1437 2232 1471 2272 si
1491 2232 1694 2285 appetitus

99 2294 371 2334 subiiciantm·
398 2295 567 2334 rationi:
596 2295 640 2334 in
672 2309 751 2348 qua
781 2311 825 2336 re
854 2311 990 2337 veram
1020 2300 1256 2352 sapientiam
1286 2303 1412 2341 cerni.

217 2356 563 2413 Quemadmodum
585 2372 717 2405 autem
747 2367 904 2419 sapiens
929 2370 1115 2422 corporis
1142 2371 1302 2411 dolores
1331 2372 1492 2412 ratione
1514 2369 1692 2422 compri-

100 2447 208 2474 mere
236 2440 277 2474 et
301 2434 464 2474 domare
495 2435 633 2484 debet,
663 2449 713 2474 ne
744 2436 792 2475 iis
818 2438 1011 2477 turbetur
1034 2439 1143 2479 vitae
1176 2442 1426 2493 constantia,
1457 2442 1515 2480 ita
1539 2453 1691 2479 summa

102 2517 181 2556 ope
201 2503 280 2542 niti
301 2504 436 2555 debet,
466 2510 514 2543 ut
539 2505 696 2544 animus
720 2505 918 2546 liberetur
940 2508 1151 2549 doloribus
1171 2511 1317 2562 animi,
1347 2512 1375 2550 i.
1395 2526 1427 2550 e.
1445 2508 1694 2562 aegritudine

103 2572 349 2626 reliquisque
370 2574 493 2612 animi
512 2575 906 2627 perturbationibus.
952 2578 1075 2627 Quod
1093 2581 1298 2634 quomodo
1321 2581 1423 2620 effici
1442 2584 1589 2632 posset,
1619 2577 1692 2616 de-

103 2649 328 2682 monstrare
349 2650 518 2682 conatus
541 2650 599 2682 est
615 2644 721 2683 libro
740 2646 861 2684 tertio
882 2654 922 2686 et
941 2656 1101 2700 quarto,
1133 2658 1173 2690 et
1193 2651 1354 2703 quidem
1375 2650 1423 2688 de
1440 2646 1694 2701 aegritudine

101 2711 318 2764 separatim
347 2712 591 2766 disputavit,
623 2714 717 2766 quia
746 2714 790 2753 in
822 2729 866 2754 ea
896 2724 957 2756 est
983 2719 1238 2759 miseriarum
1266 2722 1356 2759 sons
1387 2725 1426 2757 et
1457 2723 1592 2770 caput.

214 2781 302 2820 Tali
326 2782 445 2822 modo
469 2783 635 2822 remotis
662 2785 846 2824 omnibus
859 2816 871 2836 ,
901 2801 1003 2840 quae
1027 2790 1197 2828 turbent
1219 2788 1339 2827 animi
1361 2786 1627 2827 constantiam
1656 2793 1695 2826 et

104 2850 457 2902 tranquillitatem,
487 2853 530 2892 iu
557 2867 636 2905 qua
668 2854 754 2893 vita
783 2856 898 2895 beata
921 2858 1056 2910 posita
1078 2866 1160 2908 est,
1199 2857 1278 2896 toti
1302 2857 1572 2911 disputationi
1599 2863 1694 2896 tan-

107 2930 224 2968 quam
246 2921 430 2961 cumulus
452 2923 607 2962 accedit
630 2923 732 2962 liber
752 2925 932 2977 quintus,
962 2928 1038 2980 qui
1056 2934 1117 2966 est
1134 2927 1311 2966 omnium
1334 2928 1636 2981 pulcherrimus
1657 2932 1697 2966 et

201 3005 234 3050 ι)
258 3007 301 3045 de
323 3009 435 3043 nivin.
460 3012 504 3046 11.
531 3011 561 3044 1.
610 3011 645 3056 2)
676 3015 702 3047 1.
720 3012 786 3057 29,
816 3014 892 3049 102.
936 3015 974 3060 3)
998 3017 1132 3052 Tuscul.
1155 3017 1316 3064 nisp.11.
1339 3018 1380 3062 1,
1403 3017 1439 3053 2.
