1859 3133
654 63 971 106 LIBER1.32,
994 63 1054 100 78.
1600 56 1658 100 95

52 152 128 199 h.
189 148 318 194 Stoici
338 154 470 192 autem
492 159 656 188 usuram
680 145 795 187 nobis
817 146 1063 203 largiuntur,
1098 153 1281 204 tanquam
1303 146 1557 201 cornicibus3
1590 149 1658 192 diu

52 225 407 273 mansuros-aiunt
435 221 618 274 animm,
652 234 836 278 semper,
870 230 1035 278 negant.

163 297 357 344 XXXII.
414 296 523 341 Num
559 311 640 338 non
673 296 736 339 vis
765 296 888 352 igitur
920 298 1082 350 audire,
1131 312 1228 352 cur,
1272 297 1389 340 etiam
1426 297 1460 340 si
1493 298 1550 341 ita
1588 299 1658 353 sit,

50 390 160 421 mors
185 384 316 418 tamen
341 388 422 416 non
449 373 501 415 sit
524 373 565 415 in
592 371 737 414 malis?
781 372 839 413 A.
876 369 930 413 L‘t
956 372 1139 424 videturg
1182 374 1252 415 sed
1279 387 1342 415 me
1368 387 1484 416 nemo
1512 374 1559 416 de
1585 374 1659 415 im-

52 452 294 497 mortalitate
325 449 513 507 depellet.
595 453 667 492 78.
717 447 786 490 M.
820 445 963 489 Laudo
996 447 1033 488 id
1071 448 1256 503 quidem3
1302 450 1376 491 etsi
1409 450 1506 492 nihil
1539 449 1658 492 nimis

53 534 211 586 oportet
235 526 454 569 confidere.
516 521 733 566 Movemur
760 523 865 564 enim
890 536 1012 579 saepe
1040 523 1171 578 aliquo
1198 532 1314 566 acute
1341 525 1556 578 concluso,
1599 526 1659 567 la-

54 603 194 646 bamus
218 609 492 656 mutamusque
519 599 758 641 sententiam
787 598 1022 640 clarioribus
1048 598 1167 639 etiam
1195 599 1235 640 in
1263 599 1411 652 rebus3
1451 600 1492 641 iu
1513 600 1572 642 his
1597 607 1662 643 est

55 678 161 720 enim
182 676 312 733 aliqua
333 676 574 718 obscuritas.
623 672 667 716 ld
688 674 810 730 igitur
830 674 863 715 si
881 673 1086 724 acciderit,
1114 673 1238 715 simus
1261 675 1418 716 armati.
1467 676 1524 716 A.
1550 674 1662 718 Sane

55 752 239 810 quidem3
271 751 367 802 sed,
400 764 452 793 ue
475 750 653 801 accidat,
687 749 923 806 providebo.
988 749 1057 791 M.
1091 748 1295 805 Numquid
1320 750 1441 806 igitur
1462 759 1524 792 est
1546 765 1663 794 caus-

53 822 140 880 sae,
173 826 267 883 quin
287 826 438 868 amicos
457 833 618 868 nostros
641 823 804 867 Stoicos
826 825 1098 866 dimittamus?
1130 838 1200 866 eos
1221 825 1309 866 dico
1325 857 1336 876 ‚
1371 826 1435 881 qui
1452 826 1562 867 aiunt
1581 827 1666 868 ani-

54 915 143 945 mos
159 915 338 954 manere,
372 915 395 944 e
413 915 582 958 corpore
600 916 719 957 quum
736 901 1006 951 excesserint,
1041 900 1110 941 sed
1130 914 1209 941 non
1227 902 1416 957 semper?
1471 901 1529 942 A.
1558 900 1665 944 lstos

53 991 181 1030 vero,
227 977 318 1034 qui,
365 978 470 1033 quod
507 983 588 1018 tota
618 976 660 1017 iu
693 975 765 1017 hac
802 990 947 1017 caussa
983 975 1250 1017 difficillimum
1293 983 1383 1029 est,
1426 977 1663 1033 suscipiant,

56 1069 135 1103 tius.
183 1071 292 1113 Supra
313 1068 395 1110 Le,
424 1066 483 1103 16:
524 1079 616 1101 mors
649 1075 687 1100 ut
717 1067 842 1101 malum

58 1127 129 1149 non
150 1115 217 1155 sit,
241 1115 380 1148 efficies.
405 1112 470 1153 24,
495 1114 551 1149 57.
599 1115 640 1147 V.
661 1114 727 1151 35.
758 1116 840 1148 110:

61 1161 173 1201 effici,
198 1168 245 1195 ut.
304 1162 348 1194 N.
368 1161 408 1194 D.
430 1161 500 1200 ill,
529 1159 587 1193 12:
614 1160 660 1193 ita
684 1160 841 1199 eflicitur,

60 1214 98 1241 ut
121 1219 222 1240 omne
245 1217 364 1251 corpus
387 1206 531 1239 mortale
553 1206 609 1238 sit.
657 1206 699 1238 N.
730 1207 842 1239 1).111.

61 1252 116 1294 13,
137 1251 194 1287 34.
213 1265 284 1287 acc.
308 1265 337 1286 c.
359 1253 423 1285 inf.
472 1253 577 1295 Legg.
595 1253 620 1284 1.
638 1256 670 1290 ὅ,
695 1252 750 1286 25.
790 1252 842 1284 Cf.

59 1309 122 1333 nos
145 1298 179 1331 in
202 1300 261 1332 Gr.
281 1300 320 1332 L.
343 1299 374 1343 §-
392 1297 476 1338 142,
500 1301 534 1331 b.
557 1310 589 1342 p.
606 1298 686 1332 373.
710 1297 764 1330 ed.
782 1300 814 1330 2.

127 1346 226 1380 Stoici
248 1350 354 1379 aulem
376 1355 511 1378 usuram
537 1347 624 1377 nobis
647 1343 842 1388 largiuntur]

65 1392 173 1425 Usnra
206 1391 345 1437 proprie
372 1391 496 1424 dicitur
532 1391 575 1423 de
601 1391 721 1427 rebus,
760 1402 845 1435 quae

60 1437 160 1471 nobis
204 1438 276 1471 usui
317 1437 371 1470 vel
417 1437 540 1470 fructui
574 1437 843 1470 commodantur.

60 1484 152 1517 Hinc
171 1483 344 1528 eleganter
363 1483 430 1516 hoc
449 1483 528 1516 loeo
547 1482 671 1516 dicitur
694 1483 737 1516 de
755 1482 846 1515 stoi-

61 1530 130 1570 cis,
155 1530 213 1574 qui
236 1537 314 1575 post
336 1536 481 1562 mortem
504 1530 656 1574 corporis
679 1529 847 1574 supersti-

61 1583 132 1609 tem
155 1577 303 1609 animum
327 1576 466 1613 dicunt.
491 1575 551 1608 sed
577 1587 646 1609 non
674 1576 708 1608 in
732 1583 847 1608 aeter-

61 1633 154 1655 num.
202 1623 244 1655 V.
268 1625 406 1656 Ernestii
431 1622 522 1655 Clav.
545 1622 578 1654 h.
600 1634 632 1654 v.
679 1622 734 1655 Sic
757 1622 847 1654 infra

63 1666 164 1708 c-39,
192 1667 256 1702 93:
294 1672 339 1702 At
361 1680 401 1701 ea
426 1669 572 1712 (natura)
598 1667 694 1701 dedit
718 1680 848 1701 usuram

62 1713 176 1754 vitae,
199 1721 360 1759 tanquam
383 1715 565 1760 pecuniae,
591 1715 683 1747 nulla
707 1714 849 1758 praesti-

64 1767 139 1793 tuta
153 1759 227 1793 die:
253 1761 309 1794 ubi
327 1761 372 1794 cf.
387 1760 571 1794 Adnotata.
620 1761 727 1793 Simili
745 1761 849 1793 modo

64 1805 188 1840 dicitur
209 1817 343 1840 usurum
364 1809 444 1840 lucis
465 1809 544 1840 dore
568 1811 596 1840 et
616 1810 734 1848 eripere
748 1833 758 1848 ,
783 1809 851 1840 exi-

63 1855 121 1896 gui
155 1856 304 1895 temporis
339 1864 473 1886 usurum
510 1855 683 1895 postulare.
745 1852 850 1886 Stoici

65 1905 179 1932 autem
209 1899 266 1932 alii
290 1899 505 1937 statuebant.
544 1907 742 1932 cunctorum
775 1898 850 1931 ani-

2 1963 3 1966 *
66 1956 143 1978 mos
174 1952 253 1990 post
287 1952 434 1978 mortem
469 1945 526 1977 diu
558 1956 752 1983 mansuros,
795 1944 851 1976 alii

68 1990 248 2024 stultorum
268 1991 363 2024 brevi
375 2016 383 2029 ‚
409 1991 600 2035 sapientum
620 2001 702 2023 vero
722 1996 853 2022 mentes

69 2048 145 2071 cum
165 2037 293 2070 mundo
316 2036 414 2069 simul
435 2037 584 2069 interire.

140 2086 296 2125 tanquam
326 2084 518 2124 cornicibus]
567 2081 727 2114 Comices
764 2081 853 2114 enim

67 2140 192 2163 novem
213 2127 346 2161 saecula
371 2127 501 2168 vivere,
528 2127 643 2172 opinio
666 2135 738 2160 erat
760 2128 853 2161 anti-

0 2182 5 2233 ιέ
69 2173 182 2220 quitus
201 2173 270 2206 late
289 2185 415 2217 sparsa.

0 3054 13 3133 L..
0 2820 11 3035 -r-'—..-—-.-„

153 2220 233 2252 Cn.
263 2220 417 2254 XXXII.
473 2221 558 2253 Num
590 2231 650 2253 non
687 2219 752 2264 vis]
798 2220 854 2254 Sic

36 2275 48 2288 ⁶
74 2265 193 2310 scripsi
216 2277 236 2298 e
256 2265 296 2298 R.
318 2265 407 2298 Gud.
430 2266 459 2299 1.
482 2265 621 2310 aliisque
645 2266 758 2299 multis
788 2278 853 2311 pro

68 2310 162 2356 vulg.
173 2322 253 2344 num
266 2314 338 2354 vis,·
363 2313 420 2345 Or.
438 2323 457 2344 e
470 2311 568 2345 codd.
587 2311 718 2354 Schott.
737 2323 854 2346 numne

67 2360 129 2392 vis.
174 2360 220 2390 At
250 2369 360 2402 neque
388 2357 475 2396 hoc,
514 2369 622 2403 neque
656 2358 741 2391 illud
772 2359 853 2392 ferri

67 2409 195 2448 potest.
242 2405 341 2436 Errat
371 2403 423 2437 vir
451 2403 594 2444 doctus,
627 2415 744 2438 numne
775 2408 852 2439 vis?

67 2460 90 2483 a
110 2451 226 2483 visne?
261 2449 347 2483 nihil
376 2449 515 2483 differre
537 2451 750 2491 existimans,
789 2451 854 2484 nisi

69 2495 163 2540 quod
196 2495 280 2528 illud
303 2495 418 2541 paullo
440 2496 647 2530 dubitantius
671 2509 742 2530 rem
767 2498 854 2531 effe-

70 2547 134 2582 rat,
157 2553 258 2586 quam
275 2541 353 2576 hoc.
398 2543 507 2576 Immo
529 2550 562 2575 et
582 2554 660 2576 num
683 2550 718 2576 et
739 2553 854 2578 numne

72 2597 206 2632 semper
224 2587 273 2621 ita
294 2595 477 2632 ponuntur,
503 2597 540 2622 ut
559 2596 774 2633 exspectetur
796 2602 854 2623 re·-

71 2633 412 2713 ΞἨΓΞΞΞἺΞΞ
431 2635 854 2726 ξὲἓᾱᾞῖἒιηῗῗέἶὲρξζῗ

72 2724 234 2768 Ἀωτέρως
265 2726 566 2771 interrogationem
599 2727 710 2761 effert.
769 2730 854 2761 Num

73 2774 127 2802 ”t
153 2782 205 2814 gr-
239 2772 313 2816 μῶν
342 2772 364 2806 i.
386 2785 417 2806 e.
451 2771 500 2816 μή
525 2772 604 2814 οὖν,
638 2775 718 2807 doch
740 2777 853 2807 nicht?

71 2823 186 2849 nme
207 2817 281 2861 μῶν
306 2815 368 2862 μή,
392 2821 474 2853 doch
495 2821 580 2852 nicht
601 2824 683 2852 elwa
696 2822 712 2852 ?
748 2821 792 2854 N.
811 2822 851 2854 D.

73 2859 102 2891 I·
119 2858 188 2900 31,
211 2862 275 2896 38:
311 2864 422 2908 quid?
461 2865 562 2897 deum
594 2865 704 2909 ipsum
736 2877 854 2899 numne

75 2903 217 2956 yidinti'?
242 2919 300 2942 cur
317 2909 421 2954 igitur
441 2911 549 2944 credis
568 2911 666 2944 esse?
717 2911 770 2944 Cf.
789 2924 852 2945 nos

72 2960 115 2983 m
130 2950 191 2984 Gr.
206 2952 249 2985 L.
295 2980 304 2988 .
319 2955 397 3000 158,
411 2955 444 2990 3.
465 2956 501 2999 b)
526 2963 562 2989 et
583 2958 666 2990 Not.
678 2956 711 2991 9.
735 2969 769 3001 p.
783 2955 852 2991 442

73 3001 111 3029 et
129 2992 210 3032 443.
317 3000 352 3036 2.
409 3004 494 3036 Num
530 3013 595 3036 non
627 3005 678 3036 vis
709 3005 851 3036 audire?

879 1074 948 1100 est:
975 1069 1019 1099 du
1037 1069 1251 1101 verschmrjhst
1272 1069 1351 1101 doch
1370 1069 1482 1101 nicht?
1517 1069 1569 1101 De
1589 1080 1669 1102 num

878 1125 940 1147 non
975 1115 1019 1146 cf.
1052 1114 1142 1146 iufra
1166 1115 1226 1146 ΙΙΙ.
1250 1114 1293 1153 9,
1317 1115 1390 1154 19.;
1429 1114 1471 1146 de
1504 1126 1581 1148 num
1605 1126 1668 1149 non

878 1163 926 1193 vis
954 1162 985 1202 (a
1008 1160 1092 1201 nolo)
1119 1160 1160 1191 de
1186 1163 1241 1192 Or.
1269 1161 1326 1192 ΙΙΙ.
1350 1161 1416 1199 38,
1444 1159 1518 1193 154.

950 1208 988 1238 de
1010 1208 1245 1238 immorlalitale
1264 1208 1407 1248 depellet]
1437 1219 1497 1250 per
1519 1206 1671 1239 brevilo-

879 1252 1050 1296 quentiam
1079 1252 1207 1284 (lictum
1232 1264 1313 1296 pro:
1340 1253 1383 1284 de
1406 1252 1670 1287 immortulitatis

880 1297 1040 1341 opinione
1075 1298 1248 1341 depellet.
1285 1298 1334 1330 uti
1364 1298 1407 1331 ad
1434 1299 1551 1332 Famil.
1576 1301 1611 1339 I,
1636 1300 1669 1334 7.

881 1351 958 1388 post
980 1344 1068 1376 med.
1095 1356 1156 1388 pro
1179 1344 1292 1387 Ligar.
1316 1346 1385 1383 1X,
1408 1345 1463 1378 26.
1492 1355 1589 1389 tquos
1611 1347 1668 1378 lo-

881 1402 938 1422 cos
974 1390 1088 1423 attulit
1122 1392 1276 1434 Moserus)
1321 1391 1406 1424 dixit
1441 1393 1594 1433 depellere
1628 1394 1669 1426 de

879 1440 1042 1470 sententia.

965 1483 1019 1517 Τό.
1052 1486 1111 1516 >in
1144 1485 1194 1516 his
1225 1488 1268 1517 est
1301 1486 1399 1527 enim]
1454 1483 1670 1527 Cogitatione

881 1529 1068 1573 supplenda
1102 1537 1153 1562 est
1185 1531 1352 1562 sententia
1382 1530 1511 1575 aliqua:
1552 1532 1670 1564 Muta-

881 1587 954 1608 mus
978 1577 1181 1608 sententiam
1204 1577 1402 1609 clarioribus
1429 1577 1530 1609 etium
1554 1577 1588 1609 in
1613 1589 1671 1610 re-

884 1622 968 1658 bus3
1019 1622 1126 1655 multo
1161 1622 1264 1665 igitur
1302 1624 1432 1656 facilius
1469 1624 1672 1656 mutabimus

884 1668 1087 1701 sententiam
1117 1669 1150 1700 in
1185 1669 1235 1701 his
1261 1670 1380 1706 rebus;
1416 1682 1492 1701 nam
1518 1681 1578 1701 eae
1603 1681 1672 1702 non

887 1715 997 1748 clarae
1015 1722 1103 1753 sunt,
1128 1715 1188 1747 scd
1211 1716 1383 1748 obscurae.
1432 1717 1481 1747 De
1501 1726 1568 1759 quo
1589 1728 1672 1759 par-

885 1761 1008 1793 ticulae
1040 1764 1122 1793 enim
1157 1761 1306 1805 elliptico
1338 1773 1397 1794 usu
1428 1761 1532 1793 modo
1564 1764 1592 1804 ς.
1616 1760 1671 1796 76.

885 1807 1095 1840 mentionem
1117 1807 1268 1839 fecimus.
1318 1808 1367 1839 De
1386 1807 1466 1839 sede
1484 1807 1672 1851 particulae

886 1856 967 1886 enim
994 1865 1024 1884 v.
1049 1864 1149 1896 supra
1175 1852 1299 1884 Adnot.
1323 1853 1356 1885 in
1383 1858 1467 1892 cni,
1489 1856 1520 1886 ὅ.

957 1900 1120 1939 Numquid
1151 1901 1250 1939 i9ilur
1270 1919 1336 1939 —,
1382 1901 1473 1942 quin]
1512 1899 1569 1932 Sic
1603 1899 1672 1932 Cic.

889 1947 1005 1987 Agrar.
1029 1946 1085 1976 111.
1110 1944 1145 1976 l:
1171 1947 1333 1986 Numquid
1354 1953 1404 1978 est
1426 1957 1573 1986 caussae,
1596 1949 1674 1988 quin

887 1990 945 2022 illa
971 1989 1206 2022 criminatione
1230 1998 1376 2023 vestram
1399 1991 1610 2034 diligentiam
1626 2012 1673 2018 —

888 2035 1106 2080 despexerit?
1134 2038 1404 2080 Interrogatione
1426 2038 1568 2077 sublata,
1593 2050 1654 2071 seu

887 2082 995 2115 tentia
1017 2089 1068 2114 est
1089 2082 1190 2115 haec:
1219 2094 1277 2115 cur
1294 2084 1420 2117 amicos
1441 2092 1576 2118 nostros
1599 2096 1671 2117 non

889 2127 1100 2168 deseramus,
1138 2128 1223 2162 nihil
1256 2129 1390 2163 videtur
1423 2143 1557 2163 caussae
1585 2143 1670 2164 esse.

890 2177 972 2215 Quin
994 2174 1141 2218 positum
1166 2182 1236 2214 est,
1272 2176 1348 2219 quia
1366 2176 1401 2209 in
1427 2179 1583 2218 numquid
1606 2188 1670 2209 ne-

888 2221 981 2264 gatio
1005 2221 1108 2253 latet:
1135 2223 1179 2254 Es
1201 2222 1245 2254 ist
1267 2224 1347 2255 doch
1371 2225 1432 2255 wol
1454 2225 1526 2256 hein
1552 2222 1673 2256 Grund

888 2268 931 2300 da
945 2293 953 2305 ‚
979 2266 1055 2300 dass
1076 2268 1135 2300 wir
1157 2280 1276 2301 nnsere
1298 2268 1454 2301 Freunde
1476 2269 1571 2302 nicht
1592 2281 1672 2302 ver-

888 2313 998 2346 lassen
1022 2313 1175 2346 sollten?

969 2363 1089 2393 amicos
1130 2364 1251 2393 nostros
1294 2361 1430 2406 Stoicos]
1480 2361 1672 2394 Stoicorum

889 2405 978 2438 enim
1006 2406 1217 2450 disciplinam
1241 2406 1275 2439 in
1297 2407 1411 2439 multis
1436 2406 1672 2452 philosophiae

889 2451 973 2485 locis
997 2452 1136 2485 mirifice
1158 2452 1368 2497 amplexatus
1390 2462 1441 2486 est
1465 2454 1593 2486 Cicero.
1630 2453 1670 2485 V.

888 2510 973 2542 quae
1003 2498 1146 2531 diximus
1180 2498 1215 2531 in
1247 2498 1272 2532 l.
1304 2499 1337 2532 d.
1371 2502 1410 2532 de
1436 2502 1499 2532 Cic.
1529 2501 1563 2531 in
1591 2499 1672 2539 phil.

887 2555 966 2578 mer.
989 2557 1023 2589 p.
1041 2541 1088 2578 76
1106 2557 1156 2589 sq.
1181 2564 1229 2570 —-

957 2593 1036 2624 Istos
1055 2593 1144 2634 vero]
1182 2591 1227 2623 H.
1249 2603 1279 2623 e.
1315 2598 1367 2623 est
1398 2591 1575 2634 profecte,
1613 2601 1672 2622 cur

888 2635 1095 2669 dimittamus
1117 2637 1272 2677 Stoicosj
1308 2648 1385 2669 nam
1407 2636 1469 2668 sibi
1492 2647 1561 2667 non
1584 2646 1670 2668 con-

887 2689 989 2715 stant.
1051 2686 1128 2716 Vero
1159 2683 1192 2715 h.
1217 2683 1240 2715 l.
1272 2682 1444 2726 propriam
1479 2692 1572 2713 suam
1602 2681 1672 2715 vim

887 2728 1002 2762 habet.
1052 2728 1104 2761 Cf.
1127 2728 1171 2761 ad
1195 2740 1224 2761 c.
1249 2728 1287 2760 ll
1302 2754 1309 2767 ‚
1335 2726 1390 2759 24.

958 2776 1149 2817 suscipiant]
1176 2774 1254 2806 Scil.
1271 2772 1534 2805 defendendum.
1559 2772 1674 2807 Divin.

889 2822 932 2853 ΙΙ.
955 2819 1020 2860 40,
1055 2819 1119 2853 84:
1159 2830 1242 2864 quae
1276 2818 1303 2850 si
1333 2821 1542 2860 suscipimus,
1577 2819 1672 2863 pedis

889 2866 1034 2899 offensio
1055 2865 1152 2899 nobis
1172 2884 1219 2890 —
1238 2871 1273 2896 et
1287 2871 1555 2898 sternutamenta
1572 2872 1672 2899 eruut

889 2912 1110 2945 observanda.
1173 2911 1225 2942 De
1258 2909 1473 2943 coniunctivo
1508 2917 1588 2955 post
1616 2915 1673 2954 qui

886 2958 983 2991 illato
1012 2970 1044 2990 v.
1079 2968 1142 2989 nos
1171 2955 1207 2987 in
1242 2955 1391 2987 Gramm.
1415 2957 1455 2989 L.
1481 2959 1512 3002 §.
1536 2955 1612 2991 146.
1635 2960 1668 3002 e)

886 3002 1016 3048 p.400.
1031 3002 1085 3036 ed.
1098 3000 1132 3035 2.
1190 3000 1292 3043 Quod
1316 3008 1430 3036 autem
1459 3010 1541 3049 post
1568 3007 1671 3039 susci-
