1859 3149
717 56 1127 100 LinEn11.25,61.
1640 52 1722 95 165

111 153 219 193 sem,
269 141 369 182 satis
392 146 500 182 esset
518 138 766 194 argumenti,
813 139 959 180 malum
985 153 1076 182 esse
1100 139 1294 181 dolorem.
1364 138 1565 182 Plurimos
1588 149 1720 183 autem

112 229 241 259 annos
261 216 302 258 in
324 214 567 272 philosophia
595 214 850 270 consumpsi,
886 228 959 256 nec
985 216 1089 256 ferre
1112 229 1298 271 possumz

111 290 281 334 dolor.“
345 290 450 333 Tum
475 288 735 341 Cleanthem,
785 303 903 344 quum
929 289 1027 345 pede
1053 297 1201 331 terram
1223 291 1511 346 percussisset,
1558 305 1720 333 versum

110 380 166 409 ex
196 365 391 424 Epigonis
426 367 559 406 ferunt
589 363 766 405 dixisse:

1347 215 1491 256 malum
1520 222 1582 257 est
1601 215 1720 271 igitur

326 441 502 482 Audis-ne
533 443 648 488 llaec,
684 440 947 492 Ampht'arcii·‘,
980 441 1051 479 sub
1083 448 1223 480 let-ram
1257 442 1414 482 abdite?

110 514 319 559 Zenonem
344 515 618 572 significabat,
661 530 683 554 a
707 529 784 570 quo
810 514 918 555 illum
942 515 1187 570 degenerare
1213 516 1384 557 dolebat.
1449 522 1520 559 61.
1555 518 1611 558 At
1637 531 1715 558 nou

54 598 59 604 '
109 598 251 649 noster
275 589 537 642 Posidonius,
582 604 698 646 quem
723 597 763 631 et
784 589 866 645 ipse
890 603 1008 645 saepe
1033 589 1137 641 vidi,
1174 600 1211 631 et
1237 591 1274 632 id
1297 591 1451 643 dicam,
1486 593 1588 647 quod
1611 593 1716 634 sole-

109 667 178 709 bat
193 680 359 709 narrare
377 665 613 722 Pompeius:
648 678 709 716 se,
744 679 862 721 quum
879 663 1065 706 Rhodum
1084 665 1266 707 venisset
1284 666 1481 708 decedens
1504 681 1553 708 ex
1576 665 1713 724 Syria,

109 742 246 785 audire
268 741 444 784 voluisse
468 739 754 792 Posidonium3
799 741 869 781 sed
907 755 1023 796 quum
1051 741 1251 793 audisset,
1298 756 1385 783 enm
1411 741 1591 797 graviter
1624 756 1714 784 esse

107 831 269 873 aegrum
284 849 296 869 ,
339 816 442 872 quod
464 815 724 858 vehementer
749 816 835 858 eius
855 824 966 858 artus
989 816 1240 868 laborarent,
1285 816 1463 858 voluisse
1489 824 1620 858 tamen
1643 833 1713 859 no-

107 892 342 934 bilissimum
369 891 640 948 philosophum
668 892 827 943 viserc3
875 906 988 947 quem
1025 899 1066 932 ut
1091 892 1258 933 vidisset
1290 881 1330 933 ct
1353 892 1612 934 salutavisset
1643 892 1712 934 1ιο-

107 967 362 1023 norificisque
382 966 517 1009 verbis
541 974 775 1022 prosecutus
797 974 906 1008 esset
927 967 1172 1022 molesteque
1195 981 1238 1008 se
1261 967 1430 1009 dixisset
1448 969 1577 1020 serre,
1611 969 1712 1024 quod

108 1057 198 1085 eum
226 1057 305 1084 non
332 1049 467 1098 posset
493 1043 654 1093 audire,
701 1049 741 1082 at
764 1042 853 1082 ille:
900 1041 965 1083 Tu
993 1056 1114 1093 vcro,
1149 1042 1297 1098 inquit,
1333 1051 1470 1099 potes,
1508 1058 1580 1084 nec
1607 1059 1713 1086 com—

109 1118 285 1168 mittam,
333 1124 374 1158 ut
398 1117 510 1158 dolor
532 1117 712 1172 corporis
737 1117 903 1168 cllioiat,
953 1124 995 1158 ut
1018 1118 1164 1158 frustra
1189 1124 1321 1158 tantus
1345 1118 1408 1158 vir
1433 1119 1480 1159 ad
1506 1133 1566 1160 me
1591 1133 1712 1160 vene-

107 1193 176 1235 rit.
237 1190 378 1248 Itaque
402 1191 614 1243 narrabat,
650 1206 738 1233 eum
760 1192 939 1246 graviter
959 1199 998 1233 et
1017 1193 1177 1248 copiose
1198 1193 1246 1234 de
1269 1193 1341 1234 boc
1363 1193 1472 1249 ipso,
1507 1194 1601 1236 nihil
1621 1208 1712 1236 esse

106 1267 252 1311 bonum
268 1300 279 1320 ,
326 1267 401 1309 nisi
423 1267 525 1323 quod
546 1274 654 1308 esset
675 1266 882 1308 honestum
899 1300 909 1319 ,
951 1267 1160 1308 cubantem
1183 1268 1445 1324 disputavisse
1461 1301 1471 1320 ,
1515 1284 1711 1325 quumque

177 1392 235 1424 sub
252 1394 370 1423 terram
387 1390 506 1432 abdite]
533 1389 626 1422 Haec
646 1389 745 1421 verba
763 1389 894 1432 signili-
929 1397 979 1421 set
1014 1409 1059 1414 —
1086 1390 1241 1433 contagio
1279 1402 1419 1435 seseque
1444 1411 1487 1415 —
1518 1391 1709 1435 seyocavis-

109 1443 188 1470 cant
207 1438 378 1470 Zenonem
394 1436 458 1469 iam
480 1443 648 1469 mortuum
667 1447 750 1468 esse.
776 1436 895 1468 Audis·
930 1443 1016 1468 sent.

108 1495 172 1522 ne,
198 1481 308 1527 inquit
328 1482 527 1521 Cleanthes,
553 1494 573 1515 o
593 1485 701 1521 Zeno,
729 1482 784 1526 qui
807 1494 895 1515 nunc
1001 1484 1152 1515 decedens
1186 1493 1224 1515 ex
1251 1484 1362 1527 Syria]
1401 1495 1501 1528 quam
1537 1483 1714 1528 Pompeius

109 1529 252 1563 versaris
289 1528 379 1572 apud
411 1529 558 1566 inferos,
596 1528 734 1561 mollem
762 1528 893 1572 Βίου)-

109 1575 172 1614 sii,
207 1574 362 1619 discipuli
382 1573 449 1613 tui,
486 1575 701 1607 orationem?
753 1576 816 1607 Pro
838 1577 894 1607 sub

110 1626 230 1656 terram
244 1633 327 1653 unus
342 1620 448 1654 Rehd.
463 1621 597 1654 exhibet
611 1624 668 1654 sub
679 1625 763 1654 terra
777 1628 895 1653 contra

110 1668 297 1712 legitimum
314 1667 481 1700 bonorum
501 1667 704 1711 scriptorum
727 1680 830 1700 usum.
870 1667 894 1699 li

112 1714 201 1748 enim
220 1725 355 1758 semper
373 1713 490 1746 dicunt
510 1716 625 1746 abdere
645 1724 675 1746 se
697 1722 753 1746 aut
772 1715 896 1754 aliquid

88 1785 92 1789 -
109 1762 262 1795 inlocum
285 1766 342 1792 aut
362 1762 418 1792 sub
435 1762 537 1793 locum
549 1786 558 1801 ‚
583 1772 650 1792 non
674 1764 705 1793 in
721 1762 803 1803 (subl
819 1763 894 1793 loco.

110 1806 202 1840 Hinc
219 1806 322 1839 etiam
343 1808 473 1839 domum
495 1818 530 1838 se
551 1806 628 1839 abd.
660 1807 694 1838 C.
711 1807 742 1838 in
759 1807 824 1839 Pis.
838 1807 893 1844 δή

109 1851 166 1888 9⁶2.
201 1855 358 1895 Arpinum
384 1864 419 1884 se
442 1852 520 1885 abd.
557 1852 600 1884 ad
619 1855 691 1885 Att.
710 1853 770 1884 IX.
791 1852 834 1893 o',
865 1852 894 1884 l.

110 1898 218 1932 Recte
251 1901 458 1940 Starenbury.
488 1898 532 1931 ad
566 1911 616 1942 pr.
646 1898 746 1931 Arch.
770 1897 812 1933 o,
844 1899 878 1929 1
873 1900 893 1928 ’.

110 1956 148 1989 p.
165 1943 220 1980 95.
250 1944 286 1979 in
319 1945 536 1985 locutione,
541 1946 666 1984 ‚abdere
699 1955 730 1977 se
763 1945 895 1975 litteris‘

111 1993 223 2024 litteris
244 2002 308 2035 pro
329 1991 445 2023 dativo
477 1990 623 2034 accipit,
659 1997 695 2022 ut
729 1989 772 2021 sit
804 1988 894 2020 idem

110 2036 206 2076 fere,
229 2035 320 2081 quod
342 2040 376 2069 in
397 2039 527 2069 litteras.
577 2036 612 2067 In
639 2034 818 2079 participio
839 2036 896 2066 ab·

111 2084 198 2116 ditus
230 2082 349 2115 eadem
377 2093 404 2114 c.
433 2093 543 2115 accus.
576 2088 690 2113 manet
717 2087 894 2114 structura.

111 2129 250 2161 Lucret.
274 2128 340 2166 lV,
365 2125 450 2160 420:
495 2138 637 2171 corpora
663 2126 815 2160 mirando
839 2129 894 2159 sub

112 2178 214 2207 terras
247 2175 358 2206 abdita
387 2173 500 2214 caelo;
536 2173 673 2206 ablativi
706 2172 896 2217 exemplum

114 2226 167 2252 est
191 2219 259 2253 Cic.
290 2219 333 2252 de
355 2220 424 2254 inv.
448 2221 474 2253 Ι.
497 2220 539 2259 ”Δ,
563 2224 606 2252 ’Δε
642 2219 697 2263 qui
728 2219 896 2264 dispersos

112 2265 266 2299 homines
294 2268 328 2299 in
353 2268 442 2307 agris
469 2272 503 2298 et
534 2268 569 2299 in
595 2268 681 2299 tectis
703 2268 898 2300 silvestribus

114 2314 239 2346 abditos
270 2311 402 2345 ratione
432 2311 575 2357 quadam
600 2313 764 2356 compulit
795 2324 897 2344 unum

113 2357 150 2391 in
167 2358 290 2391 locum.
317 2358 370 2391 cf.
381 2369 442 2392 nos
455 2370 489 2391 ιιι
503 2358 560 2392 Gr.
573 2359 613 2392 L.
630 2361 659 2405 §.
675 2360 749 2394 120.
771 2359 854 2392 Not.
868 2358 896 2392 l.

115 2415 149 2449 p.
163 2404 230 2438 250
244 2416 293 2448 sq.
319 2403 372 2437 ed.
385 2407 419 2438 “Δ.

180 2452 398 2494 significabat]
419 2450 710 2494 Significareidem
723 2458 784 2489 est
807 2450 898 2495 quod

114 2497 341 2576 Ξοειιῑίοιεε
349 2508 450 2542 saepe
472 2498 560 2531 male
583 2499 746 2539 alludere,
769 2500 899 2530 innuere

156 2549 236 2576 cunt

184 2589 389 2634 deyenerare]
409 2590 486 2623 Hoc
497 2590 639 2624 verbum
651 2589 838 2634 significare
851 2589 900 2622 vi-

118 2633 217 2668 detur
233 2637 416 2678 ἀερεηετεπι
433 2647 506 2670 esse.
555 2637 626 2669 Fin.
643 2637 682 2669 Υ.
696 2636 809 2676 5,13:
832 2637 901 2668 ho-

121 2691 195 2713 rum
207 2681 333 2725 posteri
347 2682 502 2716 meliores
513 2683 562 2716 illi
577 2682 712 2727 quidem
724 2703 780 2721 —‚
802 2694 901 2726 quam

119 2725 322 2778 reliquarum
342 2728 538 2774 philosophi
552 2729 814 2773 disciplinarum
841 2728 902 2760 sed

120 2770 168 2804 ita
192 2774 402 2816 degenerant,
442 2783 480 2808 ut
507 2775 570 2820 ipsi
603 2787 643 2808 ex
673 2787 709 2807 se
735 2775 807 2807 nati
829 2787 902 2807 esse

121 2815 308 2852 videantur.
365 2820 512 2866 Philipp.
534 2822 630 2855 xm.
658 2822 688 2864 §-
704 2821 767 2855 30:
805 2820 904 2854 fratri

121 2868 204 2903 tim,
231 2865 288 2908 qui
308 2877 330 2900 a
349 2866 446 2900 nobis
466 2867 551 2900 nihil
575 2862 761 2910 degenerat,
786 2875 904 2901 extor-

122 2906 236 2944 simus.

193 2952 249 2988 61.
282 2966 374 2999 quem
393 2962 421 2991 et
439 2961 508 3000 ipse
527 2969 620 3000 saepe
638 2960 728 3000 vidi,
754 2963 781 2992 et
801 2961 837 2992 id
856 2961 906 2992 di-

125 3001 214 3043 cam}
249 3001 292 3034 V.
314 3001 403 3036 adl.
417 3003 485 3046 30,
508 3005 570 3039 72:
609 3005 794 3049 quibusque
817 3005 907 3038 fuis-

930 1528 1054 1561 dexict
1057 1541 1097 1560 ιιιι
1119 1542 1136 1560 ιι
1154 1541 1188 1561 se
1210 1529 1449 1572 rempublicam
1471 1542 1641 1562 romanam
1660 1530 1713 1562 le-

932 1582 1032 1608 cerat.
1070 1576 1098 1605 V
1101 1575 1233 1607 eibum
1229 1583 1339 1608 autem
1355 1578 1526 1609 decedendi
1541 1576 1712 1625 proprium

931 1629 981 1653 est
1004 1621 1036 1653 in
1060 1621 1123 1653 hac
1147 1620 1708 1666 r0.C‹›r11e1.Nep.Cat.1‚4.

931 1680 969 1700 (x
988 1668 1102 1700 Attica
1117 1670 1268 1701 decedens
1285 1672 1325 1708 ().
1342 1669 1485 1700 Ennium
1502 1680 1562 1712 po
1551 1673 1638 1700 v'tam
1653 1667 1710 1700 de-

932 1715 1082 1746 duxerat.
1143 1715 1178 1745 C.
1210 1714 1292 1746 Phil.
1325 1717 1376 1750 ΙΙ,
1414 1716 1456 1746 ὸς
1501 1715 1711 1747 consulatum

931 1773 1039 1793 ιιινηιιιι
1068 1762 1126 1791 Cn.
1149 1761 1327 1803 Pompeius
1360 1760 1515 1803 probavit
1547 1781 1592 1785 —
1623 1762 1711 1794 dece-

930 1809 1007 1839 dens
1033 1818 1071 1837 vx
1102 1806 1208 1849 Syria.
1270 1807 1309 1838 V.
1337 1808 1436 1838 Kritz.
1470 1806 1514 1838 ad
1538 1806 1616 1839 Sall.
1642 1809 1709 1850 lug.

930 1852 1083 1891 XX,1.
1121 1864 1151 1895 p.
1173 1850 1246 1884 126.
1309 1852 1464 1884 Ceterum
1500 1852 1711 1906 participium

931 1911 1001 1942 pra
1004 1897 1116 1929 sentis
1152 1898 1298 1942 positum
1325 1905 1376 1930 est
1407 1898 1472 1931 hac
1506 1899 1559 1936 xi.
1600 1906 1636 1932 ut
1663 1911 1710 1931 si-

930 1943 1145 1986 gnific:·=retui
1179 1950 1289 1976 totum
1322 1944 1387 1976 iter
1420 1957 1460 1977 ex
1494 1945 1591 1990 Syria
1619 1945 1709 1977 Rho-

931 1990 1010 2022 dum
1036 1990 1173 2023 sactum.
1222 1991 1261 2023 V
1286 1992 1445 2023 Κνίίῑὴιτη
1468 1991 1511 2023 ad
1537 1991 1615 2024 Sall
1642 1993 1711 2036 lug.

930 2037 976 2072 X.
999 2038 1029 2068 ¹3.
1035 2036 1123 2080 qui
1146 2043 1237 2069 iccte
1259 2044 1385 2075 mouet,
1412 2049 1601 2082 quanquam
1623 2038 1711 2071 hunc

933 2082 1101 2126 participii
1133 2083 1322 2135 piaesentis
1360 2095 1453 2116 usum
1490 2084 1569 2116 inde
1603 2093 1712 2116 ortum

931 2140 1003 2162 esse
1026 2129 1141 2172 negari
1166 2141 1232 2162 non
1255 2141 1329 2173 poss
1318 2129 1380 2166 <it
1405 2130 1495 2174 quod
1520 2130 1623 2163 latina
1646 2131 1712 2163 lin-

932 2186 995 2219 gua
1029 2175 1175 2219 ptitecti
1211 2176 1396 2219 participiis
1430 2184 1562 2214 careat,
1602 2185 1687 2209 tamo:
1672 2190 1713 2209 ιιι

933 2233 995 2264 neg
979 2221 1170 2265 eligendum
1203 2234 1270 2254 nou
1305 2234 1396 2262 esse,
1435 2235 1503 2255 non
1535 2223 1634 2267 plane
1666 2224 1710 2254 ita

932 2267 1068 2300 detecu
1063 2280 1106 2300 ιιι
1128 2269 1230 2301 istum
1254 2249 1483 2313 compensari,
1521 2269 1581 2302 sed
1608 2268 1713 2302 ubisis

932 2315 1104 2359 propriam
1125 2315 1171 2347 rei
1189 2314 1337 2347 nondum
1351 2315 1526 2348 absolutae
1539 2316 1713 2348 notionem

933 2360 1091 2399 retineri,
1118 2368 1155 2393 ut
1177 2373 1244 2393 non
1263 2368 1333 2393 tam
1356 2362 1499 2405 perfecti
1519 2370 1576 2394 aut
1599 2362 1710 2405 plpfe-

934 2407 998 2445 cti,
1025 2419 1125 2451 quam
1146 2407 1339 2451 imperfecti
1361 2408 1428 2440 vim
1450 2408 1612 2441 eiusmodi
1633 2419 1711 2450 par—

933 2453 1048 2496 ticipia
1074 2454 1275 2486 sustineant.

1003 2502 1069 2532 eius
1088 2505 1176 2533 artus
1192 2500 1387 2544 laborarent]
1409 2501 1541 2544 Fragm.
1563 2500 1711 2531 Horten-

934 2545 974 2578 sii
1001 2558 1032 2590 p.
1046 2549 1124 2580 41:⁴⁴3.
1151 2546 1204 2580 ed.
1220 2548 1296 2579 Or.:
1335 2546 1412 2578 Vidi
1444 2546 1478 2578 in
1505 2545 1622 2578 dolore
1647 2556 1711 2588 po·

935 2592 1059 2635 dagrae
1081 2592 1132 2624 vel
1149 2593 1297 2625 omnium
1314 2593 1493 2625 maximum
1510 2591 1711 2632 stoicorum,

935 2637 1172 2676 Posidonium,
1199 2639 1305 2671 nihilo
1328 2639 1436 2682 ipsum
1451 2663 1458 2677 ,
1486 2649 1584 2681 quam
1605 2636 1713 2670 Nico—

935 2684 1091 2717 maehum
1109 2684 1269 2730 Tyrium,
1295 2683 1464 2728 hospitem
1483 2694 1609 2722 meum,
1636 2683 1712 2716 for-

935 2731 1070 2764 tiorem.
1750 2731 1751 2734 ’

1005 2777 1128 2821 ltaque]
1165 2789 1227 2821 pro
1262 2780 1290 2808 et
1321 2779 1367 2808 ila
1399 2775 1546 2819 positum
1575 2774 1714 2810 inservit

937 2822 1170 2856 adnectendae
1191 2821 1346 2859 orationi,
1372 2829 1408 2853 ut
1426 2821 1630 2865 respondeat
1646 2835 1710 2856 no-

937 2876 1027 2902 stro:
1055 2871 1123 2902 und
1142 2879 1196 2909 so,
1223 2875 1256 2900 et
1277 2867 1391 2900 italico
1413 2877 1428 2900 e
1448 2869 1524 2901 cosi.
1570 2869 1610 2901 V.
1633 2870 1714 2902 For-

938 2917 1054 2948 cellim'i
1077 2915 1179 2947 Thes.
1195 2913 1306 2946 Latin.
1327 2912 1360 2944 h.
1384 2925 1416 2945 v.
1477 2916 1617 2948 Onellius.
1641 2927 1715 2948 cum

941 2963 1098 2995 Ochsnero
1118 2960 1230 2992 locum
1251 2959 1299 2991 sic
1319 2959 1624 3004 interpungendum
1648 2974 1713 3005 pn-

939 3013 1011 3040 tat:
1037 3009 1166 3047 ltaque,
1185 3008 1362 3046 narrabat,
1384 3016 1456 3039 eum
1477 3014 1557 3040 cett.
