1843 3101
588 535 650 578 M.
688 536 924 580 TULLII

956 537 1326 586 CICERONIS

300 580 303 585 1
317 628 364 684 Τ
375 628 940 689 USCULANARUM
981 634 1610 696 DISPUTATIONUM

932 776 989 798 Al)

791 847 1120 883 M.BRUTUM

672 928 1231 972 LsssssstTERTIUS

270 1094 304 1136 1.

155 1177 306 1212 stemus
329 1184 382 1211 ex
405 1171 536 1211 animo
558 1179 597 1212 et
620 1187 808 1228 corpore,
845 1189 924 1229 eoi-1

153 1245 230 1287 sila
263 1246 316 1286 sit
352 1260 417 1286 ars
452 1246 614 1301 eiusque
649 1248 794 1288 utililas
830 1249 926 1289 deor

354 1102 393 1136 1.
429 1096 625 1150 Quidnam
651 1111 766 1149 esse,
815 1097 960 1151 Brute,
995 1115 1160 1143 caussae
1183 1110 1339 1157 putem,
1373 1119 1467 1157 cur,
1502 1119 1619 1161 quum
1648 1120 1743 1147 con—

928 1175 1020 1216 ›oris
1042 1177 1200 1218 curandi
1226 1179 1436 1234 tuendique
1458 1174 1600 1221 causs‘a
1622 1195 1741 1236 quac-

931 1264 991 1290 um
1028 1250 1304 1293 immortalium
1341 1253 1561 1296 inventioni
1597 1269 1738 1297 conse-

153 1327 288 1371 cratas,
333 1320 451 1360 animi
476 1327 605 1360 autem
630 1322 823 1363 medicina
857 1338 930 1364 nec
967 1332 1043 1365 tam
1068 1326 1290 1368 desiderata
1321 1328 1397 1380 sit,
1443 1335 1652 1384 antequam
1679 1330 1739 1371 in-

150 1402 294 1446 venta,
329 1408 401 1435 nec
427 1401 502 1434 tam
527 1395 652 1446 culta,
687 1405 925 1452 posteaquam

928 1414 938 1438 ι
963 1399 1121 1454 cognita
1146 1409 1229 1452 cst,
1267 1415 1339 1443 nec
1367 1410 1442 1443 tam
1467 1404 1598 1445 multis
1623 1412 1738 1460 grata

151 1475 191 1510 et
206 1468 385 1524 probata,
417 1469 591 1524 pluribus
609 1471 725 1511 eliam
743 1480 926 1528 suspecta
943 1480 981 1513 et
997 1474 1153 1515 invisa?
1210 1475 1293 1528 An,
1328 1478 1429 1532 quod
1448 1479 1624 1534 corporis
1645 1494 1735 1535 gra-

220 1564 342 1597 cml.
369 1567 398 1598 1.
429 1568 585 1609 quaesita]
626 1568 702 1599 Non
736 1567 824 1600 idern
860 1575 920 1608 est,

147 1610 240 1654 quod
260 1622 400 1654 sequens
422 1615 569 1649 inventa:
605 1612 686 1644 illud
707 1614 794 1646 enim
815 1614 918 1658 signi-

148 1657 238 1695 licat,
261 1657 408 1700 corporis
424 1658 608 1690 medicinae
630 1659 857 1692 inventionem
878 1661 919 1693 ab

146 1702 318 1735 homiuum
337 1703 548 1735 multitudine
562 1704 783 1737 desideratam
806 1706 918 1746 fuisse,

145 1748 212 1780 hoc
236 1755 352 1781 contra
372 1749 509 1787 indicat,
536 1750 634 1782 animi
658 1751 841 1784 medicinae
864 1752 918 1784 in-

144 1794 349 1830 ventionem.
370 1795 410 1826 ab
427 1795 596 1827 homiuum
617 1797 830 1830 multitudine
851 1810 917 1830 non

143 1840 230 1873 adeo
261 1840 502 1880 desideratam,
540 1854 558 1873 a
585 1842 793 1886 philosophis
823 1855 918 1876 com—

143 1886 344 1918 municatum
371 1887 482 1919 fuisse.

211 1934 336 1973 eiusque
358 1936 478 1965 utililas
499 1935 592 1976 cete]
620 1935 814 1967 Sententia:
857 1938 918 1967 Ars

143 1977 273 2009 medica
292 1985 419 2010 tantam
439 1979 625 2011 existimata
644 1988 693 2012 est
711 1981 833 2013 habere
855 1981 918 2013 uti-

140 2022 271 2055 litatem
286 2049 293 2062 ‚
320 2030 356 2055 ut
376 2024 444 2055 eius
466 2025 616 2058 inventio
638 2038 705 2058 non
731 2027 918 2059 hominibus

143 2068 407 2105 adscriberetur,
439 2070 500 2101 sed
524 2071 603 2113 ipsis
626 2072 687 2104 diis
714 2073 916 2105 immortali-

141 2114 212 2147 bus.
251 2116 450 2155 Consecrata,
469 2115 490 2146 i.
503 2128 530 2147 e.
550 2116 611 2148 diis
630 2117 798 2161 adscripta
818 2119 915 2151 ideo-

142 2171 208 2203 que
225 2171 317 2192 sacra
335 2159 457 2193 habita.
492 2162 555 2193 Pro
575 2163 608 2194 P.
624 2164 738 2195 Sextio
761 2166 916 2205 LXVIII,

144 2204 229 2240 143:
253 2205 340 2237 hanc
354 2206 545 2248 opinionem
568 2216 625 2250 χες.
641 2208 913 2253 immortalitatis)

141 2251 169 2285 si
191 2251 225 2283 in
256 2251 313 2283 illo
347 2252 556 2284 sanctissimo
582 2255 724 2287 Hercule
754 2267 915 2288 consecra-

140 2301 207 2331 tam
231 2296 401 2335 videmus,
441 2298 529 2330 cuius
561 2311 702 2342 corpore
728 2302 913 2343 combusto,

139 2343 244 2377 vitam
268 2343 336 2375 eius
360 2349 394 2375 et
413 2343 571 2375 virtutem
596 2345 828 2379 immortalitas
853 2360 914 2380 ex—

140 2389 267 2432 cepisse
299 2388 440 2426 dicium
479 2389 532 2420 nbi
560 2392 748 2424 Martlziaeus
780 2405 812 2435 p.
831 2394 910 2426 1133:

138 2438 353 2468 consecratam
374 2435 518 2466 Hercule
537 2435 626 2472 iuter
647 2436 727 2469 deos
750 2439 856 2470 relato
880 2446 913 2471 et

140 2487 338 2514 consecrato
358 2480 537 2519 sancitam,
574 2488 611 2512 ut
633 2482 673 2513 ab
697 2494 734 2514 ea
755 2483 912 2516 recedere

137 2527 235 2559 nefas
269 2526 323 2559 sit.
380 2529 516 2559 Deorum
547 2529 772 2560 immortalium
806 2532 912 2562 inven-

138 2575 216 2605 tioni
247 2572 380 2615 grav-ius
411 2572 536 2604 dictum
566 2579 615 2604 est
639 2584 720 2616 pro:
759 2573 821 2605 diis
845 2575 909 2606 im-

136 2618 333 2650 mortalibus
353 2621 573 2651 inventoribus.
608 2618 661 2650 Ad
681 2618 836 2651 adiectivi
857 2627 913 2652 at-

137 2663 291 2696 tributivi
318 2664 383 2696 vim
415 2664 540 2696 maiore
561 2664 592 2696 vi
616 2664 819 2696 efferendam
840 2666 912 2697 Ro-

137 2709 228 2741 mani
241 2721 340 2752 saepe
355 2721 417 2753 pro
433 2709 600 2742 adiectivo
612 2717 744 2753 ponunt
759 2711 911 2743 substan-

136 2754 243 2787 tivum
285 2755 380 2799 eique
423 2756 563 2788 alterum
599 2756 840 2789 substantivum
875 2756 909 2788 in

136 2798 283 2842 genitibo
303 2801 442 2834 addunt.
492 2803 608 2846 Inepte
629 2802 729 2845 vulgo
752 2802 835 2834 haec
855 2801 910 2834 di-

139 2846 236 2877 cendi
255 2847 358 2890 figura
376 2845 412 2881 ἓν
428 2845 486 2882 διὰ
504 2850 594 2882 δυοῖν
609 2848 785 2881 vocitatur.
819 2848 910 2880 Infra

137 2890 172 2930 5,
196 2891 255 2923 11:
279 2895 480 2926 ‘mediocritas
498 2895 673 2935 officiorum
693 2905 755 2937 pro
776 2893 911 2926 medio-—

139 2934 247 2967 eribus
277 2937 419 2977 officiis;
452 2939 500 2971 sic
522 2951 621 2983 saepe
646 2942 807 2982 opinionis·
825 2949 912 2972 error

139 2990 202 3023 pro
227 2980 311 3014 falsa
334 2983 512 3027 opinione3
545 2985 634 3018 infra
657 2986 698 3025 2,
722 2983 763 3019 4:
798 2997 910 3018 cursus

1554 1575 1574 1585 t-

957 1582 1067 1610 error,
1100 1572 1363 1615 falsehei-Weg.
1400 1575 1440 1606 V.
1463 1574 1527 1614 27,
1560 1577 1616 1610 183
1652 1588 1731 1619 pra-

957 1617 1067 1649 vitatis
1102 1630 1242 1650 errores.
1293 1619 1502 1652 Adscribitnr
1537 1629 1648 1654 autern
1681 1634 1734 1655 ars

956 1662 1083 1695 medica
1118 1665 1293 1708 praecipue
1328 1666 1476 1709 Apollini
1501 1667 1637 1712 eiusque
1661 1668 1732 1701 filio

956 1709 1164 1753 Aesculapio.

1023 1759 1088 1787 tam
1112 1756 1306 1800 desiderata]
1343 1757 1491 1789 Attende
1514 1757 1557 1790 ad
1580 1758 1730 1802 exquisi-

952 1799 1072 1832 tiorem
1088 1800 1362 1843 significationem
1380 1803 1561 1846 particulae
1580 1808 1646 1837 tam
1669 1817 1730 1848 pro

953 1848 1042 1878 odeo.
1085 1847 1136 1878 Cf.
1158 1847 1230 1879 Fiu.
1251 1849 1276 1886 1,
1301 1848 1329 1880 1.
1353 1860 1402 1892 pr.
1452 1849 1595 1888 Quidam
1617 1857 1729 1884 antem

954 1903 1021 1923 non
1046 1891 1080 1923 id
1103 1897 1169 1925 tam
1202 1893 1471 1937 reprehendunt,
1504 1895 1532 1927 si
1560 1896 1728 1929 remissius

952 1945 1081 1979 agatur.

1022 1986 1081 2024 An,
1103 1986 1200 2027 quod]
1227 1985 1399 2018 Sententia
1418 1984 1513 2018 huius
1534 1986 1618 2019 loci:
1641 1987 1727 2020 Ani-

951 2029 995 2061 mi
1017 2029 1182 2062 medicina
1195 2029 1321 2063 idcirco
1337 2031 1379 2064 ab
1392 2031 1581 2065 hominibus
1600 2033 1726 2077 negligi

952 2075 1103 2113 videtur,
1139 2076 1230 2119 qnod
1252 2077 1400 2117 animus,
1436 2077 1491 2121 qui
1509 2078 1611 2111 habet
1631 2079 1724 2111 iudi-

953 2121 1051 2152 candi
1084 2121 1298 2161 facultatem,
1341 2122 1383 2155 de
1417 2124 1567 2167 corporis
1600 2125 1725 2157 morbis

952 2167 1096 2204 indicat,
1122 2175 1237 2200 contra
1258 2180 1390 2213 corpus,
1415 2170 1505 2214 quod
1519 2170 1643 2203 nullam
1661 2171 1724 2203 ha-

953 2213 1008 2244 bet
1031 2213 1197 2245 iudicandi
1215 2214 1422 2259 facultatem,
1447 2215 1489 2248 de
1510 2217 1611 2249 animi
1629 2228 1726 2250 mor—
1745 2237 1749 2247 Α

952 2258 1000 2289 bis
1034 2258 1181 2291 indicare
1216 2271 1283 2292 non
1317 2267 1443 2304 potest.
1498 2262 1589 2305 Ergo
1623 2273 1725 2307 quum

951 2315 1070 2347 corpus
1103 2312 1274 2347 aegrotat,
1311 2306 1380 2338 eius
1412 2307 1567 2340 morbum
1593 2319 1722 2351 cogno-

949 2361 1042 2381 scere
1073 2356 1106 2381 et
1136 2350 1280 2382 iudicare
1311 2359 1426 2395 potest
1448 2353 1575 2386 animus
1604 2366 1722 2397 sunus3

951 2402 1066 2427 contra
1085 2408 1184 2439 quum
1201 2396 1328 2428 animus
1342 2404 1506 2440 aegrotat,
1524 2399 1558 2431 h.
1572 2411 1600 2432 e.
1619 2411 1720 2444 quum

948 2441 1074 2472 animus
1108 2449 1246 2474 vexatur
1275 2443 1601 2485 perturbationibus,
1636 2456 1721 2488 quae

948 2493 1023 2518 sunt
1041 2487 1147 2518 morbi
1162 2489 1358 2528 animorum,
1379 2488 1421 2520 de
1434 2500 1495 2521 suo
1509 2489 1582 2533 ipse
1600 2490 1720 2523 morbo

948 2532 1048 2564 debet
1067 2532 1233 2569 iudicare;
1260 2539 1296 2565 at
1317 2545 1416 2577 quum
1435 2534 1561 2566 animus
1580 2547 1649 2567 non
1669 2542 1720 2568 est

948 2589 1066 2619 sanus,
1091 2578 1146 2617 fit,
1181 2585 1217 2610 ut
1238 2578 1280 2610 de
1303 2591 1339 2611 se
1361 2579 1432 2623 ipse
1456 2586 1549 2612 recte
1570 2580 1717 2613 iudicare

948 2634 1015 2654 non
1042 2623 1161 2666 possit.
1186 2643 1232 2648 -—
1277 2629 1325 2657 An
1355 2626 1440 2666 quod
1461 2625 1495 2657 h.
1515 2636 1543 2657 e.
1568 2637 1610 2658 an
1633 2626 1717 2660 haec

948 2679 1059 2700 caussa
1081 2675 1142 2708 est,
1167 2669 1268 2712 quod.
1301 2670 1355 2702 Sic
1375 2682 1475 2714 saepe
1498 2670 1645 2715 elliptice
1665 2672 1716 2706 dr,

946 2723 1007 2753 an,
1031 2725 1148 2755 quum5
1183 2725 1247 2755 an,
1277 2717 1383 2756 quod‚·
1415 2719 1540 2758 ulrum,
1564 2720 1648 2759 quod
1669 2738 1715 2743 —

945 2769 987 2790 an
1009 2761 1115 2800 quod3
1147 2770 1210 2800 an,
1231 2763 1318 2801 quia.
1366 2761 1420 2794 Cs.
1451 2762 1540 2794 infra
1566 2775 1593 2795 c.
1615 2765 1655 2803 2,
1680 2761 1713 2797 4.

947 2803 1102 2836 Ceterum
1138 2805 1228 2848 quod
1261 2808 1436 2840 Ochsnerus
1474 2807 1517 2840 ad
1546 2808 1617 2841 Ecl.
1644 2809 1712 2842 Cic.

944 2861 978 2893 p.
993 2848 1050 2883 92.
1073 2857 1107 2882 et
1130 2851 1205 2883 102.
1225 2851 1363 2893 statuit,
1387 2863 1430 2885 an
1450 2853 1484 2886 h.
1501 2853 1524 2886 l.
1543 2853 1633 2887 idem
1650 2867 1712 2888 va-

944 2895 1033 2935 lere,
1067 2895 1157 2940 quod
1179 2907 1284 2930 annon
1305 2897 1360 2930 vel
1378 2909 1498 2941 nonne,
1521 2899 1611 2933 haud
1632 2900 1714 2934 satis

946 2940 1094 2984 cogitate
1115 2941 1218 2982 secit;
1242 2954 1319 2975 nam
1342 2954 1385 2977 an
1408 2956 1469 2988 per
1490 2957 1527 2978 se
1545 2957 1714 2990 nunquam

944 2986 1032 3020 hanc
1057 2987 1181 3021 habere
1213 2994 1328 3032 potest
1358 2989 1437 3023 vim.
1484 2991 1552 3025 Res
1580 2990 1630 3025 sic
1660 2997 1712 3025 est
