1859 3149
544 88 713 121 maen
740 89 798 123 iv.
826 88 889 130 18,
913 89 969 124 41.
995 91 1052 126 42.
1078 90 1140 135 19,
1164 94 1222 128 43.
1606 90 1690 136 ‘243

190 164 358 210 XVIII.
392 173 464 210 41.
507 165 588 222 Qui
613 169 771 211 modum
797 171 919 226 igitur
944 172 1042 214 vitio
1073 174 1254 230 quaerit,
1290 177 1475 220 similiter
1496 180 1611 233 facit,
1646 190 1688 225 ut

78 240 114 283 si
135 255 255 298 posse
280 250 392 300 putet
413 256 529 295 eum,
576 244 640 300 qui
674 259 717 287 se
740 260 762 287 e
787 244 968 290 Leucata
1003 251 1350 307 praecipitaverit,
1396 254 1598 298 sustinere
1622 271 1683 310 se,

75 330 195 373 quum
218 317 330 360 velit.
404 316 459 361 Ut
484 318 587 360 enim
613 319 650 361 id
679 335 757 362 non
783 329 937 378 potest,
986 325 1043 366 sic
1067 326 1224 370 animus
1247 329 1502 386 perturbatus
1527 338 1568 373 et
1585 331 1685 375 inci-

72 397 180 435 tatus
202 406 277 435 nec
301 393 491 437 cohibere
514 408 559 436 se
588 402 742 452 potest,
791 412 890 449 nec,
926 414 1002 455 quo
1025 400 1113 443 loco
1143 404 1249 455 vult,
1298 405 1511 459 insistere,
1557 409 1684 450 omni—

72 481 226 524 noque,
274 483 376 524 quae
403 471 628 512 crescentia
653 472 878 528 perniciosa
902 483 1020 527 sunt,
1067 478 1205 519 eadem
1233 487 1326 521 sunt
1346 481 1490 523 vitiosa
1516 497 1683 526 nascen-

71 541 144 584 tia.
206 548 278 586 42.
320 544 546 601 Aegritudo
577 553 707 589 autem
749 556 990 607 ceteraeque
1026 553 1370 608 perturbationes,
1420 558 1682 614 amplificatae

70 624 207 670 certe,
242 619 459 675 pestiferae
486 628 603 674 sunt;
637 622 758 679 igitur
781 625 897 667 etiam
928 636 1140 684 susceptae
1162 630 1350 672 continuo
1377 632 1416 672 in
1447 647 1590 689 magna
1615 649 1681 692 pe-

69 692 143 735 stis
164 701 274 750 parte
297 703 528 738 versantur.
591 696 753 740 Etenim
777 700 886 757 ipsae
910 717 954 744 se
978 703 1208 760 impellunt,
1244 705 1310 747 ubi
1333 707 1458 749 semel
1480 723 1503 749 a
1524 710 1680 754 ratione

68 767 289 811 discessum
324 778 410 823 est,
458 772 622 829 ipsaque
658 774 732 816 sibi
759 775 1012 819 imbecillitas
1039 780 1216 835 indulget
1246 782 1286 823 in
1312 782 1513 840 altumque
1538 800 1681 841 prove-

68 842 178 886 hitur
214 844 470 902 imprudens,
520 862 595 890 nec
629 851 779 905 reperit
811 851 940 894 locum
979 855 1242 897 consistendi.
1317 855 1588 912 Quamobrem
1624 863 1683 903 ni-

68 917 122 960 hit
143 918 337 974 interest,
378 930 509 965 utrum
539 925 763 968 moderatas
789 929 1110 984 perturbationes
1136 932 1378 988 approbent,
1423 949 1473 975 an
1500 937 1681 979 modera-

68 999 149 1036 tam
180 995 443 1050 iniustitiam,
487 1000 729 1042 moderatam
771 1003 970 1059 ignaviam
989 1038 999 1055 ,
1047 1007 1287 1049 moderatam
1314 1009 1677 1067 intemperantiam.

67 1067 146 1125 Qui
173 1071 277 1112 enim
306 1072 415 1114 vitiis
447 1075 603 1116 modum
634 1079 820 1134 apponit,
868 1081 901 1122 is
922 1089 1072 1137 partem
1101 1083 1266 1139 suscipit
1293 1084 1497 1127 vitiorum.
1563 1086 1681 1142 Quod

65 1159 184 1200 quum
220 1146 348 1203 ipsum
384 1163 456 1205 per
492 1164 536 1191 se
562 1152 741 1194 odiosum
781 1162 866 1206 est,
916 1163 995 1197 tum
1029 1170 1077 1197 eo
1102 1158 1334 1211 molestius,
1383 1161 1473 1216 quia
1513 1170 1606 1205 sunt
1639 1165 1677 1207 in

63 1220 218 1262 lubrico
255 1223 495 1280 incitataque
532 1228 658 1269 semel
694 1230 858 1284 proclivi
892 1231 1079 1273 labuntur
1115 1234 1384 1290 sustinerique
1417 1237 1524 1279 nullo
1562 1240 1679 1282 modo

64 1303 248 1353 possunt.

178 1371 306 1416 XIX.
342 1379 412 1416 45.
458 1374 593 1431 Quid?
634 1379 736 1434 quod
761 1379 903 1421 iidem¹
933 1379 1188 1439 Peripatetici
1215 1387 1536 1442 perturbationes
1559 1390 1672 1442 istas,

62 1461 161 1504 quas
183 1463 257 1490 nos
281 1450 560 1507 exstirpandas
583 1461 788 1509 putamus,
825 1471 902 1497 non
931 1458 1046 1499 modo
1071 1462 1276 1503 naturales
1299 1476 1390 1505 esse
1412 1464 1571 1518 dicunt,
1606 1468 1676 1509 sed

7 1560 14 1570 ,
62 1523 183 1566 etiam
209 1524 361 1567 utiliter
381 1540 404 1567 a
431 1533 573 1569 natura
599 1529 734 1571 datas:
771 1547 936 1587 quorum
965 1541 1026 1575 est
1054 1535 1141 1576 talis
1168 1537 1313 1579 oratio.
1378 1537 1554 1582 Primum
1578 1543 1674 1584 mul-

131 1647 165 1678 in
177 1656 241 1687 qua
257 1647 385 1690 operae]
412 1647 443 1679 in
463 1659 527 1693 qua
546 1650 756 1693 aegritudine
775 1652 851 1696 pel-

62 1689 163 1724 lenda
185 1704 203 1724 a
225 1693 454 1737 Peripateticis
472 1703 535 1728 etc.
583 1698 752 1730 Ernestius
774 1711 850 1733 cum

64 1737 291 1782 compluribus
323 1739 403 1772 edd.
427 1748 510 1774 vett.
533 1749 568 1775 et
592 1744 691 1777 codd.
718 1745 848 1778 edidit:

61 1785 96 1817 in
116 1794 200 1826 quo:
225 1791 260 1817 ut
283 1784 366 1818 haec
387 1786 431 1818 sit
451 1789 642 1822 sententia:
671 1791 847 1836 Peripate-

60 1829 149 1862 ticos
168 1830 201 1863 in
222 1830 280 1864 illo
301 1832 404 1865 modo
425 1835 643 1878 aegritudinis
664 1839 847 1871 statuendo

63 1886 187 1921 operae
211 1877 389 1921 plurimum
416 1891 554 1923 ponere.

130 1925 229 1965 Aegre
262 1927 384 1968 tulisse]
430 1931 691 1970 Argumentatnr
729 1930 847 1963 Cicero

59 1967 128 2002 hoc
150 1969 222 2002 fere
243 1970 366 2004 modo:
405 1971 493 2012 Fac,
521 1974 707 2018 Rupilium.
745 1988 845 2020 quum

60 2013 130 2047 eius
153 2015 259 2048 frater
281 2017 449 2060 repulsam
469 2019 612 2057 tulisset,
639 2022 846 2056 moderatius

60 2071 97 2093 se
116 2061 278 2105 gessisse,
305 2062 426 2096 eodem
448 2072 559 2098 autern
586 2073 741 2112 tempore
764 2070 844 2101 alias

60 2106 288 2149 calamitates,
326 2115 363 2141 ut
395 2117 539 2144 mortem
575 2112 758 2147 liberorum
797 2116 845 2149 illi

27 2191 37 2198 ⁹
60 2153 266 2193 accessisse3
309 2166 422 2188 nonne
463 2158 680 2202 aegritudinis
722 2173 843 2205 magna

59 2197 153 2231 facta
174 2207 263 2232 esset
284 2201 462 2235 accessio?
491 2204 635 2238 Ubinam
658 2218 738 2251 ergo
763 2209 844 2242 fuis-

59 2251 113 2277 set
136 2245 254 2278 modns
281 2254 338 2280 aut
364 2249 556 2283 terminus?
586 2253 708 2286 Nonne
725 2253 758 2287 in
774 2267 844 2288 ma-

58 2290 133 2324 iore
152 2291 343 2326 calamitate
367 2294 469 2328 etiam
489 2297 646 2340 graviore
669 2312 745 2333 eum
768 2313 844 2345 pre-

59 2337 105 2369 mi
133 2349 270 2372 uecesse
295 2347 365 2373 erat
389 2342 629 2386 aegritudine?
668 2347 756 2391 Ergo
780 2348 843 2380 ub-

58 2382 197 2417 surdum
219 2391 290 2426 est,
314 2387 452 2422 modum
474 2389 509 2422 in
533 2392 843 2434 perturbationibus

59 2430 267 2464 constituere
292 2433 392 2466 velle.
439 2437 583 2470 Neidius.
634 2440 683 2471 De
717 2440 842 2484 duplici

52 2475 231 2522 genitivo,
265 2479 321 2511 uni
347 2480 475 2514 nomini
500 2482 636 2523 iuncto,
662 2487 774 2526 fratris
795 2498 843 2520 re-

14 2562 17 2566 ,
54 2523 185 2562 pulsam
207 2527 410 2568 commotus,
435 2527 501 2561 iam
524 2540 624 2574 supra
651 2531 696 2563 ad
721 2533 759 2563 ΙΙ.
790 2533 841 2571 15,

57 2567 114 2601 ὃὸ.
134 2569 288 2604 diximus.
326 2572 456 2606 Deinde
476 2576 720 2610 attendendum
741 2578 843 2611 etiam

59 2611 105 2645 ad
127 2616 306 2650 verborum
333 2618 615 2660 collocationem,
649 2623 693 2656 de
718 2635 783 2668 qua
808 2637 840 2658 v.

57 2657 102 2691 ad
124 2671 151 2693 c.
177 2662 237 2702 13,
257 2664 319 2697 31:
347 2668 448 2698 animi
470 2669 645 2702 multarum
668 2681 775 2704 rerum
799 2692 840 2696 -

55 2710 299 2745 percursionem.
344 2713 492 2746 Goerenz.
525 2713 569 2746 ad
596 2716 666 2748 Fin⁴
703 2718 759 2748 ΙΠ.
790 2718 842 2757 15,

59 2749 116 2782 51.
139 2763 248 2798 comp.
273 2755 360 2788 Rull.
386 2758 409 2789 I.
434 2762 469 2798 1,
499 2760 541 2793 ὃς
578 2768 615 2793 tu
646 2766 758 2804 populi
780 2766 841 2797 Ro-

58 2799 149 2847 mum‘
177 2802 320 2834 subsidia
344 2805 439 2846 belli,
473 2811 510 2838 tu
532 2813 720 2841 ornamenta
747 2813 840 2851 pacis

60 2841 211 2884 eripias?
235 2847 389 2882 Tettium
409 2850 641 2886 collocationis
662 2866 768 2898 genus
789 2863 839 2888 est

955 1657 1036 1696 serre
1061 1658 1180 1690 debuit*
1220 1660 1268 1691 De
1289 1659 1475 1694 indicativo
1498 1674 1528 1694 v.
1553 1662 1673 1697 Adno-

886 1707 957 1734 tata
983 1702 1016 1734 in
1043 1704 1068 1735 1.
1096 1707 1160 1742 49,
1189 1705 1260 1738 116.

956 1761 1019 1793 Sed
1040 1771 1077 1793 ea
1099 1764 1253 1805 modica]
1294 1764 1386 1797 Haec
1417 1765 1519 1799 verba
1554 1767 1673 1802 Cicero

885 1805 955 1849 ipse
982 1807 1042 1838 sibi
1068 1808 1195 1839 obiicit.

955 1864 1035 1895 CAP.
1053 1865 1179 1897 xviii.
1217 1864 1271 1899 41.
1307 1870 1451 1901 similiter
1473 1872 1550 1911 facit
1574 1875 1608 1904 ut
1628 1872 1671 1918 si]

886 1910 934 1941 De
963 1913 1108 1943 simililer
1144 1915 1176 1944 ut
1210 1915 1237 1944 si
1270 1913 1314 1945 cs.
1338 1913 1380 1946 de
1401 1918 1535 1949 Senect.
1553 1917 1585 1957 6,
1610 1919 1670 1954 17:

882 1958 1067 2001 similesque
1083 1964 1171 1994 sunt.
1197 1962 1230 1990 ut
1242 1962 1269 1991 si
1283 1960 1337 2004 qui
1350 1961 1614 2003 gubernatorem
1626 1984 1671 1990 —

884 2002 964 2033 nihil
990 2015 1090 2046 agere
1114 2003 1239 2038 dicant.
1290 2006 1346 2039 Sic
1377 2010 1496 2042 similes
1527 2014 1601 2043 sunt
1626 2030 1671 2038 —-

881 2052 1036 2090 tanquam
1068 2053 1095 2082 si
1120 2050 1172 2083 vel
1197 2062 1235 2084 ac
1257 2054 1296 2085 si.
1344 2054 1385 2087 V.
1414 2056 1592 2090 Gernhard.
1626 2058 1671 2091 ad

882 2093 924 2126 de
948 2097 1027 2127 Seu.
1050 2096 1070 2128 l.
1089 2095 1122 2128 d.
1148 2109 1180 2141 p.
1196 2099 1238 2131 :55
1253 2110 1304 2143 sq.

950 2157 982 2185 ut
1005 2156 1088 2186 enim
1111 2156 1144 2186 id
1167 2165 1228 2188 non
1250 2159 1364 2199 potest}
1396 2159 1438 2190 H.
1455 2171 1484 2191 e.
1505 2162 1576 2202 fieri
1599 2172 1668 2195 non

880 2206 1005 2243 potest.
1056 2201 1096 2232 V.
1122 2201 1208 2234 Adn.
1237 2203 1270 2235 in
1298 2205 1324 2236 I.
1354 2205 1413 2243 11,
1440 2206 1495 2240 23.

949 2261 1004 2296 42.
1029 2266 1127 2305 i9ilur
1145 2264 1256 2309 etiam]
1285 2267 1334 2298 De
1356 2268 1584 2305 collocatione
1604 2283 1667 2305 vo-

881 2307 926 2341 cis
952 2312 1050 2350 i9itur
1073 2322 1103 2342 v.
1131 2310 1175 2343 ad
1200 2312 1224 2343 Ι.
1251 2312 1296 2352 6,
1323 2313 1375 2347 11.
1439 2340 1447 2348 .

945 2369 978 2399 in
992 2378 1113 2409 magna
1132 2372 1229 2410 pestis
1241 2375 1332 2411 parte
1345 2374 1526 2419 versantur]
1548 2375 1665 2420 Comp.

879 2413 938 2444 ῘΠ.
957 2416 999 2451 Z,
1026 2416 1067 2446 55:
1104 2415 1138 2447 iu
1168 2427 1298 2449 summa
1330 2417 1495 2453 inanitate
1529 2422 1663 2454 versari.

881 2459 979 2492 Catil.
1013 2461 1068 2493 lV.
1095 2458 1137 2501 4,
1174 2462 1215 2497 7:
1255 2463 1289 2496 in
1324 2476 1452 2498 summa
1482 2468 1663 2500 severitate

880 2505 1016 2538 versari.

948 2566 1033 2597 viliis
1053 2566 1184 2598 modum
1207 2567 1353 2612 apponit]
1382 2571 1513 2602 modum
1533 2573 1664 2611 apponit

877 2615 1038 2654 tanquam
1061 2611 1246 2651 custodem,
1273 2613 1323 2645 uti
1344 2621 1434 2647 recte
1453 2615 1662 2659 interpreta-

877 2662 932 2688 tur
953 2658 1109 2698 KlotziuS,
1134 2669 1243 2701 comp.
1268 2659 1334 2691 Cic.
1355 2659 1460 2692 divin.
1483 2661 1516 2693 in
1541 2662 1660 2695 Caecil-

882 2700 942 2740 16,
963 2704 1026 2736 51:
1066 2704 1263 2743 custodem,
1299 2705 1424 2749 inquit,
1461 2707 1574 2740 Tullio
1605 2720 1661 2742 me

877 2749 1050 2792 apponite.
1070 2750 1146 2782 Liv.
1170 2751 1211 2789 ΙΙ,
1231 2751 1286 2783 13:
1314 2751 1511 2785 moderator
1529 2760 1564 2786 et
1583 2766 1658 2788 ma-

877 2794 982 2838 gister
1008 2796 1197 2829 consulibus
1220 2796 1407 2839 appositus.

942 2861 1092 2901 proclivi}
1121 2857 1185 2890 Alii
1202 2857 1387 2892 deteriores
1412 2842 1511 2895 cedd.
1533 2862 1660 2899 habent

56 2884 114 2925 id,
153 2899 220 2932 quo
245 2903 368 2927 nomen
405 2908 525 2940 regens
559 2899 703 2943 primum
728 2901 839 2935 locum
869 2906 1030 2944 proclive‚·
1054 2904 1215 2937 lectiones
1241 2907 1273 2937 in
1295 2908 1456 2949 proclive,
1489 2918 1506 2941 e
1525 2914 1661 2951 proclivi

59 2940 222 2977 occupat,
247 2943 286 2970 ut
305 2939 417 2983 Ligar.
438 2943 489 2983 V,
514 2945 573 2977 12:
608 2948 719 2979 studia
739 2947 837 2980 deni·
872 2957 951 2982 sunt
973 2951 1188 2994 glossemata.
1224 2950 1299 2983 Fin.
1323 2952 1362 2985 V.
1387 2952 1453 2995 25,
1478 2955 1545 2989 ως
1574 2967 1657 2999 pro-

56 2987 123 3023 que
143 2983 268 3021 seueris
286 2995 328 3018 ac
348 2987 494 3027 familiae
514 2994 637 3026 vestrae
656 2995 791 3027 eiramis.

872 2997 948 3029 clivi
971 2996 1075 3030 currit
1099 2996 1221 3030 oratio.

1234 3054 1327 3096 16*
