1859 3117
1608 47 1659 90 61

77 141 369 184 immortalitate
394 140 614 182 animorum
645 139 803 180 tacitam
835 140 1032 191 iudicare,
1067 139 1169 196 quod
1197 137 1379 180 omnibus
1409 151 1528 180 curae
1553 146 1662 192 sunt,

78 223 120 258 et
138 216 334 266 maximae
360 214 512 270 quidem
527 246 538 266 ,
587 228 687 269 quae
711 221 799 269 post
823 222 989 255 mortem
1011 216 1140 256 futura
1161 214 1255 255 siut.
1317 211 1438 255 Serit
1462 213 1665 266 arbores,

78 304 191 347 quae
209 291 343 332 alteri
357 290 502 331 seculo
516 280 709 344 prosint,
735 295 778 329 ut
797 288 852 329 ait
876 288 916 329 in
942 287 1205 345 Synephebis,
1241 288 1330 343 qnid
1353 295 1554 344 spectans,
1589 289 1666 330 nisi

671 59 842 93 LIBER
865 61 893 93 Ι.
920 60 983 102 14,
1007 59 1062 95 32.

77 365 198 406 etiam
225 371 382 421 postera
416 364 552 405 secula
587 364 634 405 ad
664 377 708 405 se
738 363 964 418 pertinere?
1022 363 1132 419 Ergo
1165 364 1328 405 arbores
1359 370 1467 404 seret
1497 363 1664 419 diligens

82 438 281 494 agricola,
314 453 477 494 quarum
511 438 701 494 adspiciet
728 438 862 479 bacam
891 438 976 494 ipse
1009 453 1231 493 nunquam:
1264 439 1327 480 vir
1350 452 1516 493 magnus
1538 438 1664 494 leges,

79 513 286 566 instituta,
317 528 400 555 rem
422 513 614 568 publicam
639 527 717 554 non
742 513 876 554 seret?
936 510 1040 566 Quid
1066 513 1288 567 procreatio
1311 513 1540 564 liberorum,
1575 513 1666 568 quid

81 588 309 644 propagatio
337 588 532 641 nominis,
565 587 653 643 quid
684 587 956 644 adoptationes
991 587 1185 639 liliorum,
1221 588 1309 642 quid
1341 595 1668 629 testamentorum

81 662 308 719 diligentia,
353 664 444 718 quid
479 663 566 719 ipsa
603 663 874 718 sepulcrorum
910 669 1186 714 monumenta,
1233 662 1322 716 quid
1359 663 1488 717 elogia
1519 662 1669 717 signifi-

993 743 1063 779 52.
1100 735 1204 791 Quid
1228 736 1350 777 illud?
1380 751 1470 777 num
1496 737 1666 789 dubitas,

82 812 176 867 quin
205 812 406 868 specimen
437 820 603 854 naturae
636 813 721 869 capi
747 813 886 853 deceat
924 825 977 853 ex
1006 811 1151 867 optima
1175 825 1328 865 quaque
1355 812 1526 852 natura?
1568 826 1669 866 quae

83 743 198 790 cant,
231 737 307 779 nisi
330 752 402 779 nos
433 739 564 780 futura
588 739 705 780 etiam
731 737 935 793 cogitare?

84 893 146 927 est
172 886 313 928 melior
341 887 462 941 igitur
498 887 538 928 in
567 888 766 929 hominum
790 900 938 942 genere
962 893 1126 938 natura,
1172 899 1287 940 quam
1320 899 1480 936 eorum,
1523 886 1587 940 qui
1624 900 1669 927 se

85 967 202 1002 natos
241 962 290 1002 ad
325 961 505 1003 homines
544 962 764 1014 iuvandos,
809 961 1018 1013 tutandos,
1057 960 1354 1001 conservandos
1396 960 1672 1001 arbitrantur?

88 1057 147 1090 tic.
169 1058 258 1096 XII,
283 1057 340 1092 28.
375 1068 548 1092 maerorem
568 1058 693 1099 minui,
726 1061 864 1091 dolorem

89 1115 153 1136 nec
175 1104 293 1148 potui,
322 1116 406 1145 nec,
431 1105 460 1136 si
481 1116 633 1148 possem,
659 1105 792 1136 vellem.

155 1152 246 1182 nulla
262 1153 382 1182 ratione
402 1152 552 1191 nullaque
571 1151 728 1193 doctrina]
756 1152 862 1193 Saepe

90 1197 174 1228 ratio
197 1202 231 1228 et
255 1197 400 1228 doctrina
420 1196 620 1238 iunguntur,
658 1203 693 1227 ut
716 1199 797 1227 ratio
819 1196 864 1227 sit

89 1247 181 1273 recta
201 1240 271 1281 via,
297 1253 395 1284 quam
417 1241 450 1273 in
473 1241 638 1272 discendis
662 1241 786 1272 artibus
808 1242 863 1272 in-

88 1285 251 1326 sistimus,
277 1288 420 1319 doctrina
439 1294 549 1318 autem
571 1286 700 1318 dicatur
723 1287 780 1318 illa
802 1298 861 1319 co-

88 1331 216 1376 gnitio,
242 1343 340 1377 quarn
364 1331 523 1364 discendo
551 1332 760 1376 acquirimus.
808 1333 865 1365 Sic

86 1377 175 1410 infra
195 1379 251 1410 Ill.
272 1379 310 1418 l,
337 1376 369 1409 2.
394 1377 437 1410 de
461 1378 556 1411 Osfic.
579 1380 600 1410 l.
619 1378 674 1418 26,
696 1379 750 1411 90.
809 1379 864 1411 Sic

87 1435 206 1467 graece
221 1421 321 1467 λόγος
339 1423 397 1458 καὶ
409 1423 556 1458 παιδεία.
589 1424 749 1456 Similiter
763 1436 863 1468 supra

91 1481 119 1502 c.
137 1472 151 1502 l
166 1494 175 1509 ,
202 1469 231 1502 1.
249 1472 332 1502 ratio
353 1473 380 1502 et
399 1471 588 1510 disciplina:
613 1470 667 1502 ubi
688 1482 718 1500 v.
737 1470 862 1503 Adnot.

88 1516 184 1548 Loco
207 1521 324 1547 nostro
349 1515 528 1547 consimilis
552 1523 602 1547 est
627 1516 662 1547 C.
687 1515 729 1547 de
752 1516 861 1550 Divin.

88 1562 171 1600 112,
196 1558 235 1593 4:
262 1572 362 1604 quum
385 1561 513 1593 duobus
534 1561 642 1594 modis
661 1562 773 1601 animi,
798 1565 863 1594 sine

89 1608 210 1639 ratione
228 1610 256 1638 et
275 1609 416 1646 scientia,
440 1614 534 1638 motu
554 1607 618 1651 ipsi
640 1619 700 1639 suo
714 1633 722 1648 ,
749 1607 862 1641 soluto

90 1658 126 1684 et
142 1651 250 1684 libero
271 1651 500 1685 incitarentur.

94 1734 100 1739 ¹
160 1697 238 1730 CAP.
255 1698 348 1731 XIV.
381 1699 435 1731 31.
468 1700 612 1742 tacitam]
638 1699 778 1731 Gravius
800 1711 862 1743 pro

87 1746 180 1776 tacite
200 1743 336 1776 dictum.
375 1743 426 1775 Cf.
446 1746 584 1778 Kiihner.
607 1746 646 1777 L.
662 1746 719 1777 Gr.
740 1746 769 1789 ς.
787 1744 861 1786 109,

90 1790 123 1823 5.
146 1800 181 1833 p.
200 1788 262 1824 176
282 1801 333 1833 sq.
359 1789 411 1823 ed.
424 1790 456 1822 2.

158 1837 301 1867 omnibus
322 1846 416 1868 curae
439 1840 531 1877 sunt,
568 1841 596 1868 et
613 1839 774 1870 maximae
796 1839 865 1878 qui-

93 1879 180 1924 dem]
205 1881 270 1914 Alii
288 1881 374 1913 male
388 1881 505 1924 legunt
523 1885 674 1922 maxime,
694 1883 784 1926 quod
801 1882 865 1914 ad—

90 1932 241 1958 versatur
262 1927 494 1959 consuetudini
516 1928 700 1965 Ciceronis,
721 1929 775 1971 qui
796 1939 864 1959 non

94 1971 194 2005 dicit:
221 1972 346 2016 aliquid
368 1972 450 2004 mihi
473 1973 582 2014 valde,
607 1973 722 2015 magis,
746 1973 864 2009 minus,

92 2017 252 2056 maxime,
278 2017 412 2050 minime
433 2029 529 2049 curae
553 2025 614 2056 est,
637 2019 714 2049 sed:
741 2018 866 2061 aliquid

93 2062 175 2095 mihi
195 2074 355 2105 magnae.
380 2062 498 2094 maiori
518 2064 611 2105 (etc.)
639 2075 735 2096 curae
760 2071 819 2096 est.

161 2112 196 2140 αι
221 2111 268 2140 ait
289 2111 321 2140 in
342 2110 545 2152 Synephebis]
573 2108 706 2142 Scilicet
729 2110 863 2141 Statius.

95 2153 149 2185 Cf.
163 2153 205 2184 N.
222 2154 263 2185 D.
278 2155 301 2185 Ι.
316 2152 348 2192 6,
376 2155 436 2186 15:
463 2155 578 2197 ltaque,
598 2154 678 2186 mihi
699 2155 792 2187 lubet
805 2167 863 2187 ex-

95 2198 249 2238 clamare,
269 2198 349 2230 utin
364 2199 570 2242 Synephebis
583 2213 589 2233 :
608 2201 673 2233 Pro
688 2200 786 2233 deum
801 2209 864 2233 etc.

95 2246 269 2285 Synephebi
302 2244 477 2277 comoedia
506 2252 577 2277 erat
610 2247 805 2289 Menandri,
845 2260 865 2279 a

94 2289 238 2322 Caecilio
261 2289 370 2322 Statio
390 2290 425 2322 in
449 2290 588 2323 latinam
608 2291 755 2336 linguam
781 2305 862 2325 con-

91 2347 198 2368 versa.

160 2384 242 2423 1e9es
263 2400 309 2407 —-
329 2383 421 2425 seret]
466 2384 614 2415 Venusta
648 2384 864 2428 metaphora!

91 2427 236 2470 Legg.I.
251 2426 282 2467 6,
306 2428 370 2460 20:
395 2431 518 2461 serendi
538 2429 637 2461 etiam
658 2442 778 2468 mort-3³,
804 2443 866 2463 nec

91 2472 223 2516 scriptis
238 2472 349 2505 omnia
360 2474 550 2507 sancienda.
593 2475 753 2508 Similiter
770 2488 865 2518 grae-

93 2529 151 2550 ce:
176 2518 412 2551 Plat.Phaedr.
427 2531 461 2563 p.
476 2520 554 2554 276.
580 2521 630 2553 E.-
658 2517 737 2556 ὅταν
759 2534 865 2560 τις-

91 2561 224 2616 <pyren-q
257 2575 296 2598 τε
327 2563 390 2599 καὶ
415 2565 536 2610 σπείρῃ
573 2563 646 2610 μετ’
671 2565 866 2612 ἐπιστήμης

91 2609 223 2654 λογους.

161 2656 277 2698 eloyia]
314 2657 428 2697 Eloyia
455 2663 552 2689 erant
573 2665 866 2692 monumentorum

90 2698 344 2744 inscriptiones,
367 2701 403 2734 in
427 2703 544 2746 quibus
569 2711 777 2737 mortuorum
799 2716 863 2737 no-

91 2745 180 2779 mina
193 2771 202 2786 ,
237 2746 384 2780 honores
418 2755 452 2780 et
483 2760 535 2781 res
567 2756 681 2792 gestae
717 2751 865 2784 breviter

94 2791 286 2834 consignata
307 2799 414 2825 erant.
459 2794 656 2833 Fin.11.35‚
683 2796 767 2830 116:
794 2808 864 2829 non

93 2837 194 2877 elogia
212 2845 502 2872 monumentorum
523 2840 559 2873 id
577 2840 775 2884 significant,
799 2854 864 2875 ve·-

93 2877 146 2912 lut
164 2880 230 2914 hoc
247 2881 290 2915 ad
305 2891 456 2927 portam:
486 2887 551 2919 Uno
570 2897 622 2919 ore
639 2889 690 2919 cui
705 2889 864 2927 plurimae

90 2929 281 2960 consentiunt
297 2934 412 2971 gentes,
432 2934 543 2972 populi
554 2935 745 2972 primarium
766 2935 863 2974 fuisse

93 2971 209 3004 virum.
231 2970 274 3005 de
283 2974 361 3007 Seu.
375 2976 428 3017 17,
451 2975 508 3010 61.
532 2977 750 3011 Recentiores
761 2990 862 3023 saepe

896 1058 962 1090 hoc
981 1057 1144 1090 vocabulo
1165 1069 1341 1102 perperam
1361 1063 1498 1090 utuntur
1518 1070 1580 1102 pro
1594 1058 1669 1090 lan«

897 1104 1043 1136 datione.

965 1151 1020 1182 ὀὶ.
1065 1160 1141 1181 num
1156 1149 1296 1193 dubitas]
1320 1149 1513 1182 Sententiae
1533 1150 1581 1182 sic
1599 1150 1672 1182 fere

899 1195 1099 1227 cohaerent:
1139 1195 1297 1227 Omnibus
1329 1196 1517 1227 hominibus
1540 1197 1672 1228 innatas

898 1252 969 1272 esse
993 1241 1150 1272 maximas
1185 1253 1278 1272 curas
1302 1254 1438 1281 eorum,
1475 1254 1558 1285 quae
1594 1250 1672 1285 post

898 1294 1041 1318 mortem
1063 1288 1175 1318 futura
1195 1287 1261 1317 sint
1276 1313 1282 1322 ,
1309 1299 1409 1330 quum
1430 1288 1493 1318 alia
1516 1288 1672 1330 probant,

900 1344 918 1364 e
939 1332 1055 1376 quibus
1091 1344 1151 1364 nos
1176 1332 1286 1363 futura
1310 1333 1411 1364 etium
1437 1333 1583 1376 cogitare
1607 1346 1674 1377 ap-

898 1385 1013 1420 paret,
1047 1385 1115 1409 tum
1140 1377 1282 1409 maxime
1305 1378 1346 1415 ii,
1374 1379 1429 1422 qui
1454 1391 1488 1410 se
1510 1386 1606 1411 natos
1629 1379 1673 1412 ad

898 1423 1062 1455 iuvandos
1088 1424 1239 1455 homines
1265 1424 1479 1456 arbitrantur.

964 1472 1119 1509 specimen
1131 1472 1279 1511 ηαῖυγαεῇ
1306 1471 1500 1514 Exemplum
1517 1471 1672 1514 (Muster)

899 1515 1054 1558 cuiusque
1088 1515 1135 1547 rei
1167 1516 1240 1558 capi
1277 1515 1378 1548 (lebet
1411 1529 1450 1548 ex
1482 1516 1541 1557 iis,
1590 1529 1675 1561 quae

899 1561 1025 1604 optima
1045 1568 1122 1592 sunt
1143 1561 1175 1593 iu
1196 1574 1325 1605 quaque
1346 1574 1394 1594 re.
1443 1565 1480 1594 ln
1501 1563 1674 1595 hominum

899 1614 1010 1639 autem
1039 1618 1161 1650 genere
1195 1608 1358 1640 humanae
1388 1615 1526 1640 naturae
1557 1620 1674 1640 exem-

898 1654 989 1696 plum
1012 1661 1153 1695 apparet
1174 1654 1316 1685 maxime
1334 1654 1367 1685 in
1384 1653 1435 1692 iis,
1458 1654 1512 1697 qui
1533 1654 1675 1687 aliorum

900 1699 1084 1732 commodis
1116 1699 1268 1731 iuvandis
1302 1700 1405 1731 vitam
1435 1712 1527 1732 suum
1554 1712 1676 1732 conse-

901 1752 1004 1778 crant.
1052 1744 1077 1776 Ii
1103 1756 1182 1776 vero
1208 1757 1275 1776 non
1297 1757 1429 1787 semper
1449 1745 1481 1777 in
1506 1745 1675 1778 laboribus

900 1799 933 1822 et
954 1790 1108 1834 periculis
1130 1790 1292 1827 viverent,
1318 1790 1378 1821 nisi
1397 1791 1429 1822 in
1451 1803 1566 1823 eorum
1580 1803 1675 1824 men-

899 1837 988 1868 tibus
1004 1836 1156 1867 haereret
1173 1846 1247 1877 spes
1264 1835 1538 1868 immortalitatis.
1586 1839 1674 1881 Ergo

900 1894 940 1914 ex
963 1881 1088 1924 optima
1111 1880 1281 1912 hominum
1303 1889 1419 1913 natura
1445 1883 1608 1926 optimum
1632 1884 1675 1915 (le

898 1927 1084 1959 animorum
1106 1926 1358 1959 immortalitate
1382 1928 1458 1960 duci
1482 1936 1595 1972 potest
1617 1942 1676 1962 ar-

898 1980 1103 2017 gumentum.

969 2021 1040 2059 capi
1056 2020 1178 2060 deceat]
1202 2021 1314 2052 Decere
1332 2032 1399 2052 non
1417 2032 1479 2063 pro
1499 2023 1607 2055 debere
1627 2021 1677 2054 di-

901 2063 1006 2101 citur,
1042 2063 1102 2095 sed
1128 2063 1170 2095 de
1192 2076 1229 2096 re
1256 2077 1402 2109 congrua
1429 2074 1462 2098 et
1484 2075 1582 2111 apta,
1619 2075 1677 2100 aut

900 2121 984 2153 quae
1007 2110 1104 2142 bonis
1129 2111 1276 2142 moribus
1302 2112 1497 2152 conveniat,
1537 2120 1571 2145 et
1602 2114 1675 2157 ipsa

898 2156 987 2188 bona
1005 2156 1059 2187 sit.
1110 2155 1191 2187 Cum
1214 2157 1322 2188 verbis
1344 2160 1431 2198 licet,
1456 2161 1560 2200 decet,
1584 2171 1677 2201 opor-

899 2206 939 2234 tet
959 2201 1141 2233 infinitivus
1163 2202 1284 2245 passivi
1306 2203 1472 2247 iungitur,
1498 2217 1598 2248 quum
1618 2218 1677 2238 re·-

900 2248 1007 2279 fertur
1025 2247 1068 2279 ad
1086 2259 1157 2279 rem
1177 2248 1328 2280 omnibus
1348 2262 1567 2289 communem,
1589 2252 1676 2284 acti—

900 2293 933 2324 vi
958 2300 1095 2332 contra,
1119 2305 1220 2337 quum
1240 2294 1386 2327 refertur
1406 2296 1448 2328 ad
1470 2308 1545 2328 eum
1566 2297 1676 2330 solum

898 2339 1088 2378 hominem,
1130 2339 1172 2371 de
1207 2351 1272 2383 quo
1306 2353 1416 2374 sermo
1450 2343 1502 2373 sit.
1569 2346 1675 2386 Supra

902 2397 929 2416 c.
948 2385 998 2423 12,
1021 2385 1083 2419 27:
1108 2385 1249 2429 intelligi
1272 2386 1362 2420 licet.
1410 2388 1503 2419 Infra
1520 2390 1561 2419 II.
1576 2388 1607 2426 3,
1631 2391 1673 2421 ὃς

899 2430 935 2462 id
960 2431 1187 2464 commendari
1219 2432 1366 2464 omnium
1387 2434 1593 2465 eruditorum
1622 2433 1676 2465 le—

901 2476 1003 2508 ctioni
1027 2477 1155 2509 decere.

967 2533 1048 2563 quae
1081 2527 1124 2555 est
1156 2525 1264 2555 melior
1293 2526 1404 2566 i9itur]
1446 2524 1487 2555 de
1512 2523 1621 2555 Divin.
1646 2525 1673 2556 I.

902 2567 962 2605 15,
998 2569 1061 2600 26:
1097 2568 1159 2600 Ille
1191 2569 1272 2601 mihi
1302 2570 1434 2601 videtur
1466 2572 1563 2610 igitur
1594 2582 1673 2601 vere

900 2613 1062 2656 angurari.
1110 2614 1148 2646 lb
1165 2615 1206 2647 II.
1221 2615 1252 2654 3,
1275 2617 1313 2649 ὅτ
1336 2614 1512 2646 dicendum
1529 2621 1579 2646 est
1592 2615 1675 2648 mihi

899 2661 997 2700 i9ilur
1011 2658 1054 2691 ad
1073 2671 1121 2691 ea.
1156 2661 1198 2692 V.
1212 2660 1266 2698 23,
1282 2660 1341 2693 67;
1367 2660 1433 2691 eius
1451 2659 1539 2692 bono
1555 2660 1674 2693 fruen-

899 2704 978 2736 dum
998 2712 1049 2736 est
1065 2708 1171 2747 iyilur.
1217 2706 1268 2737 Cf.
1282 2705 1369 2736 infra
1384 2706 1424 2735 ll.
1439 2704 1470 2743 5,
1497 2706 1556 2737 12:
1582 2718 1675 2739 non—

899 2762 941 2781 ne
963 2751 1146 2783 verendum
1168 2758 1217 2782 est
1237 2753 1334 2791 i9ilur
1356 2749 1459 2792 (quod
1480 2756 1608 2784 veteres
1623 2753 1672 2786 sic

898 2796 1178 2840 pronuntiabant:
1202 2806 1313 2827 nonne
1328 2794 1541 2828 verendumst
1556 2800 1674 2840 iyitur;

899 2852 978 2885 ergo
991 2841 1091 2874 tertio
1104 2842 1206 2882 loeo).
1231 2841 1269 2871 V.
1283 2851 1343 2871 nos
1356 2840 1390 2871 in
1404 2841 1461 2873 Gr.
1474 2842 1512 2874 L.
1526 2843 1555 2886 ᾗ.
1572 2844 1673 2878 13ξέ.

898 2888 980 2919 Not.
995 2885 1027 2921 4.
1050 2899 1085 2931 p.
1099 2888 1166 2920 350
1182 2897 1230 2929 sq.
1249 2884 1301 2916 ed.
1316 2885 1348 2917 2.
1396 2886 1470 2919 Alia
1503 2895 1555 2921 est
1584 2890 1672 2923 ratio

897 2934 922 2965 Ι.
938 2930 1002 2972 34,
1027 2932 1084 2966 82.
1133 2930 1187 2963 Sic
1207 2932 1309 2971 enim,
1331 2935 1436 2964 autem
1456 2941 1574 2976 quarto
1592 2935 1672 2968 loco

895 2977 1064 3021 leguntur.
1111 2976 1152 3009 V.
1177 2974 1350 3010 Adnotata
1371 2976 1408 3010 in
1430 2979 1487 3015 IV.
1503 2979 1570 3024 38,
1592 2980 1649 3016 83.
