1859 3133
1637 40 1695 84 69

91 147 163 186 42.
195 138 308 183 luam
326 151 425 182 vero
443 135 619 178 funditus
635 132 842 175 eiiciamus
862 132 1153 175 individuorum
1176 145 1385 188 corporum
1408 131 1554 173 levium
1573 138 1612 172 et
1629 147 1692 173 ro-

89 216 303 260 tundorum
319 210 622 256 concursionem
646 208 871 250 fortuitam:
906 222 1019 264 quam
1045 216 1179 250 tamen
1193 206 1447 249 Democritus
1469 207 1693 248 concalefa-

90 299 196 335 ctam
229 297 271 334 et
305 286 560 346 spirabilem,
603 285 643 327 id
682 291 745 326 est
774 283 1012 335 animalem,
1058 298 1149 326 esse
1184 283 1284 326 vult.

90 381 202 420 mus,
234 365 323 422 qui,
357 363 392 406 si
417 369 480 405 est
498 362 637 403 horum
661 366 849 416 quattuor
865 372 1074 414 generum,
1108 373 1162 401 ex
1185 359 1326 415 quibus
1352 358 1486 400 omnia
1506 365 1692 399 constare

606 51 774 86 mex-:n
800 52 826 84 1.
855 49 998 93 18,42.
1026 48 1088 93 19,
1114 49 1172 85 43.

1360 281 1402 325 Is
1441 288 1572 323 autem
1607 282 1692 322 ani-

90 443 300 494 dicuntur,
342 454 398 482 ex
424 438 665 481 inflammata
695 434 826 476 anima
855 442 1037 487 constat,
1081 442 1124 476 ut
1147 435 1394 491 potissimum
1421 433 1548 476 videri
1576 433 1693 474 video

88 517 312 569 Panaetio,
346 515 554 573 superiora
580 518 767 569 capessat
797 523 964 552 necesse
992 517 1069 551 est.
1140 509 1253 551 Nihil
1282 510 1386 551 enim
1419 509 1567 551 habent
1595 508 1693 549 baec

89 594 168 637 duo
188 606 340 650 genera
362 590 475 648 proni
497 596 539 631 et
558 601 703 645 supera
726 600 885 643 semper
905 592 1058 642 petunt.
1121 583 1184 626 lta
1205 585 1291 626 sive
1313 585 1569 641 dissipantur,
1603 598 1694 640 pro-

89 670 154 712 cul
176 683 201 712 a
224 668 344 711 terris
364 667 403 708 id
431 665 591 716 evenit3
636 663 723 705 sive
754 668 990 719 permanent
1009 668 1050 703 et
1074 667 1318 702 conservant
1351 660 1525 701 habitum
1559 674 1691 710 suum,

89 745 166 788 hoe
188 744 306 787 etiam
332 741 459 798 magis
486 752 654 782 necesse
688 745 752 780 est
781 738 962 778 serantur
994 737 1044 777 ad
1066 736 1216 778 caeluni
1233 768 1244 787 ,

87 827 206 879 patui·
228 826 270 862 et
290 817 490 860 dividatur
518 828 680 858 crassus
704 813 767 856 hic
789 820 829 854 et
851 818 1063 854 concretus
1090 817 1185 864 at‘r,
1220 811 1284 867 qui
1309 817 1372 852 est
1396 817 1526 852 terrae
1557 810 1692 865 proxi-

1289 742 1330 776 et
1363 734 1411 776 ab
1442 735 1491 776 iis
1516 749 1694 790 perrum-

87 910 192 940 mus.
255 892 435 938 Calidior
466 900 530 935 est
560 890 666 933 enim
696 889 761 931 vel
791 888 921 945 potius
949 888 1155 930 ardentior
1180 886 1360 938 animus,
1396 900 1512 942 quam
1542 893 1604 926 est
1634 885 1695 926 hic

88 978 184 1025 ae'r,
227 983 344 1028 quem
378 968 496 1011 modo
530 966 614 1009 dixi
647 977 825 1021 crassum
857 971 975 1019 atque
1003 970 1257 1005 concretum:
1300 962 1405 1018 quod
1440 976 1495 1003 ex
1522 975 1571 1002 eo
1601 961 1695 1002 seiri

88 1054 244 1104 potest,
277 1045 367 1102 quia
393 1057 564 1100 corpora
595 1049 756 1093 nostra,
800 1047 962 1081 terreno
994 1039 1277 1096 principiorum
1311 1051 1462 1094 genere
1493 1037 1692 1090 confecta,

89 1123 234 1166 ardore
265 1120 386 1163 animi
417 1118 716 1161 concalescunt.

202 1193 330 1240 XJX.
379 1200 451 1238 45.
484 1193 681 1244 Accedit,
715 1198 759 1233 ut
782 1205 831 1232 eo
858 1191 1012 1233 facilius
1038 1191 1194 1232 animus
1223 1189 1370 1232 evadat
1401 1203 1455 1230 cx
1483 1189 1558 1230 hoe
1582 1194 1693 1241 aifre,

89 1287 205 1332 quem
239 1284 360 1329 saepe
387 1270 464 1312 iam
492 1268 673 1326 appello,

715 1281 884 1323 eumque
916 1272 1168 1323 perrumpat,
1204 1265 1308 1320 quod
1342 1264 1439 1305 nihil
1470 1270 1533 1305 est
1563 1264 1696 1304 animo

87 1348 293 1401 velocius,
325 1346 433 1390 nulla
457 1351 519 1387 est
540 1344 743 1396 celeritas,
777 1356 877 1400 quae
900 1342 1026 1399 possit
1047 1356 1135 1382 cum
1155 1340 1276 1382 animi
1298 1339 1504 1381 celeritate
1531 1346 1696 1380 conten-

88 1426 202 1468 dere.

90 1522 152 1559 καὶ
174 1519 296 1563 ὁποῖα,
330 1519 392 1555 καὶ
413 1517 490 1558 τοὺς
515 1530 615 1573 ορους
636 1517 703 1552 τῶι
729 1519 762 1552 δ.
753 1528 878 1560 oto-72-

91 1568 210 1614 μάτων
231 1548 296 1603 xus
308 1565 352 1602 τὰ
371 1566 411 1601 ἐκ
429 1563 557 1600 τούτων
578 1561 646 1600 ὅσα
669 1575 879 1606 συσήματα

93 1618 272 1673 spuriorum
291 1623 439 1648 sonorum
457 1612 707 1653 compositiones)
730 1622 769 1654 γ
756 1610 812 1654 γε
797 1621 877 1660 μεν

92 1675 117 1698 α
138 1659 337 1700 κατιδόντες
358 1660 389 1694 οἱ
409 1655 560 1701 πρόσξεν
582 1657 774 1713 impiosque
793 1662 860 1699 ημ,
862 1669 876 1689 ι

90 1712 164 1748 τοῖς
179 1707 353 1751 ἐτομένοις
367 1705 507 1744 ἐκείνοις
521 1706 636 1739 καλεῖν
653 1699 741 1738 αὐτοὶ
766 1700 878 1747 ἁρμο-

91 1755 167 1795 νίας
182 1753 406 1799 (humanius).

161 1803 238 1834 haec
261 1802 415 1841 magistro
437 1797 601 1842 concedat]
638 1797 681 1830 11.
706 1807 734 1829 e.
760 1794 875 1839 philo-

92 1847 258 1900 sophiam
270 1844 445 1880 Aristoteli
467 1844 656 1888 relinquat,
692 1842 765 1886 ipse
794 1853 876 1873 vero

94 1894 160 1928 arti
175 1893 320 1927 musicae
341 1903 480 1937 operam
501 1891 560 1923 det
580 1901 686 1934 eaque
703 1888 788 1921 alios
811 1888 878 1920 iui-

92 1940 186 1974 buat.

162 1989 267 2028 Quam
281 1987 412 2028 quisque
424 1984 522 2025 norit]
548 1983 608 2014 Est
622 1981 776 2013 trimeter
790 1978 808 2010 i
803 1990 876 2011 un-

95 2032 202 2066 bieifs.
259 2031 393 2064 Eadem
407 2028 574 2062 sementi-1
595 2038 714 2071 graece
737 2036 876 2082 expres-

94 2091 152 2112 sa.
172 2075 302 2118 ”Ερδοι
319 2088 372 2115 τις
389 2071 432 2119 ἦν
452 2074 597 2113 ἕκαστος
617 2073 687 2108 εἰδε
674 2072 726 2114 ιίη
747 2072 879 2116 τέχνην

96 2124 270 2168 Aristoph.
295 2123 397 2166 vesp.
423 2120 519 2154 1432.
556 2118 669 2164 (1431.
704 2118 862 2151 Dindorf.
866 2119 876 2161 )

164 2168 221 2204 42.
258 2167 390 2212 levium]
416 2168 458 2199 V.
482 2165 526 2198 ad
550 2178 578 2198 e.
596 2165 657 2203 11,
682 2164 739 2198 22.

163 2217 411 2256 ooncalefaclam
422 2217 451 2246 et
460 2211 658 2256 spirabilem]
677 2212 721 2244 H.
734 2223 762 2244 e.
775 2209 880 2255 igneis

42 2264 43 2268 ’
99 2269 136 2298 et
158 2261 254 2295 aeriis
272 2260 424 2305 partibus
447 2265 669 2292 constantem.

165 2311 204 2342 Is
220 2312 327 2341 aulem
349 2307 491 2349 artimus]
528 2304 698 2349 Expositis
723 2303 880 2348 philoso—

121 2356 243 2389 horum
271 2353 314 2386 de
347 2353 534 2387 animorum
562 2358 682 2384 natura
706 2349 881 2402 opinioni-

97 2368 181 2441 ξυε,
217 2400 337 2434 Cicero
366 2411 461 2433 snam
492 2399 566 2444 ipse
590 2397 794 2430 sententiam
819 2408 880 2428 ex-

97 2459 254 2500 promere
271 2446 478 2500 aggreditur.
513 2444 682 2478 Particula
699 2448 806 2476 aulem
824 2443 879 2474 in·-

99 2493 204 2528 servit
224 2492 436 2532 tmnsitioni,
461 2498 496 2524 et
517 2503 619 2544 saepe
642 2490 712 2529 ita,
738 2496 776 2521 ut
800 2501 879 2521 seu-

99 2539 283 2574 tentiarum
305 2545 501 2572 contextum
523 2537 748 2581 interruptum
779 2547 882 2579 repe-

100 2593 165 2620 tat.
221 2588 263 2621 V.
282 2588 445 2620 Bremium
469 2584 513 2617 ad
539 2585 641 2616 Corn.
667 2583 755 2627 Nep.
780 2581 881 2614 Dion.

102 2634 174 2676 111,
197 2633 229 2666 5.
251 2633 382 2676 p.155.
444 2633 585 2664 Kfihner.
607 2630 647 2662 L.
671 2630 730 2662 Gr.
755 2626 881 2671 §.1312

101 2678 138 2712 2
159 2677 250 2723 4)p.
267 2675 336 2713 343
354 2689 427 2722 sqq.
454 2677 507 2710 ed.
527 2677 561 2710 2.
613 2675 666 2708 Cf.
692 2673 819 2707 Adnot.
841 2672 885 2705 ad

105 2723 213 2768 o.2l,
236 2722 295 2759 49.
341 2724 398 2757 Sic
418 2735 468 2767 gr.
495 2722 552 2758 δέ.

173 2781 214 2804 ez·
254 2772 457 2813 inflammata
499 2769 625 2810 anima]
683 2765 887 2809 Intelligitur

106 2815 241 2860 meum
258 2827 361 2859 πυροε
364 2815 435 2855 ιδές
456 2827 475 2849 e
494 2814 686 2848 Stoicorum
706 2812 885 2845 sententia.

176 2863 238 2903 lta,
256 2864 322 2896 sive
335 2861 547 2906 dissipantur]
573 2862 811 2903 Exspectamus
823 2860 888 2891 sive

108 2907 303 2949 dissipatur,
336 2908 413 2951 quia
431 2906 620 2940 antecedit:
647 2909 674 2938 is
692 2910 798 2938 autem
817 2906 888 2937 ani-

110 2960 194 3003 πωρ-
239 2957 270 2985 A
298 2953 458 2997 singulari
484 2963 646 2992 nurnero,
683 2951 739 2995 qui
772 2961 888 2983 omnes

115 2995 246 3030 animos
268 2999 524 3044 complectitur,
559 2997 605 3031 ad
632 2996 796 3042 pluralem
823 2995 889 3028 de-

265 1421 346 1478 Qui
380 1422 416 1464 si
447 1425 653 1478 permanet
677 1419 932 1475 incorruptus
968 1417 1109 1473 suique
1141 1416 1310 1467 similis,
1354 1429 1522 1457 neeesse
1549 1421 1614 1456 est
1643 1414 1696 1455 ita

913 1516 1005 1549 flexit
1027 1515 1149 1551 oratic),
1175 1514 1223 1547 uti
1245 1513 1451 1559 saepissime.
1503 1513 1556 1546 Cf.
1576 1513 1697 1546 Adno-

912 1570 983 1597 tata
1004 1562 1039 1595 in
1062 1561 1184 1599 11.2.3,
1210 1561 1266 1593 54.

983 1611 1062 1642 nihil
1095 1610 1207 1641 habent
1242 1609 1318 1640 haec
1349 1609 1412 1639 duo
1445 1616 1558 1648 genera
1588 1608 1696 1647 premij

912 1656 987 1689 Nec
1006 1655 1111 1699 ignis,
1138 1666 1201 1687 nee
1222 1658 1298 1693 uer,
1325 1653 1443 1697 quibus
1463 1653 1592 1684 animus
1612 1663 1698 1683 con-

911 1710 1002 1736 stare
1026 1702 1165 1740 dicitur,
1204 1700 1362 1733 deorsum
1393 1706 1515 1743 suopte
1548 1704 1632 1730 nutu
1663 1704 1697 1730 et

913 1761 974 1782 suo
1000 1748 1152 1792 pondere
1178 1747 1342 1778 seruntur.

979 1796 1115 1828 calidior
1137 1813 1182 1818 ——
1206 1794 1320 1824 ardore
1341 1793 1443 1823 animi
1465 1792 1697 1832 concalescunt]

913 1843 1008 1875 Haec
1030 1840 1142 1873 omnin
1163 1850 1201 1871 ex
1224 1837 1415 1869 Stoicorum
1437 1836 1615 1880 disciplina
1634 1847 1699 1880 pe·-

912 1889 975 1920 tita
992 1894 1080 1920 sunt.
1116 1886 1156 1918 V.
1180 1884 1350 1917 adnotata
1370 1883 1412 1915 ad
1432 1896 1459 1915 c.
1474 1882 1507 1916 9.
1525 1890 1610 1916 extr.
1648 1884 1699 1915 De

916 1933 1017 1966 tertia
1036 1931 1117 1965 sede
1139 1930 1281 1965 voculae
1301 1933 1385 1962 enim
1405 1941 1436 1961 v.
1459 1929 1503 1961 ud
1524 1942 1551 1961 c.
1571 1929 1626 1970 27,
1642 1928 1699 1962 (36.

983 1990 1022 2012 ex
1045 1989 1080 2011 eo
1102 1997 1147 2003 —
1171 1980 1264 2018 quia]
1289 1977 1346 2008 Sic
1369 1972 1696 2019 Legg.1.15‚43·

913 2026 997 2059 haec
1019 2031 1199 2057 naseuntur
1221 2034 1259 2056 ea·
1283 2033 1339 2064 eo,
1373 2033 1449 2064 qum
1475 2028 1593 2054 natum
1614 2032 1698 2065 pro-

915 2071 1010 2117 pensi
1025 2083 1137 2103 sumus
1152 2070 1195 2102 ad
1211 2068 1401 2113 diligendos
1418 2069 1583 2108 homines,
1607 2067 1699 2112 quod

915 2118 1173 2151 fundamentum
1204 2116 1283 2148 iuris
1318 2124 1378 2148 est.
1440 2118 1489 2149 Ex
1523 2126 1578 2156 eo,
1616 2115 1701 2167 quod

915 2172 967 2197 est
990 2171 1142 2197 nostrum
1163 2165 1306 2203 damus,
1339 2165 1437 2203 dass;
1474 2172 1512 2195 ex
1534 2172 1589 2202 eo,
1623 2162 1700 2202 quia

914 2220 1026 2245 autern
1052 2212 1195 2250 damus,
1219 2211 1301 2242 weil.

987 2254 1476 2305 cip.X1X.-}3.4ccedicue]
1501 2254 1545 2286 H.
1558 2265 1587 2285 e.
1603 2265 1698 2298 prae-

913 2311 1009 2338 terea
1027 2303 1075 2341 fit,
1101 2310 1148 2335 ut.
1173 2302 1216 2334 de
1238 2303 1332 2334 Orat.
1353 2302 1394 2332 11.
1412 2298 1577 2340 &1902
1606 2304 1699 2333 Acce-

915 2353 1027 2392 debat,
1051 2354 1085 2383 ul
1104 2349 1190 2382 haec
1211 2354 1250 2380 tu
1270 2347 1467 2381 adolescens
1491 2358 1553 2391 pro
1576 2358 1610 2378 re
1634 2356 1699 2389 pu-

914 2397 1004 2430 blica
1026 2395 1119 2441 queri
1143 2406 1272 2427 summa
1295 2405 1369 2426 cum
1393 2393 1450 2437 djg
1440 2394 1560 2425 nitate
1581 2391 1700 2423 existi-

915 2455 1056 2476 marere.
1107 2441 1197 2482 Quid
1219 2441 1268 2472 dis
1273 2441 1418 2472 criminis
1437 2438 1623 2471 intercedat
1643 2436 1699 2468 in—

914 2497 968 2522 ter
991 2490 1112 2522 accedit
1133 2489 1217 2529 quod
1238 2499 1266 2519 c.
1290 2487 1391 2519 indic.
1415 2494 1453 2519 et
1469 2486 1557 2517 inter
1580 2485 1702 2516 accedit

916 2540 951 2569 ut
972 2548 1000 2568 c.
1021 2534 1259 2572 coniunctim,
1298 2533 1399 2566 facile
1423 2544 1463 2564 ex
1485 2542 1544 2562 no
1548 2537 1601 2562 tro
1621 2529 1699 2561 loco

917 2582 988 2615 erui
1010 2581 1149 2625 poterit.
1198 2581 1351 2620 Accedit„
1377 2580 1461 2620 quod
1481 2579 1609 2618 facilius
1629 2577 1701 2607 ani·

918 2638 990 2662 mus
1025 2629 1133 2660 evadit
1164 2638 1236 2659 rem
1256 2626 1466 2668 designaret,
1503 2633 1587 2665 quae
1620 2632 1701 2654 vere

921 2681 1009 2707 esset
1031 2673 1084 2705 vel
1107 2680 1198 2705 certe
1220 2672 1286 2704 iam
1311 2682 1385 2713 cogi
1377 2678 1444 2702 uta
1468 2675 1575 2707 esset3
1612 2677 1701 2700 acce-

919 2723 988 2762 dit,
1018 2721 1097 2760 uts.
1115 2730 1146 2751 α.
1167 2721 1282 2752 evadat
1304 2728 1374 2750 rem
1396 2714 1582 2758 significat,
1615 2725 1700 2758 quae

920 2778 990 2799 non
1013 2777 1092 2798 vere
1114 2765 1161 2797 ita
1185 2776 1257 2797 esse
1280 2762 1437 2807 ponitur,
1463 2759 1522 2792 sed
1545 2771 1630 2804 quae
1652 2760 1700 2793 ita

923 2811 1104 2864 cogit-anda
1125 2819 1187 2849 est,
1215 2822 1235 2841 v
1256 2810 1268 2841 l
1289 2819 1372 2852 quae
1394 2814 1431 2838 ut
1450 2818 1539 2838 nova
1557 2806 1701 2839 necdum

923 2858 1058 2902 cognita
1093 2856 1254 2890 accedere
1285 2851 1504 2895 intelligenda
1538 2860 1600 2885 est.
1657 2855 1698 2886 V.

922 2903 1171 2938 nosinGrUL
1193 2902 1222 2934 s.
1237 2897 1312 2933 144.
1327 2900 1410 2931 Not.
1426 2898 1456 2931 1.
1468 2898 1590 2942 p.30·1.
1603 2898 1656 2931 ed.
1667 2899 1699 2932 ’.

924 2951 992 2990 Qui
1012 2956 1125 2983 autem
1147 2945 1311 2991 particula
1340 2948 1374 2977 ut
1396 2950 1476 2988 post
1494 2946 1616 2980 accedit
1644 2957 1701 2978 se-

924 2996 982 3041 qui
996 2994 1116 3041 possit,
1138 3000 1342 3037 exponemus
1353 2991 1444 3024 infra
1457 2990 1503 3024 ad
1516 2992 1559 3026 V.
1572 2991 1628 3034 21,
1645 2990 1701 3026 62
