1811 3053
145 48 198 89 18
754 44 1102 79 PROLEGOMENA.

149 138 221 177 tias
246 143 374 175 tamen
395 133 556 171 illorum
576 129 824 183 potissimum
845 128 887 166 in
906 141 1020 166 usum
1043 140 1158 165 suum
1179 131 1408 174 convertat,
1438 125 1533 176 quia
1547 126 1714 164 maxime

149 206 244 244 sorti
269 211 306 242 et
332 202 444 242 virili
471 206 643 238 utuntur
673 197 829 235 ratione
861 202 980 246 atque
1010 195 1217 233 sententia.
1246 217 1303 223 -—
1360 193 1715 245 Peripateticorum

148 274 272 320 ratio,
303 271 371 322 qui
390 268 676 307 mediocritates
697 264 1046 317 perturbationum
1070 264 1190 301 animi
1215 264 1406 314 probent,
1436 262 1631 301 reiicitur.
1659 283 1715 289 —-

151 339 350 379 vocabula
376 332 511 380 πάθος
535 342 572 372 et
596 333 815 385 aegritudo
837 332 944 370 inter
967 346 1005 369 se
1026 337 1391 382 coniparantur.-
1420 330 1492 368 His
1519 329 1714 381 praemis-

149 410 213 453 sis,
253 407 379 446 omnis
407 402 626 454 disputatio
651 401 850 440 dividitur
882 400 925 437 in
953 399 1050 437 duas
1077 406 1223 450 partes:
1256 412 1427 449 quarum
1441 399 1565 436 altera
1588 404 1646 435 est
1668 397 1715 434 de

150 476 303 526 origine
332 481 371 511 et
401 485 537 509 caussa
567 469 849 521 aegritudinis,
880 468 1004 506 altera
1035 469 1082 505 de
1113 468 1196 505 eius
1227 466 1448 504 curatione.
1486 465 1527 517 §.
1553 470 1621 504 22.
1648 468 1715 503 25.

521 611 555 633 a.
615 595 767 634 PRIOR
797 593 921 632 PARS
954 591 1349 630 DISPUTA'I'IONJS.

903 676 959 699 DE

669 729 834 761 CAUSSA
858 726 1192 759 AEGIh'rUDINIS.

258 814 401 850 Caussa
425 825 505 849 non
528 810 788 862 aegritudinis
814 809 960 857 solum,
997 808 1064 846 sed
1089 808 1205 845 etiam
1231 806 1477 855 reliquarum
1499 804 1716 856 perturba-

147 882 301 920 tionum
326 881 369 918 in
395 880 582 932 opinione
607 879 682 916 sita
709 884 779 916 est.
838 877 1093 915 Pcrturbatio
1117 884 1246 913 autem
1271 882 1327 912 est
1352 873 1473 911 animi
1496 879 1625 910 motus
1647 886 1717 910 ra·-

145 950 265 988 tionis
289 962 441 1000 exper5‚
472 949 581 998 isque
601 953 670 984 aut
696 947 809 994 boni,
841 952 911 983 aut
935 944 1025 981 mali
1049 943 1236 994 opinione
1259 942 1469 980 excitatur.
1530 942 1633 979 Hinc
1653 939 1717 978 bi-

145 1018 283 1057 sariam
299 1023 492 1068 quattuor
510 1014 831 1067 perturbationes
848 1012 1063 1062 aequaliter
1080 1011 1318 1048 distributae
1338 1023 1412 1047 sun
1421 1016 1446 1047 t.
1471 1023 1504 1046 c.
1518 1012 1582 1047 11.
1597 1006 1639 1059 §.
1651 1010 1719 1046 24.

144 1090 211 1124 25.
272 1086 366 1123 Nam

757 1145 1116 1188 perturbationes

832 1216 1028 1254 exsistunt

278 1314 335 1340 aut
361 1319 400 1340 ex
424 1269 1481 1351 ‹=pinMffiione
1505 1299 1583 1332 mali

140 1396 196 1420 aut
212 1360 841 1432 maiorm
1014 1392 1071 1417 aut
1096 1397 1134 1416 cx
1163 1384 1321 1427 opinione
1413 1390 1470 1414 aut
1496 1394 1535 1413 ex
1561 1381 1717 1425 opinione

205 1448 378 1486 praesentis
582 1447 789 1485 impendentis
1084 1443 1256 1483 praesentis
1459 1440 1666 1480 impendentis

247 1504 316 1534 bont
329 1514 339 1534 .·
642 1505 733 1534 boni:
1115 1501 1193 1530 mali
1207 1508 1216 1530 .·
1510 1498 1608 1528 mali:

220 1560 363 1590 Laetitia.
596 1560 772 1598 Cupiditas.
1078 1556 1258 1595 Aeqricudo.
1498 1554 1606 1585 Metus.

254 1629 324 1666 His
346 1628 717 1680 perturbationibus
739 1628 918 1666 omnibus
937 1626 1093 1664 viribus
1114 1623 1415 1676 repugnandum
1438 1629 1506 1670 est,
1537 1622 1569 1660 si
1593 1622 1717 1660 vitam

142 1697 358 1748 tranquille
391 1697 622 1747 placideque
656 1697 866 1734 traducere
893 1695 1092 1733 volumus.
1150 1692 1256 1729 Huic
1289 1698 1420 1729 autem
1450 1690 1716 1742 disputationi

140 1764 393 1817 propositum
418 1772 492 1813 est,
523 1771 570 1802 ut
596 1764 815 1816 aegritudo
842 1763 1083 1814 depellatur:
1113 1758 1155 1811 §-
1179 1764 1246 1798 25.
1271 1773 1388 1810 quam
1415 1759 1592 1796 omnium
1621 1771 1716 1809 per-

142 1833 422 1871 turbationum
444 1833 710 1884 gravissimam
734 1846 832 1880 esse,
863 1832 1019 1882 aliquot
1041 1828 1229 1880 exemplis
1251 1828 1464 1879 probatur.
1505 1841 1538 1864 c.
1561 1831 1625 1865 12.
1651 1829 1718 1865 15.

143 1901 272 1952 princ.
332 1900 489 1947 Quibus
515 1901 751 1951 praemissi5‚
782 1900 935 1938 Tullius
955 1898 1061 1936 redit
1082 1897 1131 1934 ad
1159 1895 1433 1947 explicandam
1457 1908 1632 1932 caussam
1650 1907 1716 1931 ae—

142 1968 356 2019 gritudinis
383 1974 438 2015 et,
469 1975 725 2018 posteaquam
750 1982 831 2005 eam
855 1967 1042 2004 exsistere
1071 1965 1195 2012 dixit,
1237 1977 1358 2014 quum
1380 1962 1479 2013 quid
1505 1963 1562 2000 ita
1586 1962 1717 2001 visum

143 2042 258 2084 esset,
298 2042 345 2073 ut
367 2048 548 2085 magnum
573 2036 772 2085 quoddam
793 2035 936 2072 malum
968 2035 1098 2071 adesse
1123 2040 1161 2070 et
1188 2045 1329 2083 urgere
1351 2031 1577 2079 videretur,
1619 2043 1716 2068 exa-

142 2104 265 2141 minat
292 2105 467 2155 Epicuri
497 2110 535 2140 et
561 2103 875 2153 ίζινειιαίωνιιιη
906 2103 953 2139 de
986 2101 1234 2152 aegritudine
1267 2100 1428 2149 eiusque
1453 2112 1589 2136 caussa
1622 2111 1714 2136 sen-

142 2172 318 2209 tentiam.
378 2171 546 2220 Utrique
571 2170 612 2207 in
645 2184 690 2208 eo
725 2170 998 2216 consentiunt,
1040 2169 1152 2218 quod
1182 2167 1468 2218 aegritudinem
1495 2166 1539 2204 in
1568 2172 1716 2205 natura

143 2239 255 2278 sitam
278 2252 357 2277 esse
383 2244 559 2287 censent,
591 2252 634 2275 eo
660 2245 789 2276 tamen
814 2237 1025 2284 differunt,
1057 2235 1165 2285 quod
1184 2234 1390 2285 Epicurei,
1422 2234 1716 2284 aegritudinem

143 2308 303 2346 omnino
323 2307 512 2359 opinione
533 2306 644 2354 maii,
677 2306 786 2357 quod
808 2305 979 2351 accidat,
1010 2303 1132 2351 effici,
1163 2302 1362 2350 sentiunt,
1400 2301 1607 2352 Cyrenaici
1637 2315 1713 2339 au-

141 2381 237 2424 tem,
270 2389 351 2413 non
382 2388 431 2412 ex
454 2374 560 2412 omni
581 2374 701 2422 malo,
733 2373 799 2411 sed
821 2373 1024 2424 insperato
1047 2377 1084 2408 et
1110 2370 1346 2421 necopinato
1369 2369 1471 2406 malo
1495 2382 1576 2407 eam
1600 2370 1713 2420 oriri,

140 2450 338 2482 statuunt.
397 2443 535 2480 Cicero
556 2442 753 2491 concedit,
785 2441 926 2489 onmia,
959 2453 1059 2490 quae
1081 2438 1180 2475 mala
1202 2443 1416 2489 putentur,
1446 2438 1656 2488 repentina
1676 2444 1714 2476 et

140 2512 358 2565 improvisa
385 2511 572 2563 graviora
607 2524 708 2558 esse,
750 2522 867 2559 quani
896 2507 1059 2559 provisa
1095 2513 1132 2543 et
1162 2505 1460 2557 praemeditata,
1501 2504 1542 2556 ᾗ.
1563 2508 1630 2544 28.
1660 2512 1710 2554 et,

141 2581 291 2618 etiamsi
314 2594 394 2618 non
414 2578 510 2617 haee
535 2592 615 2616 una
633 2592 694 2616 res
717 2577 862 2615 efficiat
881 2576 1086 2613 maximam
1105 2574 1399 2625 aegritudinem,
1418 2580 1559 2622 tamen,
1577 2587 1711 2623 quon-

141 2646 217 2684 iam
240 2649 409 2687 multum
433 2647 561 2686 valeat
584 2646 767 2698 provisio
790 2644 910 2683 animi
933 2650 971 2682 et
990 2642 1246 2694 praeparatio
1273 2642 1324 2679 ad
1344 2642 1604 2679 minuendum
1633 2640 1710 2678 do·-

143 2712 282 2764 lorem,
320 2715 579 2768 aegritudinis
608 2714 859 2762 medicinam,
904 2725 1020 2763 quam
1050 2711 1108 2748 illi
1139 2710 1370 2758 adhibeant,
1410 2709 1710 2759 praecipientes,

145 2793 293 2830 semper
322 2784 450 2822 omnia
480 2783 632 2822 homini
656 2782 829 2821 humana
852 2780 1037 2818 meditata
1066 2791 1145 2816 esse
1171 2778 1332 2825 debere,
1364 2776 1611 2828 probandam
1641 2775 1706 2813 iu·-

144 2845 261 2884 dicat.
291 2863 323 2886 c.
347 2855 410 2891 14.
432 2856 497 2890 15.
522 2851 563 2903 5⁴.
581 2855 649 2890 51.
707 2851 787 2888 Iam
806 2848 857 2887 ad
876 2848 1086 2897 utriusque
1110 2845 1268 2884 scholae
1292 2845 1526 2883 sententiam
1547 2843 1710 2883 uberius

144 2917 415 2965 exponendam
444 2919 752 2972 diligentiusque
781 2915 1080 2957 examinandam
1109 2913 1268 2952 transit.
