1859 3149
1599 50 1685 93 213

76 167 183 198 num
218 151 287 194 illa
311 149 444 207 opinio
470 146 588 198 mali,
636 159 713 200 quo
750 144 839 186 viso
863 151 980 199 atque
1006 155 1200 199 persuaso
1225 140 1433 197 aegritudo
1458 139 1681 195 insequitur

77 227 337 278 necessari03
380 222 522 266 deinde
549 220 667 263 etiam
692 226 849 276 gratum
874 218 1041 259 mortuis
1070 231 1115 259 se
1141 218 1300 268 facere,
1348 215 1382 257 si
1407 214 1586 270 graviter
1609 228 1679 256 eos

76 303 267 359 lugeant,
299 299 556 342 arbitrantur.
618 295 790 338 Accedit
809 293 1040 350 superstitio
1063 291 1266 333 muliebris
1290 290 1506 346 quaedam3
1541 288 1681 331 existi-

79 385 190 420 mant
209 376 338 426 enim,
372 373 446 415 diis
466 370 754 414 immortalibus
775 383 818 411 se
839 368 993 410 facilius
1016 367 1317 418 satisfacturos,
1351 366 1385 407 si
1407 378 1543 407 eorum
1566 364 1681 421 plaga

78 451 248 510 perculsi
280 449 445 492 afflictos
485 461 529 489 se
572 453 612 488 et
640 451 789 487 stratos
828 456 918 484 esse
954 443 1170 484 fateantur.
1249 439 1330 483 Sed
1368 440 1467 482 haec
1498 440 1605 481 inter
1636 452 1680 481 se

79 541 196 584 quam
217 530 464 582 repugnent,
497 521 672 578 plerique
692 534 772 561 non
790 518 942 560 vident.
1004 515 1190 558 Laudant
1213 516 1316 557 enini
1338 530 1433 568 eos,
1468 515 1534 570 qui
1553 528 1680 570 aequo

79 602 212 644 animo
231 599 477 650 moriautur3
511 596 576 652 qui
596 594 761 637 alterius
782 599 950 634 mortem
972 605 1099 647 aequo
1124 591 1255 632 animo
1278 592 1423 643 ferant,
1450 604 1519 632 eos
1543 597 1682 647 putant

669 63 837 98 Lmen
861 64 922 97 111.
947 59 1012 104 29,
1038 60 1094 96 73.

79 676 380 734 vituperandos.
443 671 570 728 Quasi
590 670 676 713 lieri
694 669 772 711 ullo
790 668 907 709 modo
925 668 1065 724 possit,
1100 666 1202 722 quod
1224 666 1264 706 in
1283 665 1474 706 amatorio
1495 678 1681 706 sermone

80 752 157 795 dici
177 751 303 803 solet,
338 756 382 791 ut.
402 747 609 804 quisquam
630 745 717 803 plus
738 744 906 785 alterum
932 743 1089 798 diligat,
1123 756 1238 798 quam
1261 755 1322 782 se.
1387 747 1456 783 75.
1491 739 1682 782 Praecla-

77 842 165 870 rum
191 826 285 868 illud
310 831 373 866 est
399 831 461 874 et,
507 822 542 863 si
565 820 750 877 quaeris,
796 826 947 861 rectum
974 831 1129 874 quoque
1151 825 1189 858 et
1214 831 1376 869 verum,
1412 824 1453 857 ut
1476 829 1570 868 cos,
1617 816 1683 872 qui

79 902 195 945 nobis
226 898 423 942 carissimi
457 910 548 939 esse
582 896 775 947 debeant,
825 908 951 950 aeque
985 908 1029 934 ac
1062 899 1221 934 nosmet
1257 892 1365 948 ipsos
1391 905 1592 943 amemus;
1641 898 1682 932 ut

80 991 181 1020 vero
202 976 306 1033 plus,
341 973 426 1016 lieri
447 972 554 1014 nullo
578 979 692 1028 pacto
716 976 861 1026 potest.
924 967 992 1010 Ne
1019 968 1230 1025 optandum
1252 967 1409 1023 quidem
1433 966 1556 1008 estin
1584 967 1682 1007 ami-

80 1052 209 1104 citia,
242 1057 286 1092 ut
318 1063 382 1091 me
417 1048 483 1089 ille
512 1047 622 1104 plus,
668 1060 785 1101 quam
823 1058 894 1095 se,
941 1057 1015 1098 ego
1038 1043 1146 1084 illum
1172 1043 1284 1099 plus,
1319 1056 1436 1098 quam
1458 1055 1546 1094 me3
1594 1056 1682 1097 per-

80 1126 255 1170 turbatio
285 1125 418 1175 vitae‚
451 1122 496 1163 si.
516 1122 569 1162 ita
602 1121 678 1172 sit,
713 1127 830 1175 atque
862 1118 1078 1159 officiorum
1112 1118 1286 1159 omnium
1321 1124 1604 1172 consequatur.

191 1197 342 1242 XXX.
405 1196 489 1240 Sed
515 1196 563 1237 de
590 1195 662 1237 hoc
689 1195 812 1245 alias3
860 1209 963 1235 nuuc
993 1194 1086 1234 illud
1111 1193 1209 1234 satis
1234 1199 1322 1244 est,
1357 1206 1437 1233 non
1465 1190 1682 1232 attribuere

14 1290 23 1303 ·-
79 1277 128 1319 ad
153 1274 408 1318 amissionem
434 1271 651 1314 amicorum
677 1270 878 1312 miseriam
903 1276 1102 1319 nostram,
1138 1281 1186 1309 ne
1213 1267 1302 1309 illos
1326 1267 1434 1323 plus,
1470 1280 1585 1322 quam
1608 1266 1684 1322 ipsi

78 1351 219 1404 velint,
252 1349 288 1392 si
306 1348 504 1398 sentiant,
537 1346 624 1402 plus
642 1352 777 1397 certe,
811 1358 926 1400 quam
947 1342 1254 1399 nosmetipsos,
1289 1342 1513 1398 diligamus.
1575 1339 1682 1382 Nam

78 1426 369 1490 quqd„{¹i¹!¹¹2⁷·
409 1422 620 1479 plerosque
654 1418 998 1480 consolationibus
1034 1417 1129 1459 nihil
1164 1417 1313 1468 levari,
1368 1416 1680 1472 adiunguntque,

81 1503 357 1546 consolatores
382 1499 491 1556 ipsos
518 1496 699 1538 confiteri
725 1509 768 1537 se
795 1495 964 1536 miseros
980 1526 992 1546 ,
1040 1507 1157 1549 quum
1193 1493 1242 1533 ad
1267 1506 1338 1534 eos
1358 1491 1547 1549 impetum
1572 1505 1685 1533 suum

901 1608 1035 1641 catione
1059 1620 1092 1640 v.
1115 1607 1289 1640 Adnotata
1313 1607 1347 1639 in
1371 1608 1414 1641 ΙΙ.
1437 1604 1479 1647 4,
1502 1604 1554 1638 ll.
1589 1604 1681 1637 Con-

899 1655 1065 1687 iunctis-us
1093 1657 1272 1686 morIantur
1297 1652 1405 1687 dietus
1430 1659 1481 1685 est
1504 1663 1546 1684 ex
1568 1657 1683 1683 mente

902 1713 1037 1741 eorum,
1073 1700 1129 1744 qui
1165 1700 1324 1739 laudant3
1361 1698 1479 1731 eadem
1511 1697 1598 1730 ratio
1632 1703 1683 1729 est

151 1627 213 1660 quo
242 1618 311 1650 viso
334 1619 429 1657 atque
452 1611 620 1657 persuaso]
656 1612 720 1644 Per
754 1616 865 1642 attra-

84 1664 232 1698 ctionem
253 1661 422 1707 quandam
441 1659 595 1694 additum
618 1663 669 1690 est
689 1667 844 1699 persuaso
855 1667 866 1697 ,-

83 1721 145 1752 quo
161 1719 328 1752 persuaso,
352 1718 419 1740 non
446 1704 670 1739 antecedente
693 1703 759 1735 alio
783 1714 866 1746 par-

82 1755 222 1800 ticipio,
248 1761 339 1788 certe
362 1764 429 1786 uon
452 1752 591 1785 dixisset
611 1749 752 1784 Tullius.
788 1749 865 1781 No-

83 1802 262 1835 minativus
278 1807 313 1833 et
326 1799 532 1833 accusativus
544 1799 769 1839 pronominum
791 1806 866 1827 oum

82 1847 216 1893 passiva
236 1847 346 1880 forma
368 1846 464 1879 huius
487 1843 582 1877 verbi
605 1842 710 1875 iuncti
733 1840 865 1884 saepius

83 1893 175 1939 apud
197 1893 395 1926 Ciceronem
417 1891 649 1936 reperiuntur,
681 1894 718 1919 nt
741 1888 783 1918 II.
805 1886 864 1928 20,

82 1938 140 1976 47.
165 1941 250 1982 quod
267 1938 295 1972 si
310 1937 374 1971 tibi
389 1947 578 1979 persuasum
601 1939 656 1967 est.
687 1934 730 1965 V.
746 1943 808 1964 nos
829 1931 864 1963 iu

81 1987 125 2020 L.
151 1986 211 2020 Gr.
235 1986 266 2030 5.
281 1982 366 2025 ll-l,
390 1983 423 2017 3.
449 1984 572 2027 p.‘.’.O':5.
593 1979 646 2012 ed.
659 1980 692 2011 2.

163 2041 272 2065 eorum
300 2032 400 2070 playa
430 2027 583 2070 perculsi]
619 2027 656 2057 In
694 2021 864 2056 nonnullis

84 2076 308 2112 deterioribus
332 2073 431 2107 codd.
454 2083 632 2117 perperam
653 2069 775 2113 legitur
793 2079 864 2110 per-

84 2126 181 2158 cussi.
226 2123 396 2156 Percellere
420 2119 509 2152 enirn
529 2128 662 2161 semper
681 2115 801 2148 dicitur
821 2114 864 2146 de

84 2169 203 2210 rebus,
236 2167 308 2200 sive
327 2165 508 2198 levioribus
522 2189 531 2205 ,
555 2164 626 2196 sii-e
645 2161 864 2206 gravioribus,

85 2226 182 2260 quae,
204 2225 306 2258 quum
324 2211 474 2252 subitae,
509 2209 726 2254 repentinae,
762 2218 867 2239 neco—

85 2261 222 2306 pinatae
245 2257 340 2292 nobis
358 2257 524 2297 accidant,
549 2255 695 2288 animum
712 2261 866 2286 nostrum

86 2311 307 2340 consternant
320 2304 601 2347 vehementerque
613 2301 711 2333 initio
731 2299 866 2344 quidem

89 2357 325 2398 commovent,
349 2361 539 2395 quanquam
562 2347 677 2391 paullo
708 2352 789 2391 post
822 2344 867 2377 ad

85 2410 150 2432 nos
165 2397 278 2431 redire
294 2407 482 2440 possumus,
502 2401 541 2427 ut
558 2394 639 2426 Sall.
659 2395 729 2436 lug.
745 2392 866 2431 LVIII,

85 2445 130 2478 2:
154 2444 263 2477 nostri
276 2445 436 2484 repentino
449 2448 541 2474 metu
557 2442 705 2481 perculsi.
743 2438 868 2470 Contra

82 2494 244 2532 percutere
265 2488 390 2522 dicitur
411 2488 454 2520 de
478 2487 577 2520 rebus
603 2484 732 2529 magnis
754 2483 868 2527 gravi-

86 2535 226 2581 busque,
248 2538 333 2580 quae
355 2534 501 2567 animum
519 2538 674 2565 nostrum
694 2541 764 2563 non
787 2540 869 2562 con-

87 2587 241 2622 sternant
262 2580 399 2625 quidem
431 2586 467 2612 et
500 2578 544 2611 de
576 2577 682 2621 gradu
712 2582 869 2619 statuque

87 2632 151 2662 auo
170 2627 341 2667 deficiunt,
366 2625 429 2660 sed
448 2625 482 2657 in
503 2624 642 2657 intimos
664 2622 733 2655 eius
754 2633 870 2654 1-9.εῶ-

91 2685 147 2706 sus
174 2679 357 2721 penetrant
385 2678 421 2705 et
451 2683 527 2703 eum
557 2676 671 2702 totum
703 2673 870 2712 occupant

92 2725 357 2764 occupatumque
374 2717 410 2751 in
427 2717 568 2760 longum
586 2723 720 2759 tempus
739 2720 870 2746 tenent.

92 2763 172 2797 Hoc
191 2771 304 2798 autem
320 2764 398 2798 loco
410 2789 419 2804 ‚
454 2763 512 2796 ubi
538 2762 606 2795 hoc
624 2760 764 2794 verbum
795 2771 871 2793 cnm

87 2811 205 2851 plaga,
222 2809 346 2843 deinde
364 2809 466 2843 etiam
488 2819 563 2841 cnm
581 2809 724 2850 afflictos,
737 2813 772 2838 et
788 2810 872 2839 stra-

93 2857 143 2888 tos
165 2853 334 2899 iungitur,
368 2854 576 2900 aptissimum
598 2859 652 2886 est
669 2851 872 2886 vocabulum

89 2902 240 2941 Perculsi.

164 2946 316 2996 1}me
332 2965 378 2971 —
397 2943 640 2988 vituperandos]
656 2944 708 2975 De
719 2942 785 2975 hac
799 2941 871 2973 ele-

99 2996 195 3034 gauu
214 2989 482 3024 enuntiationum
500 2989 743 3024 contrariarum
761 2986 874 3020 collo-

902 1747 1107 1780 coniunctis-i
1132 1748 1246 1787 ferant.

971 1793 1026 1827 73.
1062 1795 1090 1824 si
1111 1793 1252 1833 quaeris]
1288 1791 1331 1822 11.
1355 1801 1384 1822 e.
1412 1789 1440 1822 si
1462 1789 1496 1822 in
1520 1800 1592 1822 rem
1621 1800 1682 1822 ac-

902 1838 1046 1871 curatius
1065 1837 1215 1880 inqniris.
1246 1836 1403 1869 Formula
1421 1842 1473 1868 est
1492 1833 1686 1868 affirmandi

900 1895 962 1928 pro
986 1889 1019 1916 ut
1050 1893 1160 1915 verum
1182 1884 1311 1923 dicam,
1345 1893 1408 1915 non
1430 1884 1581 1924 diffiteor,
1620 1892 1683 1926 pro

900 1942 967 1974 quo
990 1929 1070 1961 alibi
1090 1928 1212 1961 dicitur
1229 1931 1257 1961 si
1271 1938 1379 1961 verum
1395 1931 1532 1970 quaeris.
1568 1927 1683 1960 Omni-

899 1987 945 2008 no
966 1982 1078 2008 autern
1098 1974 1181 2007 haec
1203 1975 1313 2007 forma
1335 1974 1381 2006 ibi
1403 1981 1599 2018 usurpatur,
1625 1972 1683 2005 ubi

898 2022 1007 2054 lector
1038 2020 1134 2065 plura
1158 2020 1376 2064 requisiturus
1404 2019 1580 2053 videatur:
1619 2030 1684 2063 qua

898 2068 931 2101 vi
958 2067 1037 2100 alibi
1069 2066 1244 2099 dicuntur:
1280 2069 1307 2100 si
1337 2069 1433 2099 etiarn
1465 2068 1522 2100 hoc
1544 2068 1683 2108 quaeris,

898 2116 963 2147 noli
1002 2123 1171 2155 quaerere,
1213 2123 1251 2147 ne
1293 2114 1371 2154 sorte
1403 2122 1563 2155 quaeras,
1605 2113 1684 2154 quid

900 2161 1054 2202 quaeris?

969 2210 997 2239 et
1014 2206 1139 2248 verum[
1166 2205 1210 2237 H.
1227 2216 1254 2237 e.
1278 2215 1432 2249 aequum,
1456 2203 1590 2238 iustum.
1626 2202 1682 2236 Sic

901 2263 1001 2296 saepe
1023 2262 1134 2284 verum
1154 2255 1196 2284 est
1218 2262 1282 2294 pro
1305 2261 1442 2292 aequum
1467 2256 1531 2292 est,
1554 2253 1606 2292 sas
1627 2253 1681 2290 est,

901 2301 986 2331 decet
1021 2297 1170 2341 ponitur.
1220 2300 1327 2341 Supra
1362 2308 1388 2331 c.
1408 2297 1472 2338 27,
1497 2295 1559 2331 64:
1599 2296 1682 2328 haec

903 2344 1015 2377 omnia
1035 2349 1139 2382 recta,
1160 2353 1248 2384 vera,
1267 2342 1382 2375 debita
1400 2350 1570 2387 putantes.
1604 2342 1680 2374 Ho-

902 2397 964 2422 rat.
987 2390 1051 2432 Ep.
1073 2390 1100 2421 Ι.
1122 2387 1165 2430 7,
1191 2391 1253 2423 9-5;

948 2435 1065 2469 Metiri
1078 2447 1114 2468 se
1128 2446 1294 2480 quemque
1309 2445 1369 2467 suo
1384 2434 1523 2468 modulo
1540 2445 1578 2466 ac
1593 2431 1680 2476 pede

1432 2491 1548 2512 verum
1571 2485 1634 2510 est.

935 2525 947 2536 ‘
969 2531 1090 2561 nosmet
1104 2528 1203 2570 ipsos]
1222 2528 1263 2560 V.
1278 2526 1450 2559 Adnotata
1464 2526 1496 2558 in
1512 2527 1539 2557 I.
1555 2524 1610 2564 30,
1623 2522 1678 2557 73.

969 2573 1058 2618 plus]
1079 2573 1202 2605 Latine
1218 2579 1395 2616 utrumque
1413 2572 1543 2610 dicitur,
1562 2576 1596 2602 et
1605 2570 1680 2610 plus

904 2626 938 2652 et
961 2622 1066 2661 mayis
1088 2629 1198 2652 amare
1222 2622 1382 2659 aliquern5
1411 2620 1487 2658 plus
1510 2615 1592 2660 poni
1611 2625 1680 2658 po-

901 2672 990 2706 test,
1026 2665 1103 2709 quia
1135 2665 1237 2697 etiam
1260 2663 1381 2696 dicitur
1404 2665 1539 2694 multum
1561 2669 1682 2693 amare.

902 2711 979 2746 Pari
989 2711 1092 2744 modo
1102 2711 1198 2743 latini
1208 2709 1391 2753 scriptores
1402 2708 1517 2739 dicunt
1524 2709 1599 2748 plus
1609 2708 1681 2739 hor-

901 2768 989 2799 rere,
1022 2759 1253 2795 exhorrescere,
1284 2757 1392 2786 timere
1423 2753 1555 2796 aliaque
1578 2752 1683 2785 verba

904 2804 1063 2837 affectum
1101 2799 1332 2845 significantia.
1394 2798 1514 2830 Catull.
1536 2799 1603 2840 III,
1638 2798 1677 2832 5:

906 2851 1015 2890 Quem
1032 2850 1093 2892 (sc.
1110 2846 1302 2891 passerem.)
1316 2847 1391 2885 plus
1409 2844 1469 2877 illa
1490 2844 1595 2877 oculis
1614 2844 1682 2877 suis

904 2898 1047 2947 amabat.
1081 2894 1121 2926 V.
1143 2903 1206 2924 nos
1225 2891 1259 2922 in
1282 2891 1340 2923 Gr.
1352 2891 1392 2923 L.
1416 2892 1445 2936 §.
1461 2890 1537 2925 157.
1553 2890 1634 2924 Not.
1650 2891 1680 2925 1.

907 2952 929 2985 P
979 2987 1057 3018 Cap,
1071 2982 1193 3016 XXX.
1218 2984 1302 3015 Nam
1318 2982 1404 3024 quod
1415 2983 1520 3026 aiunt]
1543 2983 1613 3016 Iam
1625 2982 1683 3015 Ci-
