1843 3101
185 31 269 74 310

188 134 307 174 mus,
330 120 399 162 sed
419 122 453 162 is
467 152 479 173 ,
513 127 556 162 ut
577 127 713 178 contra
738 118 921 173 Stoicos,
955 135 1053 177 quos
1072 121 1362 165 studiosissime
1380 135 1537 179 semper
1558 123 1766 166 refellebat

189 202 231 237 et
251 202 389 237 contra
414 209 577 250 quorum
601 195 843 250 disciplinam
863 195 1063 252 ingenium
1086 196 1170 238 eius
1191 203 1427 249 exarserat3
1468 211 1541 238 nos
1564 197 1658 239 illud
1678 198 1763 253 qui-

188 269 276 311 dem
307 284 394 310 cum
419 282 514 325 pace
539 282 717 325 agemus.

688 41 854 75 mnan
876 41 918 75 v.
941 39 1005 84 29,
1029 39 1086 76 84.
1110 41 1176 83 30,
1200 41 1261 75 85.

780 270 824 311 Si
858 271 960 312 enim
988 268 1114 312 Stoici
1139 270 1238 312 fines
1262 271 1455 312 bonorum
1487 278 1596 313 recte
1621 285 1764 327 posue-

185 350 299 395 runt,
343 345 521 384 confecta
553 357 618 384 res
650 351 738 396 est,
783 359 948 386 necesse
973 352 1034 386 est
1055 359 1212 401 semper
1235 345 1389 386 beatum
1415 359 1504 387 esse
1527 346 1760 401 sapientem.

187 423 257 459 84.
304 416 382 458 Sed
423 432 658 472 quaeramus
692 433 1003 474 unamquamque
1040 420 1278 474 reliquorum
1311 420 1574 472 sententiam,
1617 419 1650 461 si
1680 420 1764 461 fieri

187 497 340 546 potest,
375 498 418 532 ut
439 491 512 533 hoc
535 493 778 547 praeclarum
802 494 914 548 quasi
934 494 1131 535 decretum
1155 493 1296 535 beatae
1318 494 1423 535 vitae
1447 494 1572 554 possit
1592 495 1763 536 omnium

186 565 392 607 sententiis
424 573 464 607 et
493 567 707 623 disciplinis
739 568 968 609 convenire.

296 638 444 682 XXX.
480 638 584 683 Sunt
602 649 731 683 autem
754 642 826 683 hae
847 643 895 683 de
914 642 1076 693 finibus,
1110 648 1152 683 ut
1172 641 1328 697 opinor,
1360 649 1538 683 retentae
1559 643 1766 685 defensae-

186 727 260 768 que
283 715 521 757 sententiae.
582 715 757 758 Primum
785 717 981 772 simplices
1009 723 1218 772 quattuorz
1261 716 1357 757 nihil
1381 716 1551 768 bonum,
1594 717 1669 758 nisi
1695 717 1766 759 ho-

187 795 366 842 nestum,
400 797 441 831 ut
460 788 611 842 Stoici3
646 791 740 832 nihil
762 791 930 842 bonum,
964 791 1039 831 nisi
1058 791 1323 845 voluptatem,
1356 798 1399 831 ut
1414 789 1635 845 Epicurus3
1669 791 1765 832 nihil

184 862 351 915 bonum,
395 864 470 905 nisi
494 865 729 906 vacuitatem
753 865 923 916 doloris,
971 872 1012 905 ut
1034 864 1325 919 Hieronymus,
1371 864 1465 905 nihil
1486 865 1654 917 bonum,
1688 866 1762 907 nisi

186 943 348 978 naturae
382 939 516 993 primis
544 939 658 979 bonis
693 945 759 978 aut
792 938 972 979 omnibus
1008 945 1073 979 aut
1108 937 1293 978 maximis
1323 938 1424 989 frui,
1468 946 1510 979 ut
1537 935 1764 981 Carneades

186 1019 323 1052 contra
341 1009 500 1053 Stoicos
521 1012 755 1053 disserebat.
818 1011 928 1053 Haec
946 1012 1067 1067 igitur
1084 1012 1300 1067 simplicia3
1332 1012 1397 1052 illa
1417 1012 1564 1054 mixta:
1597 1018 1669 1055 85.
1691 1014 1766 1054 tria

185 1098 334 1138 genera
354 1086 546 1127 bonorum
563 1118 574 1137 ,
617 1087 789 1128 maxima
814 1087 957 1139 animi,
1001 1087 1173 1128 secunda
1199 1086 1400 1142 corporis,
1441 1093 1613 1128 externa*
1633 1087 1763 1139 tertia,

185 1165 228 1199 ut
251 1157 531 1216 Peripatetici,
565 1174 639 1202 nec
661 1161 780 1202 multo
803 1169 962 1202 veteres
983 1160 1213 1202 Academici
1235 1174 1378 1213 secus3
1410 1160 1650 1217 voluptatem
1678 1176 1768 1204 cum

186 1232 392 1276 honestate
419 1234 688 1276 Dinomachus
719 1243 758 1276 et
785 1233 962 1291 Callipho
991 1235 1208 1291 copulavit3
1255 1235 1509 1276 indolentiam
1540 1243 1670 1277 autem
1695 1236 1766 1277 ho·

186 1309 327 1348 nestati
348 1307 635 1365 Peripateticus
658 1309 859 1351 Diodorus
884 1310 1079 1350 adiunxit.
1142 1308 1229 1350 Hae
1258 1315 1351 1350 sunt
1377 1309 1624 1360 sententiae,
1664 1324 1765 1365 quae

189 1381 413 1424 stabilitatis
438 1384 582 1438 aliquid
608 1383 801 1435 habeant3
843 1398 932 1424 nam
955 1384 1156 1425 Aristonis
1172 1416 1182 1436 ,
1215 1381 1459 1439 Pyrrhonis,
1501 1383 1644 1425 Herilli
1668 1398 1766 1425 non-

187 1494 270 1526 pacc
294 1495 438 1526 agemus.
462 1504 508 1511 ——-
555 1486 709 1518 Ceterum
731 1487 812 1518 illud
834 1488 959 1527 quidem

186 1530 367 1572 respondet
391 1531 601 1563 antecedenti
625 1534 708 1573 quod
732 1534 868 1573 quidem..

255 1577 309 1606 sed
334 1578 378 1615 is,
404 1580 436 1607 ut
457 1581 564 1609 contra
587 1578 720 1620 Stoicos]
749 1579 789 1609 H.
803 1590 830 1609 e.
852 1577 911 1609 sed
930 1577 957 1608 is

188 1622 432 1654 studiosissime:
459 1622 548 1665 quod
562 1635 580 1654 e.
594 1622 806 1666 sequnntibus
821 1623 961 1656 elicien—

189 1664 267 1696 dum
300 1673 360 1698 est.
413 1669 449 1700 Ut
471 1672 579 1701 contra
603 1671 721 1701 Stoicos
741 1669 773 1701 h.
790 1680 817 1700 e.
843 1676 878 1700 ut
900 1680 960 1700 ex-

189 1712 333 1753 spectari
365 1719 520 1755 poterat,
560 1725 659 1757 quum
691 1721 807 1747 contra
827 1714 959 1747 Stoicos

190 1756 386 1800 disputaret.
424 1760 464 1791 V.
485 1759 657 1792 Adnotata
674 1760 708 1792 in
728 1761 753 1792 Ι.
773 1763 814 1799 ὅ,
838 1761 890 1792 15.

256 1800 311 1836 8-1».
337 1806 364 1835 si
387 1805 455 1845 fieri
475 1807 586 1847 potest]
618 1808 745 1847 Wolfius
766 1817 825 1848 per
847 1804 962 1837 brevi-

190 1846 396 1890 loquentiam
428 1849 552 1882 dictum
590 1862 661 1883 esse
691 1858 787 1894 putat
813 1862 894 1894 pro:
930 1855 963 1883 ut

188 1895 374 1933 videamus,
397 1906 474 1928 num
497 1898 566 1937 fieri
586 1900 703 1937 possit:
739 1897 830 1941 quod
850 1904 963 1929 tamen

191 1949 257 1970 non
280 1950 414 1982 prorsus
440 1940 593 1984 despero.

257 1988 349 2024 quasi
386 1987 557 2031 decretum]
606 1989 734 2030 Wolfius
766 1987 964 2020 vocabulum

190 2032 282 2070 quasi
302 2030 452 2063 additum
467 2039 575 2076 putat,
599 2033 674 2077 quia
691 2036 849 2066 decretum
867 2045 963 2065 usur—

192 2081 289 2117 petur
310 2075 351 2108 de
373 2077 433 2117 iis,
458 2090 541 2121 quae
564 2079 697 2122 publice
725 2079 959 2111 decernuntur.

191 2121 388 2154 Tenendum
412 2134 492 2155 vero
513 2124 559 2156 ait
578 2127 729 2166 Moserus,
757 2124 960 2164 Ciceronem,

194 2165 250 2198 ubi
284 2166 426 2209 primum
466 2180 505 2200 eo
546 2171 710 2203 vocabulo
751 2182 826 2202 usus
864 2177 961 2210 esset,

192 2222 346 2253 graecum
361 2224 495 2252 nomen,
515 2215 565 2246 cui
579 2215 662 2247 illud
674 2215 963 2249 accommodatum

193 2267 265 2288 esse
298 2257 454 2296 volebat,
490 2259 678 2292 addidisse:
721 2262 823 2294 Acad.
850 2263 891 2294 ΙΙ.
920 2261 962 2295 9:

194 2302 348 2345 quon-iam
367 2303 402 2335 id
415 2303 577 2336 haberent
590 2306 777 2339 Academici
798 2310 964 2347 decretum,

197 2348 340 2390 (sentitis
359 2348 445 2381 enim
463 2349 529 2381 iam
546 2362 599 2382 me
614 2351 680 2383 hoc
697 2350 811 2395 δόγμα
826 2353 960 2395 dicere,)

195 2392 278 2425 nihil
302 2406 402 2437 posse
424 2394 564 2438 percipi.

263 2438 341 2470 CAP.
359 2440 478 2471 XXX.
507 2441 565 2471 hae
587 2442 624 2472 de
645 2443 758 2482 finibus
781 2443 962 2487 sententiae]

195 2483 235 2515 V.
249 2482 462 2517 deFinib.11.
473 2484 505 2524 6,
520 2483 571 2518 19.
589 2487 638 2524 11,
654 2484 700 2519 34
713 2506 752 2510 —-
764 2488 818 2519 36.
836 2490 875 2519 V.
892 2489 964 2522 init.

262 2531 324 2561 nisi
340 2530 543 2574 voluptatem]
569 2531 795 2574 Supplendum
818 2540 868 2564 est
891 2544 965 2575 esse,

196 2579 230 2605 et
251 2585 320 2606 acc.
345 2587 374 2606 c.
398 2575 458 2607 inf.
482 2575 607 2619 pendet
633 2588 655 2608 a·
673 2588 703 2608 v.
726 2581 902 2611 sententiae.

263 2624 398 2652 naturae
417 2623 649 2663 primisebonis}
676 2622 830 2654 Academ.
851 2624 892 2656 ΙΙ.
908 2623 962 2663 42,

199 2663 280 2698 131:
306 2666 544 2699 Introducebat
566 2667 668 2700 etiam
680 2667 876 2707 Carneades,
899 2680 964 2712 quo

197 2721 266 2742 uon
287 2711 457 2754 probaret,
482 2712 543 2744 sed
565 2719 600 2744 ut
623 2720 809 2756 opponeret
831 2714 963 2755 Stoicis,

197 2766 361 2788 summum
393 2757 518 2790 bonum
550 2769 640 2795 esse,
679 2758 744 2791 frui
776 2758 826 2791 his
855 2759 964 2798 rebus,

200 2812 280 2843 quas
294 2802 421 2844 primas
433 2803 817 2836 naturaconciliavisset.
839 2804 912 2836 Fin.
925 2807 967 2838 Il.

203 2846 238 2878 11
254 2871 262 2882 ,
284 2848 345 2880 35:
384 2848 567 2889 Carneadi,
592 2849 657 2881 frui
679 2849 848 2893 principiis
867 2857 967 2882 natu-

203 2890 322 2924 ralibus
338 2919 346 2930 ‚
388 2901 477 2926 esset
511 2901 706 2928 extremum.
762 2895 888 2928 Graece
924 2894 967 2930 τὰ

199 2936 316 2976 πρῶτα
339 2937 426 2972 κατὰ
444 2934 557 2983 φύσιν,
581 2941 688 2984 prima
707 2940 885 2973 secundum
906 2953 967 2973 na-

993 1492 1121 1525 turam,
1161 1485 1194 1517 in
1233 1484 1349 1529 quibus
1387 1492 1562 1518 numerant
1597 1485 1764 1530 (philoso-

995 1532 1064 1576 phi)
1090 1531 1373 1572 incolumitatem,
1411 1532 1765 1575 conservationemque

996 1578 1141 1610 omnium
1156 1577 1298 1620 partium
1310 1590 1374 1608 -z
1402 1589 1541 1621 quorum
1556 1577 1672 1609 similia
1689 1584 1766 1610 sunt

994 1623 1099 1666 prima
1123 1623 1157 1654 in
1175 1622 1307 1665 animis,
1333 1623 1423 1665 quasi
1447 1623 1614 1655 virtutum>
1629 1622 1764 1666 igniculi

996 1676 1030 1700 et
1042 1668 1179 1707 semina,
1201 1675 1236 1700 ut
1253 1668 1299 1700 ait
1313 1668 1442 1701 Tullius
1460 1668 1502 1701 de
1518 1669 1589 1702 Fin.
1603 1670 1643 1702 V.
1660 1669 1694 1709 7,
1711 1670 1763 1703 18.

1063 1716 1117 1748 ὃὸ.
1139 1716 1301 1754 Aristonis,
1324 1716 1506 1755 Pyrrhonis,
1531 1716 1654 1757 Herilli]
1677 1718 1767 1746 Aca-

997 1760 1084 1792 dem.
1100 1761 1140 1797 11,
1158 1758 1221 1791 42:
1247 1762 1360 1799 Aristo,
1381 1771 1479 1803 quum
1493 1760 1636 1792 Zenonis
1649 1760 1770 1792 fuisset:

999 1805 1143 1845 auditor,
1168 1815 1204 1836 re
1221 1804 1376 1847 probavit
1395 1816 1442 1844 ea,
1473 1816 1556 1849 quae
1570 1805 1627 1837 ille
1646 1805 1766 1845 verbis,

997 1850 1078 1883 nihil
1105 1861 1177 1883 esse
1200 1850 1342 1888 bonum,
1370 1850 1432 1883 nisi
1454 1851 1632 1890 virtutem,
1657 1862 1766 1894 neque

997 1896 1140 1933 malum,
1175 1895 1236 1928 nisi
1261 1895 1352 1940 quod
1379 1896 1491 1931 virtuti
1516 1903 1604 1929 esset
1627 1903 1766 1929 contra-

997 1943 1081 1975 n'um
1097 1955 1104 1979 ς
1130 1941 1164 1973 in
1184 1941 1300 1973 mediis
1318 1953 1355 1973 ea
1370 1950 1552 1982 momenta,
1577 1953 1659 1985 quae
1674 1944 1764 1975 Zeno

996 1988 1123 2026 voluit,
1160 1987 1251 2018 nulla
1284 1999 1355 2019 esse
1379 1988 1517 2020 censuit).
1564 1987 1651 2020 Huic
1673 1995 1767 2020 sum*—

996 2046 1086 2065 mum
1110 2033 1234 2065 bonum
1257 2040 1326 2072 est,
1361 2033 1395 2065 in
1417 2033 1468 2066 his
1489 2033 1587 2066 rebus
1616 2040 1768 2065 neutram

996 2080 1028 2112 in
1053 2086 1185 2122 partem
1217 2079 1364 2120 moveri,
1398 2091 1482 2123 quae
1513 2076 1699 2122 ἀδιαφορία.
1726 2078 1768 2111 ab

995 2126 1069 2169 ipso
1091 2124 1222 2156 dicitur.
1253 2127 1374 2165 Pyrrho
1395 2131 1511 2157 autem-
1526 2136 1564 2157 ea
1583 2136 1626 2157 ne
1644 2124 1768 2156 sentire

998 2170 1131 2214 quidem
1152 2170 1354 2213 sapientem:
1381 2183 1464 2214 quae
1483 2167 1634 2205 oiito'titetot
1655 2170 1768 2202 nomi-

998 2223 1105 2248 natur.
1136 2218 1237 2258 Legg.
1263 2217 1284 2248 l.
1303 2217 1356 2255 21,
1379 2217 1439 2249 55:
1465 2219 1568 2249 Aristo
1587 2215 1684 2257 dixit,
1702 2219 1767 2247 'so-

999 2262 1065 2294 lum
1090 2262 1214 2293 bonum
1238 2273 1328 2301 esse,
1356 2261 1446 2305 quod
1467 2262 1646 2294 honestum
1669 2267 1769 2300 esset,

998 2308 1196 2351 malumque,
1217 2307 1307 2350 quod
1320 2314 1429 2351 turpe,
1450 2314 1578 2340 ceteras
1588 2319 1640 2339 res
1654 2318 1769 2338 omnes

1000 2354 1098 2397 plane
1132 2364 1226 2396 pares
1240 2378 1249 2395 ,
1285 2364 1324 2385 ac
1356 2364 1396 2385 ne
1419 2353 1590 2385 minimum
1623 2352 1768 2396 quidem,

998 2407 1106 2431 utrum
1127 2398 1301 2433 adessent.
1332 2410 1373 2431 an
1398 2399 1569 2438 abessent,
1594 2398 1766 2431 interesse.

1000 2446 1049 2476 De
1063 2446 1202 2477 Aristone
1224 2444 1266 2476 cf.
1291 2444 1386 2487 Diog.
1402 2445 1440 2476 L.
1454 2446 1526 2477 VII.
1545 2456 1572 2476 c.
1587 2445 1628 2476 ΙΙ.
1647 2444 1677 2486 §-
1691 2442 1766 2476 160.

999 2490 1071 2521 Pin.
1090 2490 1132 2521 V.
1151 2490 1214 2527 25,
1234 2490 1294 2523 73:
1326 2492 1463 2522 Herillus
1483 2489 1655 2522 scientiam
1673 2499 1768 2519 sum-

998 2547 1086 2566 mum
1110 2535 1235 2566 bonum
1255 2547 1327 2567 esse
1347 2535 1519 2571 defendit,
1543 2545 1693 2566 nec-rem
1715 2534 1768 2565 ul-

998 2580 1065 2611 lam
1087 2580 1184 2611 aliam
1206 2592 1267 2623 per
1288 2593 1324 2613 se
1346 2579 1576 2624 expetendam.
1613 2580 1768 2611 Lactant.

1000 2625 1107 2656 lnstit.
1126 2627 1183 2663 111,
1202 2626 1241 2659 7¹:
1267 2628 1377 2658 Herilli
1392 2637 1554 2657 summum
1574 2624 1700 2657 bonum
1718 2631 1769 2656 est

999 2670 1137 2702 scientia
1157 2668 1244 2713 (κατ’
1256 2667 1446 2714 iaici-‹fimi›
1464 2671 1549 2715 ζῇν).
1588 2671 1638 2702 De
1652 2672 1769 2703 Herillo

1001 2715 1046 2747 cf.
1068 2715 1164 2757 Diog.
1187 2717 1225 2747 L.
1249 2717 1320 2748 vn.
1346 2715 1589 2759 c.-111.§.165.
1625 2717 1666 2749 V.
1689 2727 1766 2748 eru·-

1001 2760 1197 2792 ditissimam
1223 2761 1476 2794 adnotationem
1494 2764 1598 2794 Beieri.
1615 2761 1659 2794 ad
1669 2761 1768 2794 Offic.

1001 2808 1026 2837 I.
1038 2806 1070 2844 2,
1081 2805 1113 2838 6.
1126 2818 1159 2849 p.
1173 2806 1224 2838 15.
1247 2806 1343 2838 Adde
1355 2817 1417 2838 nos
1428 2807 1461 2841 in
1472 2807 1558 2840 libro
1568 2807 1660 2840 diem
1669 2819 1703 2852 p.
1716 2806 1770 2841 72.

1070 2852 1112 2883 Ili
1144 2852 1220 2891 quid
1247 2853 1367 2890 possint
1396 2855 1551 2896 obtinere]
1570 2853 1613 2884 H.
1632 2864 1660 2886 e.
1683 2863 1769 2896 quo-

1002 2895 1105 2928 modo
1139 2895 1304 2927 sententia
1336 2896 1413 2935 illa,
1450 2909 1518 2940 qua
1545 2897 1669 2930 virtute
1699 2896 1770 2928 vita

1002 2941 1110 2973 beata.
1122 2941 1240 2973 confici
1258 2941 1388 2981 dicitur,
1415 2954 1433 2974 e
1447 2943 1648 2985 singularum
1667 2941 1770 2975 disci·-
