1811 3069
177 44 232 86 46
751 50 1188 95 LIBER1.6,11.12.

176 149 273 189 quos
296 147 369 175 nec
394 141 431 174 te
451 131 503 173 L.
525 129 695 173 Crassus
721 132 923 183 defendet,
976 147 1047 173 nec
1069 131 1128 174 M.
1154 133 1378 185 Antonius,
1422 147 1517 185 nee,
1560 135 1741 189 quoniam

174 208 272 263 apud
308 205 486 248 Graecos
517 206 665 247 iudices
697 219 762 246 res
793 213 956 261 agetur,
997 207 1144 262 poteris
1185 207 1370 248 adhibere
1399 206 1733 253 Demosthenem:

173 282 243 322 tibi
275 281 348 337 ipsi
379 295 447 336 pro
480 287 516 320 te
545 280 620 320 erit
648 279 821 321 maxima
852 294 998 321 corona
1027 294 1166 321 caussa
1195 280 1369 323 dicenda.
1428 280 1539 322 Haec
1569 282 1739 323 fortasse

173 356 312 396 metuis
343 362 382 395 et
411 354 555 394 idcirco
586 342 751 394 mortem
782 367 921 395 censes
953 368 1041 395 esse
1072 354 1351 410 sempiternum
1382 355 1539 396 malum.

286 426 359 469 Vl.
430 428 484 467 Α.
524 427 691 468 Adeone
729 441 791 469 me
829 428 1200 479 delirare-censes,
1240 433 1283 468 ut.
1312 427 1387 469 ista
1427 442 1517 470 esse
1555 429 1738 470 credam?

174 503 239 543 M.
272 501 337 542 An
360 509 399 541 tu
420 501 516 542 baec
537 515 613 541 non
636 502 792 542 credis?
850 501 905 542 Α.
938 500 1103 542 Minime
1121 515 1235 542 vero.
1299 501 1367 542 M.
1398 500 1530 553 Male,
1564 502 1736 554 hercule,

379 575 434 616 A.
460 572 573 616 Cur?
603 589 763 630 quaeso.
818 575 885 616 M.
921 573 1024 629 Quia
1045 576 1213 616 disertus
1237 589 1326 616 esse
1349 589 1522 631 possem,
1544 576 1578 616 si
1601 584 1738 616 contra

630 649 686 689 Α.
722 647 821 702 Quis
846 649 949 690 enim
973 663 1051 690 non
1075 649 1115 689 in
1139 649 1329 690 eiusmodi
1353 651 1522 691 caussa?
1552 656 1619 690 aut
1649 650 1738 704 quid

171 590 322 616 narras.

169 650 243 690 ista
263 638 454 690 dicerem.
519 655 586 690 11.

168 724 315 778 negotii
342 730 423 775 est,
457 723 553 763 haec
577 728 778 778 poetarum
798 730 836 764 et
858 723 1046 778 pictorum
1069 730 1246 777 portenta
1265 723 1531 764 convincere?
1573 723 1641 764 M.
1661 722 1737 763 At-

169 797 233 851 qui
274 797 376 852 pleni
413 796 501 837 libri
532 804 622 837 sunt
663 803 799 837 contra
840 797 916 837 ista
955 797 1040 852 ipsa
1081 797 1356 838 disserentium
1398 797 1732 852 philosophorum.

166 871 223 911 Α.
262 869 397 926 Inepte
423 884 533 911 sane.
597 868 695 924 Quis
730 877 790 911 est
813 870 916 910 enim
954 877 1032 911 tam
1058 884 1226 922 excors,
1273 885 1387 925 quem
1420 871 1496 911 ista
1521 872 1736 912 moveant?

169 945 236 986 M.
273 943 315 985 Si
338 959 430 999 ergo
457 944 555 999 apud
583 943 731 984 inferos
755 943 888 984 miseri
914 957 992 983 non
1017 951 1134 994 sunt,
1181 958 1230 984 ne
1255 951 1345 984 sunt
1370 944 1523 998 quidem
1551 945 1651 999 apud
1677 945 1738 985 in-

167 1019 274 1059 feros
309 1019 391 1058 ulli.
452 1018 508 1058 A.
542 1015 602 1057 Ita
626 1031 787 1072 prorsus
813 1017 1012 1057 existimo.
1076 1017 1143 1058 M.
1177 1015 1254 1058 Ubi
1287 1024 1379 1058 sunt
1409 1031 1504 1072 ergo
1544 1017 1596 1070 ii,
1639 1032 1735 1073 quos

164 1093 330 1133 miseros
347 1092 472 1132 dicis?
502 1098 569 1131 aut
591 1104 703 1145 quem
722 1091 847 1131 locum
870 1090 1074 1131 incolunt?
1103 1092 1135 1131 si
1160 1091 1262 1132 enim
1284 1098 1395 1142 sunt,
1428 1105 1621 1146 nusquam
1645 1106 1735 1133 esse

163 1181 242 1206 non
264 1172 441 1221 possunt.
502 1165 558 1205 Α.
591 1163 680 1218 Ego
702 1179 798 1204 vero
825 1178 1016 1218 nusquam
1043 1178 1130 1205 esse
1153 1164 1241 1205 illos
1264 1173 1371 1219 puto.
1434 1165 1501 1206 M.
1535 1163 1662 1219 Igitur
1686 1180 1735 1207 ne

163 1254 254 1281 esse
277 1240 459 1294 quidem?
504 1238 560 1278 Α.
593 1236 763 1278 Prorsus
785 1237 860 1277 isto
885 1238 999 1277 modo
1014 1269 1024 1288 ,
1067 1245 1106 1277 et
1129 1244 1259 1277 tamen
1282 1238 1449 1278 miseros
1473 1238 1521 1278 ob
1542 1238 1581 1279 id
1607 1239 1731 1293 ipsum

163 1314 346 1367 quidem,
380 1313 470 1366 quia
494 1312 587 1351 nulli
615 1318 721 1352 sunt.

163 1392 277 1441 quam
306 1386 381 1426 ista
405 1393 482 1426 tam
506 1384 794 1425 inconsiderate
821 1384 987 1425 diceres.

936 1457 1011 1499 Ubi
1038 1465 1099 1498 est
1120 1472 1283 1498 acumen
1307 1459 1444 1498 tuum?
1483 1472 1598 1513 quum
1626 1460 1730 1499 enim

162 1473 251 1500 esse
276 1473 420 1514 negas,
461 1459 625 1505 eundem
652 1472 740 1498 esse
763 1457 874 1499 dicis.

160 1524 345 1574 miserum
375 1546 462 1573 esse
490 1532 610 1583 dicis,
653 1539 733 1572 tum
761 1545 876 1582 eum,
919 1532 983 1586 qui
1009 1546 1088 1572 non
1111 1531 1188 1582 sit,

906 1605 974 1646 M.
1008 1603 1111 1658 Quid
1136 1605 1232 1646 dicis
1254 1605 1403 1660 igitur?
1450 1605 1507 1646 A.
1535 1604 1730 1647 Miserum

161 1621 246 1648 sum
266 1607 320 1648 ita
340 1606 461 1648 hebes
476 1637 487 1658 ,
519 1613 562 1647 ut
582 1606 684 1646 istud
707 1605 848 1646 dicam.

227 1727 356 1768 corona]
372 1724 493 1757 circulo
506 1724 675 1757 hominum
688 1731 853 1756 oratorem
867 1723 929 1756 cir-

161 1771 402 1804 cumstantium.
427 1771 466 1803 V.
478 1772 610 1802 Erneslii
627 1770 715 1801 Clav.
730 1769 832 1801 Cicer.
847 1769 878 1801 h.
895 1781 925 1801 v.

230 1818 307 1849 CAP.
328 1818 384 1848 H
431 1818 513 1847 male
542 1814 671 1858 narras]
706 1817 807 1855 Male,
843 1817 925 1854 bene,

158 1865 251 1902 probe
270 1868 401 1894 uastare
422 1860 548 1893 locutio
571 1867 621 1892 est
643 1860 783 1891 maxime
807 1867 927 1903 poeta-

158 1918 232 1939 rum
253 1907 453 1939 comicorum
474 1905 607 1948 propria
630 1905 671 1936 de
695 1917 755 1941 eo
792 1905 847 1948 qui
873 1904 926 1937 al·-

158 1953 259 1984 terius
278 1963 442 1990 sermone,
462 1950 660 1989 narratione,
681 1950 774 1982 dicto
792 1951 845 1983 vel
860 1950 925 1983 do·-

158 1997 226 2039 let,
251 1996 305 2028 vel
325 1996 457 2039 gaudet.

229 2041 279 2075 11.
329 2044 406 2082 Quis
428 2040 523 2083 enim]
560 2041 603 2072 H.
629 2052 657 2071 e.
682 2040 781 2071 facile
805 2040 924 2079 cred03

160 2087 231 2132 quis
252 2087 338 2118 enim
359 2087 390 2118 in
416 2085 627 2118 confutandis
648 2085 808 2117 eiusmodi
830 2097 925 2117 com-

159 2132 280 2165 mentis
301 2132 442 2163 disertus
464 2142 533 2162 esse
553 2142 620 2162 non
639 2129 778 2173 posset?
819 2131 925 2182 Saepe

159 2191 178 2210 a
206 2177 372 2210 veteribus
393 2176 609 2219 scriptoribus
630 2174 809 2218 paiticulae
843 2178 925 2206 enim

159 2230 194 2254 et
216 2234 291 2256 nam
314 2222 361 2253 ita
384 2228 572 2264 ponuntur,
611 2228 646 2252 ut
663 2221 718 2259 id,
756 2220 844 2251 cuius
867 2232 924 2251 ra·-

158 2268 282 2300 tionem
305 2267 457 2304 reddunt,
485 2265 687 2308 cogitatione
705 2264 924 2307 supplendum

158 2313 211 2345 sit.
252 2314 293 2346 V.
307 2315 443 2345 Kahner.
455 2312 494 2343 L.
511 2312 568 2344 Gr.
586 2313 614 2356 §-
632 2311 695 2344 13&
705 2317 734 2342 a.
746 2309 779 2342 2.
800 2321 833 2353 p.
846 2308 923 2343 348.

158 2358 378 2445 ecl-J2Jortenta]
417 2402 471 2434 Sic
493 2413 593 2444 saepe
615 2400 767 2433 dicuntur
786 2399 923 2432 mirabi-

158 2449 202 2482 lia
225 2454 420 2481 commenta.
466 2447 509 2478 N.
535 2448 574 2478 D.
597 2447 631 2485 1,
654 2445 714 2479 16:
740 2457 811 2477 cum
836 2457 922 2488 poe-

157 2502 266 2528 tarum
296 2505 407 2527 errore
435 2492 633 2535 coniungere
665 2491 744 2523 licet
768 2497 922 2533 portenta

158 2551 338 2583 magorum.

223 2588 308 2626 pleni
340 2586 424 2627 libri]

157 2631 268 2674 plane,
290 2637 325 2662 ut
346 2641 409 2672 pro
430 2628 528 2661 Arch.
543 2630 571 2672 §-

159 2686 263 2712 omnes
295 2678 365 2707 libri
391 2674 520 2735 mobis:
553 2675 615 2706 voll
636 2672 775 2714 davum:

162 2717 504 2762 Sturenb11r9.p.104.

226 2768 440 2797 disserentium
465 2762 731 2806 philosophorum]
764 2761 921 2794 Vocabu-

160 2809 228 2840 lum
258 2812 509 2851 philosophorum
544 2809 658 2840 Cicero
700 2808 733 2839 iu
775 2807 923 2838 ultimam

162 2854 395 2886 enuntiationis
417 2855 529 2887 sedem
550 2853 684 2891 reiecit,
709 2864 774 2897 quo
798 2852 922 2885 maiore

162 2898 195 2930 vi
214 2899 404 2937 efferretur3
428 2899 620 2944 philosophi
641 2898 726 2931 enim
743 2909 922 2942 opponun-

160 2949 216 2975 tur
236 2943 343 2987 poetis
366 2951 399 2976 et
419 2945 612 2988 pictoribus.
657 2945 710 2977 De
731 2944 794 2976 hac
814 2943 922 2976 collo-

471 2585 559 2616 Plem'
593 2581 743 2614 absolute
777 2580 923 2624 positum

589 2625 646 2660 14:
673 2629 734 2659 Sed
751 2629 836 2666 pleni
853 2631 924 2659 sunt

811 2671 864 2703 ubi
888 2683 921 2705 v.

787 1317 853 1351 12.
889 1310 955 1351 M.
989 1309 1071 1351 Iam
1095 1311 1247 1351 mallem
1274 1309 1492 1351 Cerberum
1513 1318 1727 1363 metueres,

1048 1384 1104 1424 A.
1140 1383 1244 1438 Quid
1269 1385 1452 1425 tandem?
1500 1384 1567 1426 M.
1603 1383 1728 1438 Quem

1533 1531 1590 1572 A.
1634 1531 1729 1573 Non

1233 1531 1328 1572 dicis
1359 1545 1463 1573 esse.

963 1723 1094 1756 catione
1113 1736 1144 1758 v.
1158 1725 1294 1757 Κίὶὴηεν.
1309 1724 1367 1756 Gr.
1380 1724 1421 1756 L.
1437 1725 1467 1770 §.
1482 1723 1556 1766 167,
1573 1723 1602 1758 1.
1616 1722 1730 1769 11.-’166

961 1781 1009 1813 sq.
1031 1769 1083 1801 ed.
1097 1769 1130 1802 2.

1027 1825 1065 1847 ηε
1087 1818 1156 1846 sunt
1177 1815 1316 1856 quidem]
1351 1814 1535 1846 Paiticulae
1555 1825 1645 1847 ηε-
1659 1817 1728 1855 qui-

961 1862 1032 1892 dem
1052 1871 1118 1892 non
1139 1859 1369 1902 gradationem
1390 1861 1484 1901 [nicht
1504 1859 1630 1900 einmal)
1656 1860 1690 1892 h.
1704 1859 1726 1891 l.

960 1904 1156 1948 significant,
1179 1905 1249 1941 sed
1275 1905 1322 1936 uti
1343 1916 1454 1947 saepe,
1480 1916 1552 1936 eam
1575 1905 1642 1936 vim
1663 1904 1727 1938 han

959 1951 1052 1989 bent,
1077 1957 1113 1982 ut
1135 1949 1406 1982 antecedentibus
1428 1949 1554 1993 aliquid
1573 1949 1728 1992 negative

960 1995 1159 2050 adiungant,
1197 2002 1233 2027 ut
1256 2002 1349 2027 nostr
1353 2007 1407 2026 um
1430 1997 1511 2028 auch
1532 1996 1635 2034 nicht,
1676 2006 1724 2054 gr.

960 2038 1050 2077 οὖδέ
1111 2040 1403 2084 Cf.§.·1.›.c.7‚
1432 2038 1483 2073 14.
1506 2040 1568 2078 Β,
1593 2040 1649 2073 53.
1669 2037 1726 2072 54.

1025 2097 1181 2127 nusquam
1203 2096 1264 2118 esse
1281 2096 1343 2118 non
1364 2085 1506 2128 possunt]
1531 2085 1573 2116 H.
1595 2096 1623 2116 e.
1656 2084 1728 2117 fieri

960 2142 1027 2163 non
1050 2138 1172 2174 potest,
1199 2130 1276 2174 quin
1301 2141 1437 2174 usquam
1458 2129 1544 2168 sint3
1570 2129 1642 2163 vel:
1669 2141 1726 2162 us—

959 2187 1013 2219 qu
1004 2188 1055 2207 im
1077 2176 1143 2207 sint
1162 2187 1295 2207 necesse
1319 2182 1377 2208 est.

1025 2223 1122 2261 Igitur
1141 2230 1178 2252 ne
1200 2230 1263 2252 esse
1287 2220 1425 2263 quidem]
1454 2222 1554 2260 Ι9ἱίιιν
1575 2220 1608 2252 in
1629 2219 1724 2252 initio

958 2265 1117 2297 sermonis
1147 2265 1310 2296 rarissime
1334 2265 1422 2307 apud
1452 2264 1645 2297 Ciceronem
1668 2277 1725 2298 re-

958 2310 1104 2354 peritur,
1129 2321 1191 2341 nec
1212 2310 1302 2347 fere,
1327 2309 1388 2340 nisi
1411 2309 1445 2340 in
1465 2309 1687 2341 conclusione.

1029 2355 1080 2388 1⁸.)-
1127 2365 1222 2395 quam
1250 2357 1311 2386 ista
1335 2358 1401 2386 tam
1422 2356 1646 2388 inconsiderate
1670 2357 1724 2388 di-

958 2402 1052 2445 ceres]
1079 2399 1215 2431 Pluralis
1237 2402 1297 2431 isla
1317 2411 1383 2431 non
1403 2399 1510 2432 solum
1527 2399 1570 2431 ad
1588 2407 1723 2439 senten-

955 2446 1036 2478 tiam
1058 2445 1328 2477 antecedentem:
1366 2449 1393 2477 ει
1415 2449 1519 2477 tamen
1539 2447 1666 2478 miseros
1687 2446 1724 2478 ob

954 2493 988 2523 id
1013 2494 1114 2532 ipsum
1135 2493 1270 2531 quidem,
1295 2492 1369 2531 quia
1388 2492 1468 2523 nulli
1486 2493 1557 2522 sunt
1577 2490 1724 2533 respicit,

955 2537 1015 2568 sed
1038 2536 1135 2568 etiam
1161 2547 1199 2568 ea
1220 2534 1382 2574 includit,
1407 2546 1490 2579 quae
1511 2534 1561 2566 itti
1582 2542 1721 2567 senten-

956 2581 1022 2613 tiae
1051 2581 1168 2613 similia
1199 2586 1288 2613 sunt.
1335 2583 1440 2623 Saepe
1472 2579 1559 2612 enim
1592 2587 1722 2612 veteres

956 2626 1134 2670 scriptores
1167 2637 1336 2658 numerum
1363 2625 1525 2669 pluralem
1545 2625 1719 2668 pronomi-

956 2683 1054 2711 num,
1090 2671 1167 2703 licet
1188 2670 1406 2714 praecesserit
1428 2669 1481 2701 vel
1504 2669 1722 2712 subsequatur

956 2716 1195 2748 substantivum
1219 2715 1374 2758 singulari
1394 2725 1553 2753 numero,
1586 2714 1634 2746 ita
1653 2726 1721 2759 po-

956 2768 1048 2799 nunt,
1073 2767 1108 2792 ut
1127 2772 1194 2792 non
1214 2761 1319 2792 solum
1340 2759 1374 2791 id
1394 2759 1608 2802 significetur,
1629 2760 1719 2803 quod

956 2806 1153 2843 antecessit,
1187 2805 1246 2836 sed
1267 2805 1366 2837 etiam
1389 2816 1448 2845 ea,
1472 2815 1555 2848 quae
1576 2804 1625 2836 illi
1644 2812 1720 2837 sunt

953 2851 1087 2883 similia.
1135 2850 1185 2882 Cf.
1203 2850 1290 2882 infra
1309 2862 1336 2882 c.
1354 2849 1414 2889 11,
1438 2850 1500 2882 22.
1537 2848 1630 2894 apud
1648 2853 1721 2882 istos

958 2896 992 2941 (i.
1018 2907 1047 2928 e.
1075 2895 1323 2937 Democritum,
1360 2895 1416 2938 qui
1444 2901 1542 2927 antea
1571 2906 1721 2928 comme-

956 2948 1103 2975 moratus
1124 2947 1206 2980 erat,
1230 2947 1264 2973 et
1283 2940 1338 2985 qui
1357 2940 1425 2973 eius
1447 2940 1646 2974 sententiam
1663 2951 1720 2973 se-
