1859 3117
603 72 774 105 Lmen
799 74 825 107 1.
850 71 916 115 44,
943 70 1121 107 105.106.
1579 67 1661 110 115

66 156 167 199 viae
191 161 270 198 est.
343 153 524 209 To'taque
551 152 599 193 de
628 152 782 193 ratione
813 153 1052 195 humationis
1083 167 1203 195 unum
1233 154 1446 195 tenendum
1477 161 1561 207 est,
1605 157 1654 198 ad

66 244 210 286 corpus
231 230 337 271 illam
363 229 562 286 pertinere
578 261 588 280 ‚
623 227 708 269 sive
739 227 930 269 occiderit
956 228 1136 280 animus,
1170 229 1256 271 sive
1281 229 1430 284 vigeat.
1492 227 1541 271 Iu
1566 245 1654 271 cor-

65 319 161 362 pore
184 312 312 347 autem
328 335 339 356 ,
373 302 622 359 perspicuum
647 308 731 354 est,
764 301 830 342 vel
853 302 1050 343 exstineto
1073 303 1203 344 animo
1225 303 1290 345 vel
1312 304 1472 361 elapso,
1505 305 1653 347 nullum

63 380 243 422 residere
273 391 449 420 sensum.

179 451 338 494 XLIV.
375 458 471 494 105.
506 449 587 493 Sed
611 450 726 507 plena
749 463 929 491 errorum
951 456 1045 491 sunt
1069 452 1215 493 onmia.
1274 452 1420 496 Trahit
1439 453 1656 497 Hectorem

64 528 111 570 ad
135 542 292 569 currum
315 527 523 583 religatum
547 525 750 576 Achille-s3
784 525 952 566 lacerari
975 539 1064 566 eum
1084 534 1123 566 et
1146 527 1295 568 sentire
1310 561 1320 580 ‚
1355 530 1474 571 credo
1489 562 1499 582 ‚
1527 536 1651 585 putat.

63 601 175 658 Ergo
199 602 261 644 hic
287 601 512 653 ulciscitur,
555 607 598 642 ut
621 600 776 656 quidem
805 599 881 640 sibi
909 600 1082 642 videtur.
1143 600 1201 642 At
1222 602 1290 643 illa
1319 603 1422 644 sicut
1444 603 1655 646 acerbissi-

66 691 168 718 mam
197 691 282 719 rem
312 683 485 717 maeret:

400 750 508 798 Vidi,
543 752 669 789 videre
698 752 799 803 quod
826 765 883 789 me
906 764 1025 802 passa
1055 753 1293 802 aegerrume,

394 827 593 865 Hectorem
625 839 744 864 curru
775 825 1005 878 quadriiugo
1039 822 1246 878 ruptiis-[er.

66 898 196 956 Quem
227 898 474 941 Hectorem?
511 906 578 940 aut
611 899 795 955 quamdiu
826 899 893 941 illc
926 900 1004 941 erit
1034 899 1217 942 Hector?
1256 899 1405 942 Melius
1436 901 1586 943 Accius
1617 908 1658 944 ct

65 975 274 1042 aliquando
304 974 462 1030 sapiens
492 973 698 1015 Achilles:

211 1054 323 1090 Immo
345 1052 531 1089 enimvero
560 1050 697 1101 corpus
721 1051 872 1088 Priamo
898 1051 1067 1097 reddidi,
1103 1053 1302 1090 Heclorem
1325 1051 1476 1091 abstuli.

64 1123 161 1166 Non
201 1124 322 1179 igitur
360 1122 536 1164 Hectora
578 1123 758 1174 traxisti,
812 1124 882 1164 sed
921 1138 1090 1179 corpus,
1143 1125 1246 1179 quod
1285 1125 1414 1166 fuerat
1449 1123 1653 1166 Hectoris.

69 1205 166 1241 106.
200 1197 308 1239 Ecce
331 1198 429 1239 alius
453 1197 636 1238 exoritur
658 1211 679 1238 e
701 1205 808 1238 terra
826 1231 837 1251 ‚
872 1198 936 1253 qui
961 1206 1124 1240 matrem
1148 1199 1319 1240 dormire
1342 1214 1420 1240 non
1437 1201 1568 1242 sinat:

237 1268 367 1312 Alciter
379 1303 390 1320 ,
426 1280 461 1312 le
485 1274 633 1325 appello
646 1303 657 1320 ,
693 1287 789 1325 quae
809 1287 939 1313 earam
964 1276 1092 1313 somno
1115 1270 1334 1326 suspensam
1359 1276 1474 1323 levas,

236 1349 369 1400 Neque'
399 1354 435 1386 te
464 1349 540 1386 mei
565 1349 742 1386 me'sere't:
776 1362 895 1399 surge
923 1356 963 1387 et
989 1348 1107 1401 sepeli
1133 1353 1296 1388 nalum!
1322 1372 1378 1379 -

68 1406 199 1478 (Haec
228 1436 346 1477 quum
374 1421 522 1478 pressis
546 1428 584 1462 et
606 1421 797 1463 flebilibus
819 1422 970 1474 modis,
1014 1423 1078 1478 qui
1109 1422 1200 1464 totis
1228 1423 1393 1465 theatris
1419 1423 1657 1466 maestitiam

65 1524 250 1568 tragoedia.
286 1525 336 1556 De
354 1519 582 1569 παρηχήματι
600 1526 671 1558 Vidi
690 1527 795 1558 videre
812 1537 844 1557 v.

14 1580 17 1584 ’
66 1570 110 1603 ad
132 1583 159 1603 c.
173 1570 227 1609 35,
248 1569 310 1603 85:
333 1573 366 1603 vi
384 1573 484 1603 vitam
502 1573 623 1603 evitari.
669 1572 706 1603 Iu
729 1583 760 1603 v.
782 1573 844 1604 He-

65 1621 180 1649 ctorem
208 1618 261 1648 Fr.
284 1618 421 1649 Ritterus
455 1616 489 1648 iu
522 1617 664 1648 Elemm.
692 1618 842 1648 Gramm.

66 1663 143 1697 Lat.
168 1661 276 1694 Berol.
298 1663 395 1695 1531.
412 1659 502 1705 p.45
519 1674 569 1706 sq.
605 1663 843 1706 paenultimam

66 1719 136 1740 non
170 1715 239 1739 tam
274 1707 525 1751 producendam
563 1716 694 1749 censet,
745 1721 843 1752 quarn

67 1752 271 1796 acuendam,
306 1753 398 1796 quasi
421 1765 562 1798 sequens
582 1754 695 1787 littera
718 1754 844 1799 liquida

66 1798 189 1843 duplex
211 1799 266 1831 sit.

133 1846 288 1886 quamdiu
310 1847 360 1878 ille
385 1848 441 1878 erit
464 1848 578 1879 Hector
589 1846 620 1890 ?]
660 1846 776 1878 Cicero
802 1845 845 1878 ad

65 1889 102 1922 id
121 1897 273 1935 tempus,
311 1902 377 1934 quo
401 1892 539 1924 Hecuba
559 1892 673 1924 locuta
698 1892 844 1934 fingitur,

1 1959 3 1974 z
65 1942 180 1969 mente
211 1936 366 1976 rediens,
402 1937 520 1969 verba:
565 1938 664 1976 Quem
688 1940 753 1969 H.?
791 1940 846 1968 aui

2 1997 4 2001 ·
65 1984 219 2024 quamdiu
242 1984 293 2015 ille
317 1987 373 2015 erit
395 1985 464 2015 H.?
500 1982 544 2014 ad
569 1982 741 2014 Hecubam
766 1988 846 2013 tan-

67 2036 410 2080 quam-praesentem
444 2027 568 2078 dirigit.
629 2027 680 2058 Cf.
709 2030 738 2071 ᾗ.
762 2027 843 2061 107:

65 2073 147 2106 Non
179 2085 253 2116 ipsa
283 2085 362 2105 saxa
384 2084 488 2115 magis
510 2084 609 2104 sensu
632 2073 721 2104 omni
742 2083 846 2105 vaca—

0 2124 5 2137 ¹¹
67 2121 161 2159 bunt,
187 2130 285 2162 quam
304 2118 436 2158 ille-——‚
463 2118 514 2150 cui
534 2130 570 2149 se
588 2118 643 2150 hic
666 2119 847 2151 cruciatum

69 2170 183 2196 censet
195 2170 330 2207 optare:
351 2163 405 2196 ubi
420 2162 519 2196 etiam
533 2164 588 2196 alii
601 2164 664 2207 leg.
677 2167 845 2197 vacabant.

142 2211 316 2250 aliquando
329 2211 469 2253 sapiens]
491 2211 532 2242 H.
550 2221 579 2242 e.
594 2222 682 2242 nunc
696 2211 843 2249 tandem,

0 2260 9 2280 ⁵1
67 2261 287 2298 posteaquam
323 2255 445 2287 diutius
480 2255 598 2287 saeviit
629 2255 663 2288 in
689 2256 845 2289 Hectoris

8 2317 10 2322 ·
69 2311 208 2344 corpus,
244 2300 288 2333 ad
323 2313 436 2333 sanam
468 2308 615 2334 mentem
648 2301 781 2334 rediens
812 2309 846 2334 et

0 2346 10 2376 ι’·
68 2345 278 2389 intelligens,
305 2358 424 2391 corpus
446 2347 623 2386 Hectoris,
649 2359 718 2380 non
737 2348 845 2391 ipsum

66 2392 251 2425 Hectorem
271 2404 290 2425 a
313 2405 348 2425 se
367 2393 549 2426 laceratum
570 2405 651 2428 esse.
698 2394 750 2426 De
769 2405 844 2428 voc,

68 2440 241 2479 aliquando
266 2438 309 2470 cf.
332 2438 375 2471 ad
396 2441 431 2480 ῐ,
459 2440 497 2479 1,
525 2440 553 2472 1.

39 2497 45 2506 =
135 2484 249 2527 Immo]
279 2485 324 2516 Ut
344 2496 458 2517 versus
479 2484 669 2517 trochaicus
688 2491 844 2528 septena-

69 2527 134 2561 rius
154 2536 322 2569 servetur,
348 2530 527 2573 legendum
548 2537 600 2562 est
617 2532 715 2563 immo
733 2530 844 2565 ‹⁸5an-

148 2599 156 2606 .
215 2577 294 2608 Ter.
318 2576 421 2609 Andr.
446 2578 471 2608 Ι.
502 2577 539 2615 1,
575 2573 639 2609 64:
674 2573 844 2611 Enimvero

14 2625 17 2630 '
70 2627 256 2662 spectatum
273 2621 364 2654 satis.
411 2622 495 2655 Hec.
510 2623 568 2654 IV.
589 2620 622 2660 -1,
643 2621 706 2654 51:
734 2622 845 2656 ἕηῖνη-

16 2678 18 2706 2
71 2673 143 2698 vero
165 2677 299 2710 prorsus
322 2667 388 2700 iam
411 2673 524 2700 tacere.
544 2678 611 2699 non
636 2679 732 2711 queo.

16 2713 18 2720 ⁴
138 2712 206 2744 Non
227 2714 323 2753 iyilur
354 2714 502 2757 Hectora]
540 2715 649 2754 Quum
674 2713 788 2745 Cicero
810 2712 845 2744 iu

73 2764 173 2797 prosa
197 2757 348 2790 oratione
380 2770 513 2802 semper
540 2764 679 2801 usurpet
708 2759 846 2790 latinam

75 2798 216 2850 formam
236 2805 416 2845 Hectorem,
440 2804 474 2838 h.
498 2804 521 2836 l.
546 2816 587 2837 eo
610 2803 713 2847 magis
739 2804 846 2836 offen-

76 2842 127 2875 dit
150 2856 266 2888 graeca
292 2849 421 2889 forma,
443 2850 534 2894 quod
559 2850 593 2882 in
620 2849 711 2882 Accii
736 2849 846 2882 verbis

74 2890 235 2924 Hectorem
256 2892 380 2927 dictum
413 2902 486 2934 est;
521 2895 582 2928 sed
603 2895 847 2938 refragantibus

76 2935 227 2968 omnibus
250 2937 322 2970 fere
344 2939 438 2973 libris
468 2952 565 2973 ausus
599 2952 669 2973 non
700 2952 773 2973 sum
793 2941 848 2972 le-

76 2979 222 3014 ctionem
245 2983 405 3018 Hectorem
423 2996 598 3029 reponere.
646 2987 698 3018 De
727 2996 849 3028 graeco

877 1526 1066 1558 accusativo
1080 1539 1109 1559 v.
1126 1529 1264 1560 Kiilmer.
1277 1527 1316 1559 L.
1333 1527 1390 1559 Gr.
1405 1527 1434 1571 {5-
1446 1526 1500 1568 21,
1515 1526 1550 1572 d)
1567 1539 1600 1572 p.
1612 1524 1657 1561 34

877 1584 928 1616 sq.
951 1572 1004 1604 ed.
1022 1576 1054 1606 2.

950 1618 1023 1652 106.
1047 1618 1161 1662 Mater]
1185 1620 1269 1650 Sunt
1290 1619 1478 1651 tetrametri
1496 1618 1658 1651 trochaici

879 1663 1076 1696 catalectici.
1122 1666 1160 1696 In
1193 1664 1380 1708 posteriore
1409 1676 1505 1696 versu
1536 1664 1657 1697 vocula

878 1710 988 1754 aliqua
1010 1710 1126 1750 deest,
1151 1713 1328 1750 smprius,
1354 1710 1444 1754 quod
1467 1710 1581 1742 statim
1598 1721 1658 1742 se-

880 1763 1002 1799 quitur.

948 1811 1029 1841 quae
1060 1811 1172 1833 curam
1202 1819 1245 1825 —-
1278 1800 1379 1844 levas]
1416 1801 1460 1835 H.
1485 1812 1514 1833 e.
1544 1812 1657 1834 curam

880 1858 999 1879 somno
1021 1845 1214 1889 suspendis,
1240 1846 1273 1878 h.
1288 1857 1317 1877 e.
1339 1858 1459 1878 somno
1482 1846 1655 1879 intermit-

882 1892 921 1923 tis
947 1891 998 1922 vel
1018 1891 1195 1934 supprimis
1218 1898 1252 1923 et
1271 1892 1373 1924 levas.
1425 1892 1526 1936 Sequi
1549 1892 1657 1925 debe-

882 1937 938 1968 bat
961 1941 996 1968 et
1020 1948 1071 1977 qu
1083 1948 1143 1969 am
1167 1940 1227 1969 mei
1251 1948 1313 1970 non
1337 1941 1471 1971 miseret.
1517 1939 1558 1972 V.
1583 1938 1657 1971 Ad-

882 1989 998 2015 notata
1024 1983 1057 2014 in
1083 1984 1121 2016 V.
1137 1982 1177 2021 3,
1203 1982 1236 2016 ὅ.

946 2031 1064 2068 pressis
1086 2033 1113 2060 et
1134 2031 1288 2070 flebilibus
1309 2029 1425 2073 modis]
1463 2031 1551 2062 Modi
1571 2041 1657 2074 pro-

883 2073 954 2117 prie
973 2074 1128 2106 dicuntur
1149 2074 1182 2106 in
1206 2074 1351 2107 musicis.
1402 2075 1453 2107 Cf.
1472 2075 1598 2108 Adnot.
1612 2075 1658 2108 ad

882 2121 940 2151 ΠΙ.
958 2117 1009 2158 19,
1033 2118 1087 2153 45.
1114 2119 1157 2151 de
1179 2122 1270 2152 Orat.
1287 2122 1345 2153 ΙΙΙ.
1359 2120 1416 2164 26,
1443 2121 1524 2154 102:
1550 2121 1656 2153 illi—-

881 2165 936 2209 qui
966 2165 1119 2198 fecerunt
1147 2166 1266 2199 modos
1298 2167 1431 2210 (graece
1453 2166 1657 2211 ἐμελοποίη-

882 2211 968 2251 σειν).
1014 2214 1127 2252 „Medi
1145 2219 1222 2244 sunt
1245 2219 1425 2245 concentus
1445 2212 1562 2245 musici
1584 2213 1656 2256 (das

882 2258 1244 2301 Accompagnement)‚
1292 2259 1347 2302 qui
1380 2259 1482 2291 verba
1514 2260 1657 2302 (textum

881 2304 1016 2343 vocant)
1035 2303 1292 2336 comitabantur.
1334 2305 1426 2337 Haec
1439 2305 1541 2337 allata
1554 2304 1656 2337 verba

879 2349 1092 2392 requirebant
1108 2361 1169 2393 pro
1185 2357 1380 2393 argumento
1402 2357 1435 2382 et
1450 2350 1580 2382 ratione
1600 2350 1656 2381 lo-

879 2395 1010 2438 quentis
1031 2406 1194 2438 personae
1210 2396 1331 2428 modos
1350 2407 1493 2437 pressos,
1516 2396 1538 2427 i.
1554 2407 1582 2427 e.
1606 2394 1655 2426 le-

878 2453 937 2473 nes
963 2442 1099 2483 (piano),
1121 2448 1281 2484 tanquam
1304 2442 1458 2482 umbrae,
1484 2448 1518 2473 et
1540 2442 1656 2482 flebiles

882 2487 1078 2530 (mestosolf‘
1126 2489 1261 2520 Orellius
1279 2498 1401 2528 pressos
1421 2489 1530 2519 modos
1552 2485 1654 2517 vertit

878 2544 956 2576 per:
984 2535 1016 2564 in
1035 2535 1231 2574 la719samem
1254 2535 1348 2565 Takte
1370 2532 1546 2575 (Adugiok
1570 2542 1656 2573 qua-

878 2578 926 2610 les
947 2578 1075 2610 numeri
1093 2578 1242 2610 tristibus
1264 2585 1299 2610 et
1320 2578 1464 2622 querulis
1478 2575 1654 2608 affectibus

881 2630 1086 2666 congruunt3
1113 2635 1220 2667 comp.
1243 2625 1286 2655 N.
1309 2625 1350 2655 D.
1375 2625 1424 2662 Il,
1450 2623 1510 2655 59:
1550 2632 1652 2653 sonos

880 2669 972 2701 vocis
994 2669 1170 2701 distinctos
1191 2677 1224 2701 et
1247 2680 1397 2712 preSSOS‚
1423 2669 1477 2699 des
1495 2676 1568 2698 sons
1587 2667 1654 2699 dis-

880 2718 971 2748 tincts
997 2719 1023 2747 ei
1043 2717 1203 2747 lentement
1222 2715 1377 2746 articule's.
1424 2712 1466 2744 de
1489 2713 1581 2743 Orat.
1594 2713 1652 2749 ΙΙΙ,

883 2761 943 2794 12:
966 2772 1089 2803 presse,
1111 2759 1329 2804 aequabiliter
1348 2765 1382 2789 et
1399 2757 1521 2788 leuiter
1540 2756 1652 2801 loqui:

881 2806 937 2838 Sic
957 2817 1064 2847 presso
1084 2808 1182 2847 pede,
1205 2806 1311 2846 yradzt
1330 2804 1471 2835 incedere
1494 2802 1581 2846 (Liv.
1596 2803 1657 2844 28,-

884 2848 937 2884 14.
960 2853 1020 2883 Ov.
1040 2853 1122 2883 Met.
1135 2850 1168 2889 3,
1191 2850 1268 2891 17.),
1291 2851 1452 2880 lentement
1472 2851 1499 2881 et
1518 2850 1653 2890 patiem-

882 2901 986 2937 ment,
1024 2897 1142 2928 Vellei.
1176 2896 1303 2927 Patere.
1328 2894 1375 2934 ΙΙ,
1404 2892 1485 2927 129;
1524 2905 1653 2928 caussas

879 2945 1020 2982 pressius
1046 2942 1080 2984 (i.
1099 2953 1128 2973 e.
1149 2938 1344 2982 patientius)
1370 2938 1474 2971 audit.

951 2989 1022 3020 totis
1041 2985 1183 3029 theatris]
1211 2987 1377 3018 Theatrum
1396 2984 1561 3029 significat
1577 2997 1654 3030 spe-

1259 3031 1325 3071 8*
