1859 3133
1626 37 1681 79 75

78 141 182 186 qnae
215 127 470 186 magnitudo,
513 126 579 182 qui
616 126 754 178 locus3
798 132 865 179 ut,
910 126 945 168 si
987 126 1064 168 iam
1105 132 1270 183 possent
1310 125 1349 167 in
1387 125 1546 168 homine
1589 127 1682 169 vivo

78 203 191 246 cerni
213 203 368 256 omnia,
401 215 501 258 quae
525 215 630 244 nunc
658 207 762 242 tecta
792 208 910 253 sunt,
944 215 1165 243 casurusne
1197 201 1237 243 in
1263 208 1519 257 conspectum
1547 202 1684 244 videa-

1466 283 1537 318 51.
1572 276 1684 319 Haec

75 361 265 412 reputent
284 353 377 405 isti,
412 352 478 409 qui
503 359 675 408 negant,
709 352 882 394 animum
904 353 993 394 sine
1017 367 1185 410 corpore
1215 367 1259 394 se
1283 353 1508 408 intelligere
1536 367 1680 409 posse:

74 430 289 482 videbant,
332 442 449 486 quem
473 428 514 470 in
539 429 625 485 ipso
655 442 825 485 corpore
858 428 1098 483 intelligant.

75 505 198 548 animi
221 505 416 559 intuenti,
449 504 572 547 multo
597 504 791 546 difficilior
811 503 987 545 occurrit
1018 504 1207 559 cogitatio
1231 504 1433 559 multoque
1456 503 1682 556 obscurior,

644 44 816 79 LIBER
842 47 867 79 1.
891 43 957 87 22,
981 45 1037 80 51.
1061 44 1116 78 52.

77 286 146 322 tur
167 279 348 332 animas,
389 291 440 319 an
470 283 578 318 tanta
607 276 660 318 sit
682 276 770 318 eius
796 276 993 328 tenuitas,
1036 284 1079 318 ut
1105 278 1231 333 fugiat
1259 277 1401 318 aciem.

1159 427 1261 470 Mihi
1288 429 1468 484 quidem,
1503 435 1686 470 naturam

74 581 202 637 qualis
231 581 386 623 animus
417 581 458 622 iu
481 583 649 636 corpore
683 580 758 631 sit,
802 587 986 636 tanquam
1013 579 1168 620 alienae
1191 579 1346 630 domui,
1393 594 1508 634 quam
1537 580 1681 635 qualis,

73 669 191 712 quum
213 656 360 698 exierit
387 663 427 698 et
456 656 496 697 in
522 655 688 697 liberum
718 656 870 697 caelum
897 655 1009 711 quasi
1035 656 1192 696 domum
1223 668 1334 694 suam
1358 655 1532 696 venerit.
1589 653 1683 697 Nisi

75 731 204 784 enim,
238 732 342 788 quod
373 745 572 787 nunquam
609 731 806 782 vidimus,
849 731 887 772 id
916 730 1034 786 quale
1061 731 1136 782 sit,
1171 730 1396 786 intelligere
1428 745 1506 771 non
1542 745 1684 786 possu-

73 820 189 858 mns3
222 813 332 848 certe
358 813 399 849 et
424 807 541 848 deam
565 807 716 864 ipsum,
751 814 792 848 et
820 806 996 848 divinum
1025 806 1224 857 animum,
1260 819 1430 862 corpore
1455 805 1681 859 liberatum,

71 880 314 938 cogitatione
352 882 562 939 complecti
607 896 834 939 possumus.

74 971 172 1010 nus,
213 958 305 1015 quia
339 958 504 1000 difficilis
536 965 622 999 erat
652 958 797 1009 animi,
841 959 932 1013 quid
966 965 1034 1000 aut
1066 957 1192 1014 qualis
1227 964 1359 1009 esset,
1401 957 1680 1012 intelligentia,

1010 1040 1081 1074 52.
1116 1032 1192 1074 Est
1215 1032 1308 1073 illud
1331 1032 1488 1088 quidem
1512 1033 1576 1074 vel
1602 1047 1683 1075 ma-

898 881 1172 923 Dicaearchus
1205 882 1362 938 quidem
1398 888 1438 923 et
1466 881 1684 924 Aristoxe-

72 1032 220 1074 nullum
242 1033 405 1075 omnino
427 1033 602 1074 animum
628 1047 718 1075 esse
741 1033 946 1074 dixerunt.

71 1107 241 1160 ximnm,
263 1108 395 1151 animo
417 1109 503 1165 ipso
520 1109 692 1151 animum
709 1109 873 1150 videre:
901 1109 1135 1150 etnimirum
1159 1108 1259 1149 lianc
1280 1107 1399 1149 habet
1420 1108 1499 1150 vim
1519 1123 1683 1165 praece—

70 1205 167 1241 tant,
203 1200 280 1245 qnia
303 1211 371 1234 non
397 1208 558 1245 apparet,
595 1212 658 1233 nec
691 1200 856 1233 cernitur:
894 1202 1003 1234 Hinc:
1039 1204 1072 1234 id
1104 1212 1153 1234 me
1178 1203 1270 1242 suffit.
1329 1199 1383 1231 Cf.
1417 1199 1506 1233 infra
1533 1200 1619 1233 Adn.
1649 1201 1682 1234 in

70 1246 216 1292 proinde
249 1247 342 1292 quasi
376 1255 526 1280 nostram
558 1247 663 1292 ipsam
697 1255 856 1287 mentem,

73 1304 138 1338 qua
156 1292 314 1337 sapimus,
341 1304 404 1338 qua
424 1293 642 1338 providemus
655 1320 662 1332 ,
690 1306 753 1338 quai
775 1293 857 1326 haec

68 1338 141 1385 ipsa
161 1339 288 1384 agimus
303 1351 343 1372 ac
361 1339 514 1380 dicimus,
535 1340 650 1373 videre
668 1348 726 1372 aut
745 1340 856 1384 plane,

70 1385 177 1431 qualis
197 1392 255 1419 aut
275 1385 330 1418 ubi
350 1386 414 1427 sit,
439 1386 567 1420 sentire
592 1386 769 1431 possimus.
808 1388 857 1419 De

68 1431 243 1478 particulis
277 1435 371 1474 quasi
403 1443 499 1474 vero,
535 1445 620 1478 quae
653 1433 686 1466 in
721 1433 857 1466 ironicis

72 1478 250 1512 sententiis
274 1477 386 1511 locum
408 1478 555 1519 habent,
582 1479 626 1512 cf.
653 1492 680 1512 c.
699 1480 742 1514 35
756 1505 765 1521 ‚
788 1481 855 1514 δὸς

73 1525 174 1566 Quasi
196 1535 270 1558 vero
292 1523 359 1558 ista
380 1525 413 1557 vi
437 1525 612 1571 quicquam
635 1533 706 1559 tum
732 1533 858 1571 potue-

69 1570 118 1604 rit
141 1570 172 1604 ei
196 1570 314 1604 melius
336 1571 500 1606 accidere.
530 1585 558 1606 c.
581 1572 645 1612 35,
669 1572 724 1606 92.
748 1574 804 1605 111.
824 1573 856 1612 5,

73 1616 127 1651 11.
178 1619 256 1650 Vero
287 1617 392 1650 habet
423 1618 492 1651 vim
516 1618 736 1653 confirmandi
762 1631 856 1652 assc-

69 1662 289 1709 verandique.
338 1665 380 1696 V.
416 1666 575 1698 Kritzium
609 1666 653 1699 ad
678 1665 756 1698 Sall.
781 1666 855 1698 Cat.

69 1709 153 1751 1211,
182 1709 234 1745 16.
269 1717 304 1743 et
324 1710 496 1744 Adnotatu
530 1719 645 1745 nostra
681 1712 724 1744 ad
750 1724 778 1744 c.
805 1713 854 1751 11,

69 1753 126 1789 25.
172 1757 349 1790 Praeterea
373 1757 621 1791 observandum
646 1765 718 1797 est,
756 1765 856 1791 ante-

72 1801 213 1835 cedente
242 1809 400 1848 tempore
434 1805 605 1849 praesenti
645 1812 703 1837 aut
739 1805 855 1837 futuro

70 1851 165 1890 quasi
182 1848 275 1894 iungi
293 1849 404 1883 solere
424 1861 498 1883 cum
518 1851 734 1884 coniunctivo
754 1863 856 1895 prae—

73 1895 178 1928 sentis
209 1902 244 1929 et
273 1896 438 1940 perfecti,
476 1897 555 1930 licet
585 1905 704 1942 agatur
733 1897 774 1929 de
806 1909 854 1935 re,

74 1951 159 1985 qnae
190 1953 258 1976 non
289 1949 340 1975 est
367 1942 421 1975 vel
446 1943 522 1975 fuit.
569 1945 612 1976 V.
637 1954 697 1975 nos
721 1943 753 1975 in
777 1944 854 1975 Lat.

73 1987 134 2021 Gr.
160 1987 281 2031 §.155
305 1989 388 2021 Not.
406 1986 437 2022 4.
464 2001 497 2033 p.
511 1987 590 2022 429.
616 1989 670 2021 ed.
691 1989 725 2022 2.

138 2033 235 2079 vivo]
276 2033 332 2066 Sic
365 2045 429 2078 pro
467 2035 605 2078 vulgato
640 2045 725 2075 uno,
766 2034 856 2079 qnod

68 2079 216 2112 omnium
241 2079 341 2112 codd.
369 2086 403 2112 et
427 2079 506 2112 edd.
529 2088 682 2113 veterum
704 2081 853 2114 auctori-

69 2131 140 2158 tate
174 2125 340 2158 munitum
376 2133 427 2158 est
441 2152 449 2163 ,
490 2125 670 2170 legendum
710 2127 855 2160 coniecit

67 2172 236 2204 Bentleius.
293 2171 399 2204 Recte
432 2174 614 2206 Bentleius:
658 2175 853 2216 „Quorsum

68 2228 194 2261 quaeso
214 2219 306 2251 uno?
333 2218 400 2258 Qui
421 2218 550 2258 minus,
575 2220 604 2252 si
626 2219 658 2252 in
681 2222 854 2261 pluribus?

70 2283 116 2288 —-
134 2266 167 2296 in
183 2265 267 2296 hom.
284 2266 379 2297 vivo.-
403 2264 528 2309 qnippe
548 2265 581 2298 in
599 2265 737 2299 homine
758 2279 856 2300 mor-

68 2315 131 2342 tuo
150 2309 218 2342 iam
242 2310 384 2343 excessit
407 2311 536 2344 animus
558 2324 599 2345 ex
623 2324 766 2358 corpore
791 2326 856 2346 ne-

71 2366 137 2402 que
157 2355 204 2388 ibi
229 2356 437 2400 quaerendus
460 2363 550 2390 est.“

134 2412 310 2436 casurusne
330 2405 362 2436 in
387 2409 585 2446 conspectum
606 2405 770 2450 videatur]
797 2405 852 2438 Ci-

74 2457 152 2482 σει-ο
170 2447 206 2480 h.
224 2447 247 2480 l.
270 2450 522 2483 constructione
539 2451 699 2485 inchoata
719 2452 854 2486 excidit.

69 2493 347 2528 Enuntiationem
369 2496 416 2529 ita
438 2496 605 2537 instituit,
632 2510 672 2531 ac
692 2498 720 2530 si
742 2498 856 2532 dicere

71 2539 252 2574 voluisset:
276 2543 324 2573 ita
342 2545 490 2585 quidem,
513 2548 567 2585 ut,
594 2547 621 2577 si
644 2547 711 2577 iam
730 2549 855 2586 possent

69 2587 104 2619 27·
121 2587 244 2620 homine
265 2589 340 2620 vivo
360 2592 446 2622 cerni
463 2593 584 2631 omnia,
608 2601 690 2632 quae
711 2602 795 2624 nunc
813 2595 858 2624 te-

67 2635 124 2677 *cta
144 2636 239 2675 sunt,
272 2643 406 2668 casurus
428 2638 460 2669 in
485 2641 685 2678 conspectum
709 2639 857 2671 videatur

68 2680 221 2722 *animuin
254 2685 328 2712 tum
349 2693 452 2721 vero,
478 2682 641 2715 orationis
663 2683 774 2716 forma
798 2696 856 2716 re-

65 2729 177 2770 ]”Jente
205 2732 355 2767 mutata,
390 2728 657 2762 enuntiationem
683 2730 857 2763 concludit

67 2774 142 2822 :pen
149 2769 452 2816 interrogationem
472 2773 646 2815 directam,
665 2776 713 2809 ita
728 2784 856 2817 tamen,

75 2812 114 2847 ul:
131 2816 390 2868 coniunctim-um,
414 2832 513 2865 quem
530 2822 626 2867 prior
648 2823 857 2857 constructio

73 2868 75 2871 “
116 2861 268 2948 {abab
290 2866 449 2899 retineat.

157 2909 246 2962 ξιςίῠὶ
266 2912 382 2957 aciem]
408 2913 464 2946 Sic
485 2925 586 2958 saepe
607 2917 736 2958 fugere,
769 2913 856 2961 casti-

77 2961 160 2995 γειν,
179 2952 312 2998 dicitur,
332 2957 390 2990 ubi
407 2970 449 2991 ex
465 2962 603 2993 nostrae
620 2961 762 3005 linguae·
773 2974 860 2995 con-

75 2996 255 3033 suetudine
281 3011 455 3048 exspectes
477 3008 631 3048 effugere,
666 3005 858 3052 ἐκφεύγειν,

895 1261 922 1281 c.
945 1252 1000 1285 24,
1027 1248 1082 1282 ὀύ.
1133 1250 1240 1290 Saepe
1264 1246 1351 1278 enim
1376 1254 1506 1279 veteres
1531 1247 1683 1291 scripto-

893 1307 946 1327 res
970 1294 1134 1337 simplicia
1161 1293 1262 1324 verba
1288 1293 1434 1324 arctiore
1458 1292 1683 1336 significatio-

893 1353 956 1379 ne,
982 1353 1082 1385 quam
1103 1339 1308 1372 recentiores
1329 1338 1461 1382 linguae
1485 1341 1682 1383 compositis

892 1387 1004 1420 verbis
1030 1386 1217 1431 exprimere
1242 1385 1375 1425 solent,
1403 1393 1576 1429 usurpant.
1626 1387 1682 1418 Cf.

895 1445 922 1466 c.
945 1435 1008 1471 21,
1034 1433 1096 1467 49:
1138 1432 1220 1465 nihil
1247 1432 1335 1464 enim
1366 1443 1497 1473 puyno:
1533 1432 1589 1465 ubi
1620 1445 1682 1465 ex-

893 1487 1024 1525 spectes
1050 1490 1203 1521 repuqno.

963 1528 1017 1560 51.
1043 1526 1207 1571 ridebunt]
1235 1525 1343 1568 „haec
1363 1524 1418 1557 ubi
1438 1524 1681 1568 reputaverint,

892 1572 1056 1606 videbunt
1081 1580 1191 1609 certe,
1218 1584 1254 1604 se
1275 1571 1423 1604 animum
1446 1571 1480 1603 in
1503 1571 1578 1616 ipso
1601 1584 1680 1605 cor-

894 1631 978 1664 pore
1009 1631 1077 1652 non
1103 1619 1333 1663 intelligere.“

962 1669 1024 1698 nisi
1043 1669 1123 1698 enirn
1146 1686 1184 1690 —
1215 1668 1401 1706 coyirarione
1423 1667 1586 1705 complecti
1607 1675 1682 1706 pos-

892 1714 1017 1755 sumus]
1043 1715 1111 1746 ,Nisi
1130 1715 1212 1745 enim
1232 1714 1403 1752 inlelliyere
1427 1722 1488 1743 non
1512 1721 1683 1752 possumus

893 1766 962 1791 est:
990 1759 1017 1790 si
1038 1759 1127 1790 enim
1148 1758 1336 1800 intelligere
1359 1768 1545 1801 possumus.
1596 1759 1681 1789 Sen-

892 1805 999 1837 tentia
1023 1812 1072 1837 est
1096 1805 1199 1837 haee:
1228 1803 1262 1835 Si
1285 1803 1462 1846 quicquam
1487 1810 1549 1842 cst,
1575 1802 1680 1847 quod,

892 1863 991 1896 quum
1016 1862 1184 1894 nunquam
1209 1849 1402 1886 viderimus,
1428 1856 1553 1888 tamen,
1581 1849 1680 1894 quale

892 1897 945 1934 sit,
972 1896 1137 1940 possimus
1161 1895 1370 1939 intelligere.-
1398 1902 1489 1928 certe
1513 1915 1560 1921 —
1583 1896 1679 1940 cogi—

890 1943 1022 1975 tatione
1037 1942 1218 1986 complecti
1232 1953 1418 1985 possumuS.
1446 1941 1497 1975 Cf.
1515 1942 1608 1982 0:2⁷⁴„
1624 1943 1679 1976 70.

959 1990 1175 2022 Dicaearchus
1207 1989 1348 2031 quidem]
1393 1989 1444 2020 De
1474 1988 1680 2021 Dicaearcho

891 2041 925 2068 et
937 2035 1138 2067 Aristoxeno
1153 2047 1182 2067 v.
1202 2047 1230 2067 c.
1249 2036 1298 2074 10,
1315 2035 1371 2068 20.
1393 2046 1421 2067 c.
1436 2034 1488 2074 11,
1504 2034 1559 2068 24.
1583 2047 1610 2068 c.
1626 2035 1679 2076 18,

890 2078 946 2115 41.
1005 2083 1055 2114 De
1089 2081 1254 2126 particula
1290 2083 1418 2123 quidem
1451 2081 1486 2113 in
1518 2081 1680 2126 exemplis

891 2127 1072 2161 afferendis
1096 2135 1254 2172 usurpata
1276 2140 1308 2160 v.
1329 2127 1504 2160 Adnotata
1521 2127 1556 2160 in
1579 2140 1607 2161 c.
1622 2127 1678 2168 4³3,

958 2223 1084 2254 nullum
1107 2241 1152 2246 —-
1175 2220 1253 2265 esse]
1290 2220 1434 2253 Gravius
1464 2220 1593 2253 dictum
1613 2232 1677 2264 pro

889 2278 971 2300 non
1007 2278 1082 2301 esse.
1140 2267 1254 2300 Diviu.
1281 2269 1321 2300 ΙΙ.
1349 2266 1414 2307 67,
1443 2266 1528 2301 135ε
1566 2278 1680 2300 earum

890 2326 1021 2353 rerum,
1059 2325 1144 2358 quae
1179 2316 1286 2347 nullae
1318 2320 1407 2346 sunt.
1449 2312 1491 2344 de
1515 2315 1570 2345 Or.
1595 2315 1619 2345 Ι.
1642 2312 1675 2351 9,

890 2359 955 2393 ὅδε
992 2372 1065 2393 rem
1097 2360 1267 2405 publicam
1292 2380 1339 2385 —-
1370 2359 1435 2391 iam
1467 2358 1523 2391 diu
1554 2361 1676 2392 nullam

889 2405 1101 2439 haberemus.
1153 2407 1205 2439 Cf.
1228 2418 1289 2439 nos
1310 2406 1344 2438 in
1366 2406 1425 2438 Gr.
1447 2406 1486 2437 L.
1507 2407 1535 2449 §-
1551 2404 1624 2444 109,
1640 2405 1674 2437 5.

889 2452 1062 2497 p-176sq.
1087 2452 1141 2485 ed.
1164 2453 1196 2486 2.
1222 2461 1257 2486 et
1281 2455 1310 2499 §.
1328 2451 1403 2486 133.
1431 2452 1512 2484 Not.
1533 2452 1584 2483 11.

960 2500 1015 2532 52.
1040 2500 1208 2545 nimirum]
1231 2499 1312 2532 Noli
1326 2498 1449 2535 mirari,
1475 2497 1508 2529 h.
1525 2508 1554 2528 e.
1573 2501 1674 2533 certe,

890 2545 1016 2590 utique.
1058 2547 1153 2578 Haec
1172 2545 1348 2590 particula,
1374 2551 1451 2576 nata
1475 2554 1492 2574 e
1513 2552 1550 2575 ne
1571 2541 1678 2584 (quod

890 2591 923 2624 in
947 2592 1143 2636 compositis
1170 2592 1292 2625 transit
1315 2592 1348 2623 in
1372 2593 1425 2630 ni,
1464 2595 1500 2619 ut
1526 2588 1559 2619 in
1582 2588 1675 2630 nihil)

892 2645 927 2671 et
949 2641 1067 2671 mirum
1089 2638 1160 2671 scil.
1186 2639 1247 2677 sit,
1280 2635 1540 2680 explicationem
1568 2633 1677 2676 signi-

891 2684 991 2726 fleat,
1028 2696 1126 2729 quam
1150 2685 1222 2729 quis
1245 2685 1285 2716 ab
1309 2683 1417 2715 altero
1440 2683 1506 2712 sine
1529 2681 1676 2712 admira-

890 2734 974 2764 tione
1005 2731 1147 2764 concedi
1182 2731 1272 2767 vult3
1313 2728 1394 2761 hinc
1428 2725 1607 2769 praecipue
1642 2726 1675 2758 in

892 2777 1070 2810 sententiis
1095 2789 1169 2810 cum
1193 2775 1300 2809 ironia
1322 2772 1463 2817 prolatis
1487 2778 1676 2816 usurpatur.

891 2823 934 2856 V.
957 2836 1020 2857 nos
1040 2824 1073 2856 in
1095 2825 1152 2856 Gr.
1176 2823 1216 2855 L.
1239 2822 1269 2865 (J.
1285 2819 1359 2854 133.
1380 2830 1414 2862 p.
1427 2817 1495 2851 329
1505 2830 1555 2862 sq.
1576 2817 1630 2851 ed.
1643 2818 1676 2851 2.

895 2869 1089 2914 Comparari
1114 2874 1229 2914 potest
1259 2864 1464 2899 comicorum
1495 2867 1613 2898 mirum
1631 2868 1677 2898 ni.

893 2917 989 2949 Infra
1018 2928 1045 2948 c.
1067 2915 1133 2953 35,
1167 2912 1223 2947 526.
1258 2911 1316 2943 ubi
1346 2923 1380 2943 v.
1409 2910 1537 2944 Adnot.
1570 2923 1599 2945 c.
1619 2908 1675 2949 48,

896 2961 973 2996 116.
999 2963 1058 2996 111.
1084 2958 1146 3000 14,
1171 2959 1235 2993 30:
1275 2964 1311 2990 et
1329 2956 1484 2990 nimirum
1514 2956 1602 2989 haec
1627 2965 1678 2990 est

894 3007 951 3040 illa
973 3013 1146 3053 praestans
1170 3010 1205 3037 et
1224 3003 1338 3037 divina
1354 3003 1539 3048 sapientia:
1566 3003 1623 3036 ubi
1644 3016 1675 3036 v.
