1859 3149
1617 51 1702 96 229

107 142 189 185 mili
210 150 329 200 atque
351 143 479 185 fracta
493 175 504 196 ,
539 142 766 185 nominetur
787 151 942 186 metus:
979 151 1041 186 est
1059 143 1182 200 igitur
1202 147 1339 185 metus
1360 155 1383 200 a
1405 141 1560 184 ratione
1584 156 1699 185 aver-

103 232 151 271 sa
185 219 331 261 cautio.
403 224 470 260 14.
502 215 736 260 Praesentis
771 226 902 260 autem
938 220 1028 260 mali
1062 219 1252 276 sapientis
1286 217 1444 259 affectio
1473 216 1579 259 nulla
1612 225 1695 269 est,

103 293 222 335 stulta
252 300 382 336 autem
408 293 615 348 aegritudo
655 300 715 334 est
747 307 794 334 ea
811 326 822 345 ,
870 307 945 349 qua
967 295 1190 336 afficiuntur
1217 295 1254 335 in
1281 294 1393 335 malis
1420 292 1588 350 opinatis
1613 292 1697 334 ani-

1557 365 1697 424 Itaque

628 56 1178 105 L113Ea1v.6‚14.7‚15‘.

102 381 267 424 mosque
300 367 508 411 demittunt
539 375 579 409 et
601 367 841 410 contrahunt
869 369 1012 410 rationi
1046 384 1127 410 non
1159 369 1494 425 obtemperantes.

102 444 200 486 baec
231 443 355 500 prima
387 443 562 485 delinitio
591 450 676 494 est,
719 450 761 485 ut
791 444 998 499 aegritudo
1029 444 1082 485 sit
1116 444 1234 485 animi
1269 445 1507 485 adversante
1539 443 1695 485 ratione

101 520 336 561 contractio.
398 518 468 561 Sic
503 526 686 574 quattuor
718 518 1078 574 perturbationes
1115 526 1231 570 sunt,
1284 526 1364 561 tres
1405 520 1693 570 constantiae,

100 594 285 650 quoniam
316 594 552 650 aegritudini
586 594 688 635 nulla
721 594 941 635 constantia
976 594 1200 650 opponitur.

215 668 312 713 Vll.
347 667 429 712 Sed
459 683 597 711 omnes
623 669 940 726 perturbationes
969 669 1113 711 iudicio
1140 676 1304 711 censent
1325 669 1409 710 [ieri
1434 675 1474 710 et
1490 668 1691 725 opinione.

99 743 236 802 Itaque
264 759 332 787 eas
363 745 553 786 definiunt
577 744 778 800 pressius,
820 752 861 786 ut
885 745 1150 801 intelligatur,
1194 759 1274 786 nou
1301 744 1417 785 modo
1442 758 1555 799 quam
1578 743 1694 785 vitio-

95 834 166 862 sae
182 853 194 873 ,
241 820 311 862 sed
335 819 452 861 etiam
479 833 593 875 quam
628 819 665 860 in
686 827 824 861 nostra
848 821 927 861 sint
949 827 1161 876 potestate.
1225 818 1301 860 Est
1325 833 1422 876 ergo
1458 819 1692 876 aegritudo

95 895 227 952 opinio
260 909 402 938 recens
436 895 526 936 mali
555 896 800 951 praesentis,
841 896 881 936 iu
913 910 989 951 quo
1014 895 1163 936 demitti
1189 894 1448 950 contrahique
1473 894 1605 936 animo
1629 907 1692 936 re-

94 978 198 1028 ctum
228 984 319 1012 esse
352 970 563 1022 videatur3
611 971 782 1012 laetitia
818 971 949 1026 opinio
978 984 1120 1012 recens
1143 971 1235 1011 boui
1259 970 1510 1027 praesentis,
1554 969 1592 1010 in
1615 983 1691 1025 quo

93 1046 237 1088 ecferri
279 1052 431 1087 rectum
454 1058 545 1087 esse
567 1045 775 1098 videatur,
822 1051 956 1088 nectus
978 1046 1110 1102 opinio
1138 1046 1402 1102 impendentis
1426 1045 1542 1098 mali,
1588 1044 1688 1100 quod

92 1121 341 1163 intolerabile
375 1134 466 1162 esse
494 1120 699 1172 videatur3
746 1120 881 1163 libido
914 1122 1046 1177 opinio
1075 1122 1232 1163 venturi
1264 1121 1385 1171 boni,
1428 1120 1530 1175 quod
1563 1119 1613 1160 sit
1635 1133 1689 1161 ex

65 1210 165 1247 ‚usu
195 1195 272 1237 iam
297 1210 489 1252 praesens
518 1209 608 1237 esse
641 1203 757 1251 atque
785 1197 941 1238 adesse.
1008 1203 1076 1238 15.
1113 1194 1194 1237 Sed
1221 1210 1320 1251 quae
1347 1195 1490 1236 iudicia
1516 1207 1688 1250 quasque

89 1271 298 1327 opiniones
323 1271 662 1327 perturbationum
686 1285 776 1312 esse
805 1271 914 1320 dixi,
961 1286 1040 1312 nou
1067 1271 1105 1311 iu
1134 1271 1191 1312 eis
1218 1270 1536 1326 perturbationes
1559 1269 1686 1311 solum

88 1346 236 1403 positas
260 1359 351 1388 esse
378 1346 538 1399 dicunt,
573 1361 712 1388 verum
740 1346 804 1387 illa
829 1346 974 1397 etiam,
1011 1360 1110 1401 quae
1135 1346 1357 1387 efficiuntur
1380 1344 1688 1401 perturbationi·

87 1421 178 1474 bus,
214 1429 256 1463 ut
274 1422 479 1477 aegritudo
505 1422 615 1477 quasi
642 1436 817 1463 morsum
843 1422 1011 1477 aliquem
1038 1421 1184 1462 doloris
1207 1421 1365 1471 efficiat,
1399 1428 1528 1462 metus
1553 1433 1687 1461 reces-

87 1511 173 1538 sum
203 1498 397 1553 quendam
429 1497 548 1538 auimi
576 1505 615 1538 ct
641 1498 796 1552 fugam,
840 1497 988 1538 laetitia
1025 1498 1224 1553 profusam
1256 1495 1521 1547 bilaritatem,
1566 1494 1685 1536 libido

903 1624 979 1645 sens
995 1620 1028 1644 et
1045 1611 1135 1656 quod
1151 1611 1248 1644 adest
1265 1611 1391 1644 sentire
1406 1622 1600 1654 possumus:
1627 1610 1683 1641 ubi

157 1614 365 1655 constantiae]
405 1624 485 1657 quas
512 1611 617 1645 Stoici
651 1612 869 1656 appellabant

903 1672 933 1690 v.
969 1662 1132 1692 Bremium
1164 1670 1196 1702 p.
1215 1658 1270 1692 0⁴2.
1332 1658 1384 1689 Cf.
1408 1658 1684 1698 Au9.Grotefend.

89 1655 287 1698 εὐπαθείας.
336 1658 434 1702 Diog.
457 1660 571 1691 Laert.
595 1659 676 1699 vn,
702 1659 776 1694 115.
816 1659 868 1691 Cf.

87 1705 259 1750 Augustin.
286 1705 322 1737 C.
347 1706 386 1739 D.
411 1705 515 1745 XIV,
541 1707 574 1739 ὅ.

72 1748 75 1751 ’
159 1751 236 1784 Car.
253 1752 326 1784 vlt.
349 1753 504 1793 pressius]
531 1758 708 1795 accurate,
733 1751 868 1784 subtili-

87 1803 149 1830 ter.
183 1797 257 1830 Fin.
276 1798 332 1830 IV.
352 1796 414 1838 10,
439 1801 502 1830 2²4:
538 1809 623 1842 quae
657 1812 674 1830 a
709 1805 743 1830 te
778 1797 868 1830 dicta

86 1850 182 1884 sunt,
217 1846 357 1885 pressius
374 1855 521 1887 agamus.
558 1844 720 1876 Acad.11.
741 1842 782 1883 9,
802 1844 866 1876 29:

85 1889 270 1923 Antiochus
291 1889 335 1922 ad
354 1889 455 1922 istum
476 1889 586 1922 locum
606 1892 746 1931 pressius
768 1888 868 1920 vide-

84 1935 184 1968 batur
203 1935 376 1969 accedere.

149 1983 294 2024 vitiosae]
319 1983 345 2013 E
361 1981 551 2014 Stoicorum
569 1980 736 2013 sententia
759 1980 867 2012 omnis

85 2027 200 2072 opinio
223 2027 257 2059 in
280 2027 364 2059 vitio
386 2027 594 2071 ponebatur;
620 2029 653 2059 in
677 2030 785 2059 nostra
806 2029 867 2059 sin!

82 2077 245 2115 potestate,
269 2073 346 2116 qnia
368 2073 637 2117 peiturbationes
660 2072 866 2105 voluntarias

86 2131 158 2152 esse
183 2118 365 2151 censebant
388 2118 620 2163 opinionisque
641 2118 767 2151 iudicio
789 2130 866 2151 sus—

88 2165 166 2209 cipi.
216 2163 374 2197 Academ.
397 2166 431 2203 J,
455 2165 506 2198 10.

155 2221 251 2253 quam
272 2213 306 2243 in
329 2215 437 2244 nostra
459 2214 521 2244 siut
539 2213 705 2254 potestate}
742 2213 783 2243 V.
805 2223 863 2243 su-

87 2268 147 2301 pra
171 2256 215 2288 ad
240 2258 280 2289 ΙΙ.
304 2255 346 2296 4,
375 2258 426 2290 10.

154 2304 333 2348 aegritudo]
359 2302 542 2337 Andronic.
558 2303 709 2337 Rhodius
729 2316 762 2348 p.
778 2304 863 2337 52:52

87 2346 178 2391 λύπη
193 2347 279 2390 δόξα
298 2346 493 2393 πρόςφατος
509 2350 651 2394 (recens)
672 2351 780 2384 κακοῦ
803 2361 866 2384 ’.τα-

87 2394 234 2439 ρουσίας.
260 2391 314 2439 ἐφ’
341 2389 372 2440 ᾤ
389 2396 511 2430 οἴονται
525 2398 596 2431 δεῖν
620 2396 867 2430 sustineo-⁸:012

87 2441 291 2485 ¹,contrahih
313 2438 421 2485 ἠδονῆ
451 2440 537 2483 δόξα
559 2440 753 2487 πρόςφατος
776 2440 866 2486 ἀγα-

85 2487 148 2522 5013
166 2486 365 2531 παρουσίας,
390 2483 446 2531 ἐφ’
467 2482 498 2533 ᾦ
518 2488 640 2522 οἴονται
660 2491 730 2523 δεῖν
752 2487 864 2523 ἐκτεί-

84 2533 205 2568 νεσῧαν.
231 2533 383 2576 (efferri).
419 2535 471 2566 De
492 2546 526 2566 v.
547 2545 653 2567 recens
677 2547 708 2566 v.
729 2535 788 2566 ΙΙΙ.
808 2534 864 2576 31,

85 2578 141 2613 75.
166 2580 218 2612 De
234 2579 286 2612 his
305 2578 556 2612 definitionibus
575 2580 619 2613 cf.
635 2580 734 2624 Diog.
750 2581 864 2613 Laert.

87 2625 147 2658 vn
160 2651 168 2665 ‚
197 2625 272 2659 110.
731 2664 738 2670 ,

154 2681 194 2704 ex
215 2682 276 2704 usu
294 2674 363 2705 iam
381 2682 533 2714 praesens
552 2683 616 2705 esse
632 2677 724 2714 alque
739 2674 864 2715 adesse]

87 2717 219 2753 Εἶπεν
241 2727 304 2751 esse
326 2725 378 2750 est
409 2718 587 2763 expedire,
621 2729 773 2760 praesens
803 2729 867 2752 esse

89 2760 302 2795 referendum
333 2771 385 2797 est
406 2771 442 2797 et
464 2764 508 2797 ad
527 2771 722 2809 tempus.et
744 2764 788 2797 ad
811 2765 867 2797 lo-

92 2816 188 2848 cum,
215 2810 324 2843 adesse
344 2810 388 2843 ad
408 2810 539 2849 locum.
571 2810 665 2855 quasi
687 2810 731 2844 ad
752 2810 867 2855 pedes,

91 2857 172 2883 ante
203 2854 324 2896 pedes,
355 2867 475 2900 graece
499 2854 538 2891 τὸ
562 2854 680 2900 παρόν.
723 2857 821 2889 offic.
844 2858 869 2889 Ι.

90 2893 134 2939 4,
155 2896 218 2930 111
249 2899 348 2934 belua
371 2901 416 2934 ad
436 2902 474 2934 id
495 2902 625 2943 solum,
659 2902 751 2946 quod
774 2902 872 2935 adest

92 2941 250 2987 qnodque
271 2957 429 2989 praesens
452 2954 523 2987 est,
557 2960 593 2981 se
623 2948 869 2980 accommodat.

92 2987 164 3021 Fin.
185 2989 209 3021 1.
232 2990 295 3031 17,
316 2993 378 3025 55:
414 3004 558 3036 corpore
576 2993 661 3026 nihil
681 2993 746 3026 nisi
768 3004 871 3037 prae-

905 1705 1130 1738 commentar.
1155 1717 1184 1736 z.
1211 1704 1244 1736 d.
1270 1703 1435 1737 Material.
1463 1702 1522 1735 lat.
1549 1701 1680 1746 Stylub.

903 1764 935 1795 p.
951 1752 1006 1785 90.

977 1798 1026 1830 15.
1054 1799 1117 1829 Sed
1141 1806 1221 1838 quae
1245 1795 1380 1838 iudicia]
1414 1794 1589 1826 Sententia
1610 1800 1679 1825 est:

904 1843 1030 1882 Stoici,
1067 1842 1100 1874 iu
1121 1842 1160 1874 iis
1183 1841 1314 1874 iudiciis
1340 1840 1639 1885 opinionibusque,
1667 1852 1685 1872 e

903 1889 1021 1932 quibus
1055 1888 1325 1932 perturbationes
1359 1886 1451 1919 nasci
1483 1886 1573 1926 dixi,
1615 1897 1682 1918 nou

902 1935 1011 1966 solum
1034 1934 1122 1978 ipsas
1152 1932 1422 1977 perturbationes
1446 1933 1572 1976 positas
1598 1943 1682 1972 esse,

903 1980 1038 2019 dicunt,
1064 1992 1180 2013 verum
1201 1980 1259 2012 illa
1279 1979 1392 2019 etiam,
1418 1990 1503 2023 quae
1525 1978 1684 2011 efficiun-

901 2034 955 2059 tur
969 2026 1288 2070 perturbationibus.
1327 2026 1378 2057 De
1396 2032 1566 2058 structura
1580 2035 1682 2057 enun-

901 2073 1051 2106 tiationis
1085 2073 1129 2105 cf.
1155 2072 1270 2105 Divin.
1294 2073 1337 2104 Il.
1360 2071 1423 2106 26:
1461 2083 1542 2115 quas
1572 2077 1684 2103 autem

902 2132 953 2151 res
969 2131 1061 2152 casus
1076 2118 1187 2158 affert,
1209 2130 1329 2162 magna
1345 2117 1488 2150 stultitia
1504 2124 1555 2150 est
1570 2128 1683 2150 earum

900 2178 1010 2199 rerum
1033 2165 1115 2197 deos
1141 2166 1253 2198 facere
1275 2164 1466 2197 effectores.
1501 2164 1544 2196 N.
1560 2165 1599 2195 D.
1622 2164 1682 2202 111,

905 2212 963 2246 16:
1003 2224 1077 2244 uam
1103 2223 1186 2256 quos
1209 2211 1251 2244 ab
1276 2210 1466 2243 hominibus
1490 2209 1683 2254 pervenisse

901 2258 983 2291 dicis
1003 2258 1046 2290 ad
1067 2257 1161 2297 deos,
1183 2265 1220 2289 tu
1241 2257 1345 2290 redde
1365 2256 1541 2295 rationem,
1567 2267 1681 2300 quem-

901 2305 1084 2337 admodum
1107 2304 1144 2335 id
1167 2304 1239 2336 fieri
1261 2303 1424 2347 potnerit.

968 2362 1031 2383 non
1065 2353 1099 2383 in
1129 2353 1173 2383 eis
1206 2352 1457 2391 perturbationes
1488 2347 1604 2390 solum]
1646 2346 1681 2377 Si

900 2397 1104 2429 sententiam
1140 2403 1295 2440 spectas,
1329 2397 1430 2429 solum
1465 2391 1682 2427 referendum

902 2450 952 2475 est
976 2442 1019 2475 ad
1040 2445 1312 2484 perturbationes;
1347 2453 1424 2473 nam
1459 2438 1608 2483 sequitur
1628 2446 1682 2469 ve-

899 2500 973 2522 rum
1006 2491 1085 2521 illa
1117 2491 1232 2529 etiam,
1269 2498 1376 2530 quae
1413 2487 1683 2527 efficiuntur

896 2537 1340 2576 perturbationibus;
1365 2532 1416 2565 sin
1437 2537 1549 2564 autem
1568 2540 1683 2573 gram—

900 2581 1057 2614 maticam
1082 2588 1236 2625 spectas,
1272 2582 1375 2612 solum
1394 2575 1608 2610 referendum
1632 2579 1683 2607 est

901 2627 944 2659 ad
977 2634 1086 2660 totam
1120 2626 1402 2660 enuntiationem3
1439 2633 1516 2654 narn
1559 2620 1681 2652 adver-

900 2673 993 2706 bium
1018 2680 1078 2705 est.
1119 2673 1274 2705 Ceterum
1294 2681 1356 2713 pro
1379 2670 1481 2701 solum
1504 2666 1605 2699 etiam
1623 2678 1681 2698 re—

903 2727 956 2752 cte
990 2719 1056 2752 dici
1085 2718 1196 2761 potuit
1223 2719 1307 2749 solis.
1358 2714 1410 2746 Cf.
1431 2725 1494 2757 pro
1519 2711 1682 2745 Marcello

903 2765 946 2805 3,
970 2765 1011 2799 9:
1048 2763 1303 2797 celebrabantur
1333 2760 1411 2792 illae
1445 2758 1581 2802 quidem
1613 2770 1683 2791 non

903 2815 980 2845 solis
1000 2810 1136 2849 nostris,
1160 2808 1219 2841 sed
1243 2818 1350 2851 paene
1369 2804 1517 2838 omnium
1534 2804 1683 2849 gentium

904 2857 1026 2890 litteris
1055 2862 1157 2899 atque
1189 2852 1321 2896 linguiS.
1377 2850 1471 2884 Lael.
1495 2850 1561 2893 27,
1598 2850 1682 2885 102:

905 2915 970 2936 nec
991 2901 1074 2935 mihi
1095 2902 1154 2933 soli
1178 2905 1329 2931 versatur
1352 2904 1431 2930 ante
1455 2897 1592 2939 oculos,
1627 2896 1683 2942 qui

905 2948 997 2981 illam
1010 2957 1142 2990 semper
1155 2945 1189 2976 in
1203 2944 1354 2977 manibus
1370 2942 1482 2984 habui,
1506 2943 1566 2976 sed
1582 2943 1684 2976 etiam

906 2993 1050 3037 posteris
1075 2991 1140 3024 erit
1161 2990 1251 3024 clara
1272 2996 1307 3022 et
1327 2988 1475 3033 insignis.
