1859 3149
1639 76 1714 119 181

111 164 179 222 qui
204 164 336 220 magni
364 163 485 206 animi
517 162 593 214 sit,
635 162 854 216 invictum,
901 165 967 220 qui
990 165 1163 207 invictus
1193 164 1267 218 sit,
1313 178 1402 207 eum
1433 178 1501 207 res
1522 168 1716 209 humanas

109 240 317 298 despicere
339 246 456 296 atque
479 238 582 280 infra
602 251 648 279 se
670 239 821 294 positas
842 238 1043 281 arbitrari.
1106 239 1330 297 Despicere
1350 246 1483 282 autem
1507 254 1624 283 nemo
1648 256 1716 298 po-

108 321 190 358 test
212 330 282 358 eas
302 329 393 367 res,
425 321 589 371 propter
611 327 709 369 quas
732 313 978 369 aegritudine
1003 315 1102 363 affici
1128 322 1275 372 potest.
1336 314 1507 375 Exlquo
1532 316 1715 370 efficitur,

112 391 257 433 fortem
285 389 417 434 virum
450 388 701 444 aegritudine
732 402 930 444 nunquam
961 389 1076 431 affici.

109 467 253 508 sortes.
293 455 412 507 'Non
436 464 542 507 cadit
565 464 686 520 igitur
713 464 754 506 in
779 464 999 520 sapientem
1024 466 1247 521 aegritudo.
1310 465 1365 508 Et
1387 467 1716 523 quemadmodum

106 541 246 584 oculus
266 540 528 584 conturbatus
552 554 631 581 non
653 547 715 581 est
735 539 858 596 probe
883 540 1052 582 affectus
1076 541 1123 582 ad
1144 555 1258 583 suum
1283 557 1425 584 munus
1454 543 1714 599 fungendum,

715 80 1036 125 manante,
1063 81 1116 117 16.

1141 388 1295 434 Omnes
1331 399 1463 434 autem
1494 392 1714 450 sapientes,

104 623 148 660 et
172 617 350 673 reliquae
376 623 510 673 partes
534 622 710 658 totumve
737 629 906 672 corpus,
939 623 1044 658 statu
1067 631 1185 672 quum
1214 624 1277 658 est
1300 625 1448 659 motum
1463 651 1474 671 ,
1520 619 1634 661 deest
1657 619 1715 661 ol*—

107 692 196 734 ticio
229 707 304 734 suo
337 698 379 734 et
399 691 578 733 muneri:
612 691 670 733 sic
695 691 954 733 conturbatus
987 692 1144 734 animus
1180 707 1260 734 non
1291 701 1353 734 est
1378 701 1492 750 aptus
1525 694 1574 735 ad
1595 707 1716 737 exse-

104 768 301 825 quendum
326 780 471 810 munus
495 781 627 808 suum.
689 765 842 809 Munus
865 774 997 809 autem
1025 767 1147 809 animi
1171 775 1232 809 est
1256 768 1412 810 ratione
1437 768 1541 811 bene
1563 769 1642 822 uti,
1676 777 1717 812 et

103 843 297 900 sapientis
323 842 477 885 animus
510 842 566 883 ita
595 855 754 898 semper
786 844 955 885 affectus
990 850 1074 895 est,
1122 850 1165 885 ut
1194 844 1348 886 ratione
1380 845 1527 901 optime
1563 852 1711 887 utatur.

101 917 319 975 Nunquam
338 918 462 974 igitur
489 924 552 959 est
578 918 848 974 perturbatus.
911 918 970 961 At
990 918 1197 975 aegritudo
1214 919 1462 976 perturbatio
1490 928 1553 963 est
1572 921 1710 963 animi.

106 992 279 1052 Semper
307 993 428 1050 igitur
457 1007 506 1035 ea
538 993 698 1048 sapiens
730 993 902 1035 vacabit.

218 1066 339 1112 vul.
394 1074 464 1111 16.
498 1066 597 1111 Veri
617 1068 734 1109 etiam
754 1068 882 1110 simile
901 1069 993 1111 illud
1012 1076 1088 1123 est,
1125 1070 1189 1125 qui
1210 1070 1262 1111 sit
1282 1077 1508 1127 temperans
1523 1096 1579 1103 —-
1597 1086 1712 1128 quem

105 1143 255 1188 Graeci
277 1141 472 1199 σώφρονα
494 1143 692 1200 appellant
714 1157 879 1199 eamque
897 1145 1084 1186 virtutem
1106 1142 1379 1199 σωφροσύνην
1398 1155 1561 1200 vocant,
1595 1162 1713 1203 quam

100 1220 213 1264 soleo
235 1219 418 1275 equidem
442 1227 523 1261 tum
557 1219 882 1275 temperantiam,
917 1227 996 1261 tum
1021 1221 1335 1263 moderationem
1360 1223 1577 1278 appellare,
1613 1238 1712 1264 non-

99 1309 302 1352 nunquam
325 1294 446 1336 etiam
470 1294 727 1346 modestiam
773 1295 844 1336 sed
866 1295 967 1336 haud
991 1295 1099 1347 scio,
1147 1311 1196 1337 an
1220 1304 1329 1338 recte
1357 1311 1405 1339 ea
1429 1298 1556 1340 virtus
1580 1300 1712 1354 fruga-

27 1411 37 1418 ,
100 1371 191 1427 litas
218 1370 406 1428 appellari
432 1369 583 1428 possit,
633 1369 736 1425 quod
758 1371 966 1426 angustius
998 1372 1098 1428 apud
1125 1370 1306 1414 Graecos
1335 1372 1466 1425 valet,
1510 1373 1575 1429 qui
1609 1374 1711 1431 frugi

102 1447 285 1490 homines
314 1446 533 1501 χρησίμους
551 1445 775 1502 appellant,
809 1446 848 1488 id
871 1454 958 1500 est,
994 1447 1267 1489 tantummodo
1291 1448 1431 1500 utiles3
1473 1455 1514 1490 at
1534 1449 1628 1490 illud
1651 1457 1714 1491 est

924 1557 1077 1598 fecimus,
1104 1564 1194 1590 certe
1215 1556 1292 1590 irati
1315 1568 1382 1590 non
1406 1557 1558 1590 fecimus.
1595 1560 1710 1600 Ecquis

924 1605 1013 1637 enim
1037 1616 1127 1644 non,
1155 1611 1191 1635 ut
1215 1607 1304 1645 quis,
1337 1604 1536 1647 simpliciter
1558 1604 1708 1637 interro-

922 1659 999 1695 gnt,
1036 1650 1094 1682 sed
1117 1662 1191 1683 cum
1214 1651 1428 1683 dubitatione
1452 1649 1607 1695 quadum.
1659 1652 1708 1683 De

922 1698 1067 1731 formula
1089 1698 1179 1730 haud
1200 1700 1264 1730 scio
1285 1708 1328 1730 un
1353 1698 1396 1730 cf.
1414 1709 1475 1729 uos
1498 1697 1530 1729 iu
1556 1698 1706 1730 Gramm.

922 1746 998 1777 Lat.
1020 1744 1152 1788 §.159,
1174 1744 1206 1776 Ξ).
1255 1743 1328 1776 Pari
1351 1743 1482 1776 ratione
1504 1742 1626 1776 dicitur
1645 1745 1706 1776 du-

921 1794 984 1823 bito
1007 1801 1069 1822 un:
1095 1789 1138 1821 dc
1159 1801 1222 1833 qua
1246 1789 1392 1822 formula
1414 1802 1445 1821 v.
1467 1789 1557 1822 infra
1581 1789 1624 1822 ad
1646 1791 1705 1822 tv.

99 1554 274 1603 φροσῦνης
289 1555 501 1589 dubitatione
521 1567 561 1589 ac
577 1555 807 1596 fluctuatione,
832 1568 888 1589 ea-

101 1615 167 1649 que
186 1603 321 1648 egregie
339 1609 481 1647 apparet
501 1602 535 1635 in
556 1602 620 1635 hac
641 1602 713 1648 ipsa
732 1603 888 1636 turbatae

102 1650 268 1685 orationis
296 1649 580 1682 conformatione.

170 1697 260 1730 haud
293 1698 357 1729 scio
389 1706 433 1729 an
465 1695 560 1740 recle]
599 1696 643 1727 H.
667 1708 696 1729 e.
729 1697 887 1730 Fortasse

100 1755 203 1789 quam
235 1742 395 1776 virtutem
420 1741 541 1775 Graeci
569 1740 796 1786 σωφροσύνην
821 1756 884 1776 vo-

101 1796 199 1830 cant,
233 1788 339 1822 latine
372 1790 545 1831 frugalitas
569 1789 692 1821 rectius
723 1789 885 1833 appellaui

100 1835 232 1882 possit3
265 1847 456 1880 quanquam
479 1835 601 1868 Graeci
624 1836 753 1868 nomini
772 1839 886 1878 [ruga-

100 1885 201 1917 litatis
218 1882 326 1914 multo
344 1881 572 1926 angustiorem
595 1882 746 1914 tribuunt
766 1883 884 1914 notio-

101 1940 200 1967 nem3
233 1940 310 1961 nam
334 1939 418 1972 quos
442 1939 504 1960 nos
528 1927 690 1960 latissima
712 1928 885 1972 siguifioe-

101 1974 195 2008 tione
215 1974 423 2019 appellamus
447 1975 535 2016 frugi
556 1973 720 2013 homines,
747 1973 884 2006 eosdem

100 2027 243 2066 angusta
262 2019 510 2064 significatione
541 2019 658 2052 dicunt
678 2019 883 2064 χρησίμους,

98 2067 121 2101 i.
133 2079 163 2101 e.
180 2067 289 2099 utiles.
322 2070 368 2099 At
385 2064 475 2109 apud
490 2076 552 2097 nos
571 2077 694 2098 nomen
713 2068 885 2108 frugalita-

99 2117 140 2148 tis
162 2112 323 2146 latissime
343 2118 464 2157 pateus
487 2111 726 2156 complectitur
749 2123 884 2145 omnem

99 2157 350 2199 abstinentiam,
375 2169 509 2191 omnem
527 2157 756 2191 innocentiam
772 2166 807 2191 et
823 2171 882 2192 re-

100 2206 209 2250 liquas
227 2204 380 2237 virtutes.
401 2224 448 2230 —
482 2204 640 2238 Formula
662 2211 773 2237 autem
793 2207 882 2238 haud

98 2254 164 2286 scio
197 2262 242 2284 un
270 2262 334 2296 pro
359 2255 463 2292 certo,
495 2253 562 2284 sine
583 2252 700 2292 dubio,
735 2262 798 2284 non
821 2253 882 2284 du-

98 2301 161 2331 bito
175 2300 253 2340 quin
269 2297 330 2342 (cf.
341 2297 432 2330 infra
448 2298 506 2330 111.
523 2296 579 2335 23,
594 2298 637 2331 55
651 2310 656 2328 z
679 2299 768 2331 haud
779 2300 882 2331 sciam

98 2355 143 2378 an
173 2343 388 2387 plurimum),
421 2342 512 2388 apud
547 2343 747 2377 Ciceronem
779 2344 881 2388 longe

98 2390 394 2435 frequentissima,
427 2389 561 2423 fluxisse
594 2389 729 2423 videtur
752 2402 792 2422 ex
817 2402 880 2423 eo-

98 2436 178 2470 dem
208 2444 362 2470 veterum
392 2447 492 2470 sensu
514 2435 736 2476 urbanitatis,
773 2449 791 2469 e
815 2448 881 2481 quo

98 2483 202 2516 etiam
224 2483 311 2521 aliae
331 2482 457 2516 multae
482 2482 660 2526 profectae
680 2490 759 2516 sunt
782 2483 881 2516 locu-

97 2528 228 2570 tiones,
264 2537 303 2562 ut
324 2531 418 2571 vide,
451 2539 490 2562 ne
519 2531 564 2572 (v.
587 2529 630 2562 ad
656 2530 681 2561 Ι.
704 2528 771 2570 34,
795 2530 880 2572 ὃδὴ,

99 2587 184 2620 quae
213 2587 286 2610 rem
318 2575 536 2609 certissimam
568 2575 764 2609 dubitanter
794 2587 879 2620 pro-

98 2628 241 2666 ponunt.
261 2623 303 2655 11.
328 2622 390 2661 17,
411 2618 468 2656 41.
489 2628 524 2654 et
544 2624 633 2655 haud
653 2624 740 2664 scio,
764 2632 809 2655 an
833 2626 879 2655 ita

98 2669 161 2710 αἳ,
194 2674 231 2701 ut
251 2680 341 2702 nune
362 2668 412 2702 fit.
458 2668 588 2701 Nostro
618 2668 696 2701 loco
726 2668 878 2713 geminus

98 2711 223 2756 legitur
242 2714 317 2747 Fin.
335 2715 378 2748 V.
400 2714 433 2755 3,
453 2714 493 2748 7:
520 2714 719 2748 Aristoteles
733 2741 740 2754 ,
766 2727 876 2759 quem,

99 2766 242 2804 excepto
264 2760 426 2801 Platone,
458 2763 547 2794 haud
566 2764 632 2794 seio
656 2772 699 2793 αη
720 2766 800 2795 recte
822 2761 878 2794 di-

99 2803 206 2836 xerim
258 2805 422 2850 rincipem
452 2807 744 2851 philosophorum.
781 2814 816 2840 et

98 2847 213 2893 Ligur.
230 2817 272 2886 δι
298 2853 392 2893 Quae
411 2853 478 2886 fuit
498 2865 643 2898 unquam
664 2853 697 2886 in
722 2854 790 2886 ullo
809 2854 878 2886 ho-

97 2905 190 2927 mme
208 2901 306 2931 tanta
325 2899 542 2932 constantia?
577 2901 801 2933 constantiam
822 2900 878 2932 di-

101 2938 172 2993 09?
194 2945 505 2986 nescim-onnaelioe
527 2945 728 2989 patientiam
752 2946 880 2990 possim

99 2985 225 3020 dicere.
249 2987 409 3023 Similiter
422 2991 480 3024 tv.
490 2990 546 3031 23,
558 2991 619 3025 52:
638 2994 752 3033 nescio,
767 2993 880 3033 ecquid

98 3031 166 3078 ipsi
186 3044 249 3067 nos
271 3034 413 3069 fortiter
433 3055 479 3063 —
508 3036 710 3076 fecerimus3
745 3037 774 3070 si
798 3037 880 3082 quid

920 1840 978 1879 22,
1002 1838 1057 1869 50.

990 1884 1161 1924 fruyalilas
1172 1901 1228 1922 —,
1243 1883 1327 1923 quod
1340 1884 1506 1923 angustius
1519 1882 1601 1927 etc.]
1619 1883 1661 1914 H.
1675 1894 1704 1915 e.

920 1928 966 1967 id,
993 1927 1085 1972 quod
1106 1927 1336 1972 frugalitatem
1356 1927 1508 1970 dicimus,
1533 1928 1705 1973 augustitss

921 1974 1011 2020 apud
1039 1974 1187 2007 Graecos
1213 1974 1314 2007 valet.

987 2022 1074 2063 [πυρί
1092 2023 1232 2054 homines
1249 2020 1457 2066 χρησίμους]
1482 2022 1523 2054 V.
1540 2020 1628 2053 infra
1649 2022 1701 2054 lV.

922 2065 974 2106 16,
993 2066 1049 2101 36.
1089 2067 1141 2099 Cf.
1165 2066 1329 2108 Quinctil.
1350 2069 1378 2100 Ι.
1398 2066 1431 2106 6,
1453 2066 1516 2102 29:
1544 2074 1581 2100 ut
1601 2079 1703 2112 quum

918 2114 966 2146 M.
991 2112 1122 2146 Caelius
1155 2125 1192 2146 se
1224 2125 1298 2146 esse
1326 2115 1484 2147 hominem
1509 2115 1598 2156 frugi
1630 2113 1704 2146 vult

916 2159 1083 2203 probare,
1120 2170 1189 2193 non
1219 2160 1297 2205 qnia
1321 2160 1495 2193 abstinens
1518 2160 1582 2200 sit,
1611 2160 1702 2206 (nam

917 2205 952 2238 id
975 2218 1017 2239 ne
1037 2206 1174 2239 mentiri
1193 2206 1330 2251 quidem
1350 2213 1486 2251 poterat
1498 2207 1521 2250 ς)
1545 2206 1606 2239 sed
1627 2206 1703 2251 quia

917 2255 1004 2286 utilis
1026 2252 1162 2293 multis,
1186 2252 1223 2285 id
1244 2260 1295 2285 est
1319 2253 1522 2293 fructuosus,
1549 2252 1638 2285 unde
1657 2253 1702 2285 sit

916 2299 1008 2332 dicta
1035 2301 1217 2341 fruyaluas.
1265 2299 1377 2332 Verba
1401 2302 1508 2342 frugi,
1531 2301 1703 2341 frugalitas

917 2345 1018 2378 ducta
1047 2352 1126 2377 sunt
1159 2358 1177 2379 e
1213 2345 1322 2390 prisca
1352 2347 1582 2378 Romanorum
1610 2346 1699 2383 vita3

916 2392 1054 2436 proprie
1068 2391 1157 2424 enim
1172 2403 1249 2435 ayer
1262 2394 1349 2434 frugi
1365 2404 1410 2426 sc.
1425 2392 1587 2425 ferendae
1602 2398 1699 2434 aptus

919 2438 987 2482 (vel
1007 2438 1176 2483 antiquius
1209 2450 1272 2482 pro
1306 2449 1383 2481 ager
1410 2439 1526 2482 frugis)
1556 2437 1698 2475 (licitum

915 2492 988 2517 tum
1014 2485 1221 2518 transfertur
1251 2484 1295 2518 ad
1330 2485 1505 2518 hominem
1543 2483 1698 2527 probum,

915 2538 1101 2574 strenuum,
1124 2531 1326 2575 prudentem
1337 2531 1624 2573 moderatumque,
1641 2529 1698 2573 qui

914 2577 949 2610 in
973 2577 1032 2617 iis,
1069 2589 1154 2621 quae
1177 2578 1280 2619 facit,
1314 2590 1447 2622 semper
1465 2577 1583 2608 iustam
1604 2581 1699 2607 tenet

914 2636 1122 2662 mensuram,
1150 2631 1186 2656 ut
1208 2624 1378 2668 proverbii
1399 2624 1509 2656 locum
1531 2621 1696 2661 obtineat,

912 2673 1070 2704 hominem
1089 2672 1177 2713 sru9i
1197 2674 1305 2704 omnia
1324 2674 1403 2702 recle
1423 2671 1526 2710 facere
1550 2668 1620 2711 (IV.
1641 2666 1694 2706 16,

912 2716 1004 2755 36Ᾰς
1026 2717 1104 2749 hiuc
1125 2729 1193 2749 non
1213 2716 1319 2749 solum
1340 2715 1381 2747 de
1398 2715 1487 2753 viris,
1513 2712 1618 2758 qualis
1632 2711 1698 2745 fuit

912 2763 954 2795 L.
968 2763 1055 2802 Piso,
1082 2766 1183 2804 Fruyi
1203 2761 1468 2805 cognominatus,
1492 2758 1697 2803 integritatis

843 2820 876 2852 p.
911 2808 1192 2852 innocentiaeque
1213 2807 1404 2851 specimen,
1441 2805 1502 2838 sed
1526 2805 1627 2838 etiam
1652 2805 1696 2838 de

912 2855 1017 2887 servis
1031 2855 1142 2897 bonis,
1164 2853 1320 2892 strenuis,
1344 2851 1593 2896 moderatisque
1613 2851 1695 2885 dici-

911 2908 978 2933 tur.
998 2897 1240 2943 Σωφροσύνης
1251 2899 1346 2931 notio
1355 2898 1516 2930 latissime
1522 2905 1634 2942 patet3
1645 2905 1697 2931 est

913 2947 1000 2980 enim
1015 2959 1053 2979 ea
1070 2947 1185 2983 virtus,
1205 2956 1290 2988 quae
1304 2955 1364 2977 nos
1380 2944 1416 2977 in
1430 2943 1582 2977 omnibus
1599 2956 1696 2990 quas-

916 3004 1046 3037 cunque
1061 2998 1243 3024 tractamus
1258 2990 1356 3023 rebus
1373 2988 1496 3032 σώζειν
1510 2989 1573 3035 τὴν
1589 2990 1698 3036 φρένα

913 3038 936 3071 i.
948 3051 977 3072 e.
992 3045 1084 3072 recta
1106 3036 1155 3069 uti
1168 3036 1299 3070 ratione
1315 3037 1421 3080 iubet,
1445 3036 1575 3083 sibique
1588 3037 1699 3071 subie-
