1859 3117
719 65 1073 100 PaoLEcoMENA.
1634 57 1691 101 25

100 155 178 200 est,
208 149 417 202 oppositae
438 154 534 187 sunt
558 148 800 202 offensiones
822 148 1270 203 (Vembsclzeuzmgen)
1281 177 1296 196 ,
1329 163 1429 201 quae
1459 149 1610 188 habent
1640 151 1692 190 ad

99 223 228 256 certas
252 223 328 256 res*
340 217 560 267 fastidium,
591 224 639 255 ut
669 217 881 255 mulierum
916 218 1070 268 odium,
1101 226 1159 270 et,
1192 226 1241 257 ut
1274 219 1407 257 morbi
1441 220 1691 271 aegrotatio-

98 299 248 338 nesque
266 286 432 325 libidine
451 300 497 324 ac
523 285 688 335 laetitia,
719 285 775 324 sic
794 285 868 324 hae
888 293 995 325 metu
1017 294 1246 327 moventur.
1277 303 1310 327 c.
1337 292 1404 327 10.
1463 289 1598 327 Morbi
1622 303 1691 327 ae-

97 356 418 407 grotationesque
448 355 692 407 cogitatione
721 355 829 393 inter
858 369 898 393 se
929 356 1142 406 differunt,
1174 372 1217 395 re
1238 358 1425 409 copulata
1449 365 1557 396 sunt.
1617 360 1691 396 Se-

98 424 241 475 quitur
275 424 442 462 uberior
475 424 677 476 expositio
708 425 941 462 morborum
977 426 1394 478 aegrotationumque,
1438 433 1479 464 et
1510 440 1611 478 quae
1642 427 1691 464 iis

98 492 324 532 contrariae
343 499 439 532 sunt
462 493 743 532 offensionum.
775 507 808 532 c.
836 497 902 532 11.
964 494 1113 532 Deinde
1137 496 1320 547 corporis
1350 495 1551 547 animique
1581 496 1690 534 vali-

97 561 254 600 tudinis
287 562 589 600 similitudinem
621 562 749 601 fusius
782 563 1054 614 persequitur.
1115 563 1458 611 Quemadmodum
1488 565 1592 603 enim
1624 564 1693 602 alii

97 630 148 668 ad
175 630 274 669 alios
303 631 464 670 morbos
491 632 760 684 procliviores
796 639 910 681 sunt,
952 632 1008 670 sic
1040 632 1108 670 alii
1141 632 1191 670 ad
1225 634 1320 671 alias
1352 634 1692 685 perturbationes,

98 713 132 738 e.
157 703 221 738 12.
252 707 309 750 et,
339 705 387 738 ut
411 700 452 738 in
476 714 648 752 corpore
673 707 712 738 et
740 702 922 750 morbus,
955 708 993 739 et
1017 703 1258 755 aegrotatio,
1290 709 1331 740 et
1355 703 1499 741 vitium
1528 710 1603 752 est,
1634 702 1692 741 sic

95 768 138 806 in
166 768 312 807 animo.
369 769 597 821 Explicatio
619 770 854 808 vitiositatis
879 772 919 808 in
945 771 1090 809 animo.
1150 773 1281 810 Porro
1311 771 1354 809 in
1385 772 1500 810 bonis
1532 784 1692 823 quoque

95 837 217 875 animi
252 843 438 876 naturam
475 839 637 890 attingit
672 840 856 891 corporis
889 840 1133 890 similitud03
1172 847 1267 879 sunt
1299 841 1401 878 enim
1440 841 1482 878 in
1519 854 1692 892 corpore

96 906 375 959 pulchritudo,
409 907 528 957 vires,
559 908 758 957 valitudo,
789 908 970 959 firmitas,
1000 910 1208 959 velocitas,
1241 917 1336 948 sunt
1361 910 1455 948 item
1476 911 1517 947 in
1544 910 1692 947 animo.

97 989 131 1013 c.
160 979 226 1014 15.
285 975 389 1014 Illud
420 983 551 1014 autem
577 977 803 1015 animorum
829 992 1130 1030 corporumque
1158 979 1362 1028 dissimile,
1397 978 1507 1030 quod
1541 992 1690 1030 corpo-

96 1057 188 1082 rum
211 1044 313 1082 mala
345 1042 511 1098 (morbi)
542 1046 623 1083 sine
646 1046 763 1098 culpa
787 1047 965 1085 accidere
988 1055 1178 1099 possunt,
1210 1049 1434 1086 animorum
1469 1062 1550 1085 non
1583 1047 1691 1086 item.

54 1117 63 1124 ”
98 1113 281 1164 Denique
314 1114 557 1165 exponitur,
595 1115 694 1165 quid
725 1115 767 1152 in
798 1117 1179 1166 perturbationibus
1206 1117 1329 1155 animi
1358 1116 1549 1155 differant
1577 1116 1691 1168 inge·

97 1182 203 1220 niosi
234 1181 411 1220 homines
442 1189 482 1220 et
511 1183 684 1221 hebetes.
723 1198 756 1221 c.
784 1188 846 1223 14.

213 1264 246 1289 c.
312 1252 531 1289 Conclusio
562 1252 714 1304 primae
746 1252 873 1303 partis
905 1253 1192 1305 disputationis
1225 1255 1272 1294 de
1298 1253 1690 1307 perturbationibus,

97 1326 137 1358 et
165 1319 360 1359 transitus
390 1320 440 1360 ad
471 1321 636 1359 alteram
667 1329 836 1374 partem.
876 1336 910 1361 c.
938 1327 1003 1362 14.
1060 1350 1070 1361 .
1094 1327 1162 1362 55.

654 1486 699 1525 B.
759 1486 958 1526 ALTERA
988 1487 1135 1536 PARS,

751 1588 818 1615 Qt'A
845 1589 1034 1619 PnoszTt‘n,

264 1641 669 1677 PERTURBATIONES
694 1646 742 1678 IN
767 1647 1027 1680 SAPIENTEM
1057 1646 1232 1679 CADERE
1258 1645 1355 1678 NON
1379 1645 1525 1678 POSSE.

213 1750 249 1775 a.
308 1737 638 1790 Argumentum,
671 1753 752 1791 quo
774 1741 993 1792 probatur,
1024 1742 1244 1793 sapientem
1266 1741 1450 1778 omnibus
1468 1739 1690 1791 perturba-

99 1803 278 1843 tionibus
301 1820 455 1845 vacare.
516 1808 572 1846 Ut
588 1808 723 1847 virtus
744 1817 802 1848 est
822 1810 982 1849 affectio
1004 1810 1126 1848 animi
1149 1816 1335 1848 constans
1355 1808 1691 1858 conveniensque,

98 1872 317 1912 laudabiles
340 1875 513 1915 efficiens
534 1891 612 1927 eOS,
643 1878 685 1916 in
710 1879 856 1929 quibus
879 1887 948 1928 est,
981 1886 1019 1917 et
1039 1880 1126 1930 ipsa
1152 1891 1223 1930 per
1243 1891 1335 1926 sese,
1366 1883 1550 1928 separata
1574 1877 1692 1914 etiam

99 1943 296 1994 utilitate,
336 1944 574 1995 laudabilis,
617 1960 666 1984 ex
705 1961 826 1998 eaque
862 1948 1179 1999 proficiscuntur
1217 1946 1408 1984 honestae
1447 1946 1692 1995 voluntates,

99 2012 276 2051 actiones
298 2014 505 2065 omnisque
526 2021 635 2052 recta
659 2016 782 2053 ratio:
815 2016 871 2054 ita
896 2016 1098 2054 vitiositas
1122 2015 1290 2054 virtutis
1312 2015 1519 2053 contraria
1543 2021 1613 2064 est,
1644 2028 1694 2054 ex

101 2093 223 2132 eaque
244 2082 503 2125 concitantur
524 2084 869 2133 perturbationes:
901 2099 1021 2136 quae,
1053 2085 1242 2136 quoniam
1264 2098 1418 2122 omnem
1442 2084 1565 2121 animi
1592 2099 1692 2123 con-

101 2149 290 2187 stantiam
312 2150 475 2200 tollunt,
506 2151 706 2190 hominem
733 2160 771 2191 et
793 2154 961 2192 miseriis
985 2154 1185 2206 affligunt,
1217 2161 1256 2192 et
1281 2154 1533 2192 deformitate
1554 2153 1693 2206 inqui-

102 2223 216 2255 nant.
255 2231 289 2256 c.
315 2221 382 2257 15.
408 2223 474 2259 16.
511 2220 643 2272 princ.
702 2222 866 2274 Sapiens
901 2230 1032 2262 autem
1064 2224 1098 2261 is
1133 2231 1210 2273 est,
1250 2224 1321 2275 qui
1351 2223 1626 2261 moderatione
1655 2229 1696 2261 et

104 2286 340 2325 constantia·
367 2289 527 2338 quietus
557 2290 686 2328 animo
715 2298 792 2341 est,
834 2292 987 2344 sibique
1021 2293 1106 2345 ipse
1145 2294 1348 2345 placatus,
1387 2306 1603 2343 omnesque
1633 2306 1694 2330 res

101 2353 296 2398 humanas
320 2356 535 2396 inferiores
560 2372 601 2397 se
630 2359 800 2410 ducem,
832 2362 972 2400 beatus
996 2363 1131 2414 igitur.
1190 2363 1251 2400 Ex
1274 2362 1323 2399 iis
1345 2362 1471 2414 igitur
1501 2360 1695 2412 intelligi-

102 2429 185 2474 tur,
206 2426 442 2465 sententiam
457 2428 722 2480 propositam,
746 2432 790 2468 in
809 2433 1034 2482 sapientem
1046 2431 1380 2483 perturbationes
1400 2430 1545 2469 cadere
1559 2444 1693 2481 posse,

103 2506 232 2531 secum
254 2508 448 2547 pugnare.
484 2495 526 2549 §.
547 2501 618 2536 56.
649 2513 682 2536 c.
707 2503 773 2538 17.
802 2497 845 2551 §.
866 2504 934 2540 57.
957 2504 1027 2540 58.

216 2560 269 2601 b.
297 2565 520 2615 Refictcztio
539 2569 927 2619 Peripateticorum.
986 2568 1246 2621 Peripatetici
1266 2567 1591 2622 perturbationes
1611 2578 1695 2603 non

104 2631 224 2669 modo
246 2634 448 2672 naturales
469 2648 551 2673 esse
571 2635 768 2686 dicebant,
801 2638 868 2675 sed
891 2639 1008 2676 etiam
1026 2639 1183 2676 utiliter
1204 2653 1226 2676 a
1244 2645 1390 2676 natura
1412 2636 1535 2683 datas,
1565 2634 1696 2684 iisque

105 2700 267 2739 modum
297 2702 583 2743 adhibendum.
642 2706 723 2743 Has
750 2707 966 2745 sententias
1001 2707 1058 2745 ita
1087 2708 1239 2745 refutat
1263 2707 1419 2753 Cicero,
1449 2710 1498 2741 ut
1525 2703 1694 2741 demon-

107 2773 227 2818 stret,
257 2770 360 2809 vitio
385 2773 543 2811 nullum
572 2774 844 2821 adhibendum
869 2790 949 2814 esse
971 2776 1154 2827 modum,
1185 2790 1294 2825 nam,
1327 2772 1507 2825 quamvis
1532 2771 1694 2810 modum

107 2841 239 2899 teneas
261 2838 304 2876 in
324 2843 714 2893 perturbationibus,
744 2850 874 2882 tamen
896 2846 1042 2883 vitium
1065 2852 1104 2884 te
1124 2844 1380 2890 committere,
1412 2840 1601 2891 quoniam
1621 2855 1693 2879 ra-

109 2903 211 2943 tioni
238 2921 320 2946 non
343 2924 502 2961 pareas:
533 2926 661 2963 neque
685 2913 770 2951 eius
795 2914 903 2952 modi
927 2914 1116 2952 terminos
1143 2911 1336 2952 constitui
1358 2923 1491 2962 posse:
1522 2909 1696 2963 denique
