1859 3133
686 50 1083 96 LissER1.21,48.
1629 45 1685 88 73

79 141 193 193 dem,
234 151 456 196 quanquam
487 134 683 178 foramina
716 135 806 188 illa,
851 149 952 191 quae
985 142 1122 192 patent
1154 133 1202 176 ad
1237 133 1411 176 animum
1443 147 1465 175 a
1493 149 1681 192 corpore,

79 214 338 258 callidissimo
361 210 527 254 artificio
550 217 693 252 natura
719 210 911 252 fabricata
935 219 1020 264 est,
1055 219 1188 253 tamen
1212 210 1384 252 terrenis
1406 212 1685 267 concretisque

79 290 314 348 corporibus
336 295 430 330 sunt
450 286 696 342 intersaepta
716 286 1022 341 quodammodo,
1057 302 1175 343 quum
1201 293 1334 328 autem
1356 285 1450 327 nihil
1474 286 1551 328 erit
1572 301 1686 343 prae-

79 372 143 408 ter
163 366 360 418 animum,
404 362 512 405 nulla
535 375 600 404 res
625 361 780 403 obiecta
802 361 1013 418 impediet,
1060 377 1137 418 quo
1161 363 1290 405 minus
1310 361 1524 420 pereipiat,
1569 363 1685 419 quale

80 441 250 498 quidque
281 439 348 481 sit.

100 505 104 510 ’
191 512 319 558 XXI.
354 513 548 571 Quamvis
574 512 735 570 copiose
758 511 857 555 haec
879 512 1119 564 diceremus,
1155 514 1186 555 si
1208 529 1274 556 res
1296 514 1531 570 postularet,
1567 529 1685 570 quam

78 591 224 645 multa,
268 605 385 648 quam
418 589 557 641 varia,
602 595 748 644 quanta
787 589 1012 645 spectacula
1047 589 1202 630 animus
1235 590 1274 631 in
1307 590 1406 631 locis
1444 590 1686 632 caelestibus

80 674 188 709 esset
216 666 438 709 habiturus.

78 741 275 784 nullorum
298 739 553 782 insolentiam
583 740 904 796 philosophorum
921 772 932 792 ,
979 741 1044 796 qui
1070 747 1238 782 naturae
1265 741 1532 795 cognitionem
1564 741 1688 783 admi-

502 670 572 707 48.
608 662 722 719 Quae
749 664 905 719 quidem
934 665 1115 720 cogitans
1141 664 1252 706 soleo
1279 679 1399 720 saepe
1423 666 1559 707 mirari
1585 681 1688 708 non-

77 824 245 869 rantur,
279 817 445 872 eiusque
470 816 672 858 inventori
698 823 739 857 et
763 816 927 872 principi
953 816 1101 871 gratias
1125 815 1376 857 exsultantes
1399 823 1543 871 agunt,
1577 832 1688 859 eum-

78 905 154 948 que
180 899 427 934 venerantur
463 899 505 934 ut
535 892 667 934 deum.
729 890 944 933 Liberatos
977 891 1081 933 euim
1118 905 1162 933 se
1200 905 1271 947 per
1298 906 1386 932 eum
1418 892 1553 933 dicunt
1594 907 1686 948 gra-

77 967 254 1010 vissimis
286 967 480 1020 dominis,
526 975 682 1008 terrore
714 969 958 1024 sempiterno
1000 974 1040 1008 et
1071 967 1212 1008 diurno
1247 982 1291 1008 ac
1325 975 1520 1009 nocturno
1560 975 1683 1010 metu.

81 1040 174 1097 Quo
200 1044 387 1084 terrore?
418 1057 496 1099 quo
520 1043 655 1084 metu?
686 1056 785 1098 quae
807 1049 869 1083 est
892 1056 992 1083 anus
1021 1050 1098 1083 tam
1125 1042 1247 1083 delira
1264 1075 1274 1094 ,
1309 1056 1410 1098 quae
1435 1043 1573 1085 timeat
1592 1043 1684 1097 ista,

81 1131 181 1174 quae
206 1132 280 1175 vos
299 1117 509 1170 videlicet,
542 1118 576 1159 si
604 1117 766 1174 physica
790 1132 870 1158 non
899 1117 1165 1169 didicissetis,
1202 1118 1424 1160 timeretis?

133 1195 380 1234 Acherunsia
404 1195 541 1246 templa
564 1195 644 1233 alta
671 1196 774 1241 Orci,
804 1223 813 1232 .
832 1223 841 1232 .
861 1223 870 1232 .
887 1195 1036 1246 pallida
1059 1196 1138 1241 leli,
1168 1194 1346 1233 obmzbe'la
1368 1195 1533 1235 tenebris
1554 1197 1652 1236 loca.

77 1265 175 1310 Non
201 1267 321 1325 pudet
342 1267 614 1325 philosophum
640 1268 679 1310 in
704 1282 750 1310 eo
775 1267 963 1324 gloriari,
998 1268 1100 1324 quod
1127 1268 1224 1309 haec
1252 1284 1330 1310 nou
1356 1269 1496 1311 timeat
1517 1277 1558 1311 et
1581 1271 1686 1326 quod

78 1382 231 1428 diligenti
267 1390 407 1417 naturae
443 1383 637 1427 cognitione
674 1383 863 1418 animo-nm

77 1429 365 1463 immortalitatem
402 1430 515 1474 colligi
551 1442 663 1474 posse.
729 1431 863 1463 Etenim

79 1476 230 1517 animm,
271 1488 372 1520 quum
407 1489 426 1509 e
457 1488 601 1522 corpore
632 1477 862 1517 excessissent,

78 1522 220 1556 sublime
237 1522 342 1555 latum
361 1523 402 1555 iri
421 1529 456 1556 et
473 1523 507 1555 in
530 1523 727 1556 caelestibus
749 1523 864 1567 regio-

78 1568 176 1602 nibus
197 1575 350 1602 naturam
376 1568 425 1601 sui
445 1569 587 1602 similem
617 1570 760 1614 adeptos
780 1569 863 1602 sub—

79 1615 218 1648 stituros
246 1626 329 1648 esse.
380 1615 430 1648 Ad
463 1615 550 1648 hanc
580 1616 774 1660 opinionem
800 1628 864 1648 na—

79 1668 176 1694 turae
200 1661 490 1706 contemplatione
522 1674 622 1706 quum
653 1670 770 1707 aperte
799 1662 864 1695 ad-

81 1707 251 1747 ducamur,
274 1708 433 1752 prol'ecto
453 1708 567 1741 facere
589 1721 655 1742 non
678 1721 863 1752 possumus,

79 1753 159 1799 quin
188 1753 346 1787 miremur
368 1754 609 1799 Epicureorum
638 1755 862 1795 insolentiam,

79 1800 135 1845 qni
148 1826 156 1841 ,
180 1800 315 1834 tametsi
336 1807 475 1834 naturae
496 1802 690 1845 cognitione
711 1802 864 1845 glom'an-

78 1853 135 1880 tur
166 1858 271 1892 eaque
305 1847 347 1880 ab
379 1846 471 1880 omni
496 1848 738 1891 superstitione
764 1860 864 1892 prac—

81 1892 252 1938 ceptisque
288 1892 330 1926 de
369 1900 460 1926 statu
495 1893 611 1927 futuro
649 1894 864 1938 opinionibus

79 1938 240 1972 liberatos
261 1951 296 1972 se
323 1939 460 1979 dicunt,
484 1946 597 1972 tamen
623 1940 705 1972 nihil
731 1939 821 1972 aliud
846 1951 864 1971 e

79 1992 220 2018 naturae
241 1985 354 2018 studio
379 1985 581 2023 didicerunt,
607 1985 668 2017 nisi
689 1997 735 2024 se,
763 1996 863 2029 quum

79 2038 212 2075 tempus
232 2031 352 2065 mortis
378 2031 538 2069 venisset,
563 2038 656 2063 totos
677 2043 748 2063 esse
769 2030 865 2074 peri-

79 2083 183 2110 turos.
231 2079 358 2111 Totam
373 2077 462 2109 hanc
482 2077 525 2109 de
540 2077 710 2119 Epicureis
731 2077 864 2120 digres-

82 2123 213 2156 sionem
249 2123 291 2156 ab
325 2122 392 2155 hoc
426 2122 505 2155 loco
541 2122 683 2155 alienam
719 2123 864 2167 quodam

78 2168 184 2202 modo
208 2180 282 2202 esse
305 2168 360 2201 vel
384 2175 477 2202 certe
501 2168 633 2212 longius
657 2169 863 2210 arcessitam,

81 2214 198 2259 negari
217 2226 286 2247 non
304 2221 437 2258 potest3
465 2214 536 2254 sed,
561 2215 653 2259 quod
669 2215 779 2259 paullo
799 2228 863 2248 an-

80 2267 136 2293 tea
152 2261 351 2299 monuimus,
371 2260 500 2301 Cicero,
523 2261 712 2306 ubicunque
731 2262 863 2296 occasio

82 2306 235 2349 offertur,
255 2318 341 2340 vana
356 2314 456 2352 atque
469 2307 582 2340 inania
599 2308 696 2340 huius
715 2307 864 2352 discipli-

80 2365 145 2386 nae
166 2353 302 2386 decreta
324 2365 461 2398 carpere
483 2360 518 2386 et
537 2353 715 2387 traducere
735 2355 863 2388 studet.

146 2402 273 2442 eiusque
305 2402 462 2433 inventori
483 2420 529 2425 —
552 2405 588 2433 ut
619 2402 737 2444 deum]
778 2401 863 2433 Illu-

82 2445 222 2479 strando
255 2445 334 2478 huie
365 2445 444 2479 loco
469 2446 602 2490 egregie
625 2447 766 2479 inservit
790 2448 864 2480 Lu-

83 2491 206 2525 cretius
229 2492 270 2524 V.
291 2490 387 2536 8sq.,
411 2492 468 2525 ubi
479 2493 642 2537 Epicurus
663 2493 784 2526 divinis
807 2494 863 2527 ef-

84 2537 192 2571 fertur
214 2537 390 2571 laudibus:

126 2604 174 2610 --
195 2586 280 2618 Deus
302 2584 362 2617 ille
384 2584 473 2626 fuit,
497 2588 600 2626 Deus,
625 2605 671 2611 —-
694 2605 740 2611 —-

128 2630 194 2672 Qui
226 2631 383 2676 princeps
415 2631 507 2664 vitae
538 2631 704 2665 rationem
737 2632 866 2665 invenit

568 2689 640 2710 eam
653 2703 664 2718 ‚
689 2690 774 2722 quae

128 2721 230 2756 Nunc
246 2722 436 2768 appellatur
451 2723 615 2768 sapientia
629 2737 636 2762 ;
658 2724 783 2769 quippe
803 2737 865 2769 per

567 2778 676 2803 artem

966 1383 1120 1427 principi]
1159 1385 1202 1416 H.
1228 1396 1256 1416 e.
1286 1384 1379 1428 quasi
1411 1385 1460 1430 τῷ
1496 1385 1686 1429 κορυφαίῳ,

899 1437 935 1463 ut
961 1430 1064 1463 Acad.
1093 1432 1133 1465 Il.
1159 1429 1224 1469 43,
1254 1430 1335 1463 13¹3:
1375 1431 1492 1476 (Zeno)
1527 1431 1687 1466 inventor

899 1485 934 1510 et
958 1478 1114 1522 princeps
1141 1477 1331 1510 Stoicorum
1359 1478 1435 1510 suit.

968 1540 1084 1568 terrore
1108 1554 1153 1560 —
1177 1535 1276 1580 metu]
1308 1536 1348 1567 V.
1373 1535 1460 1568 insta
1482 1537 1540 1569 IV.
1562 1534 1604 1577 8,
1631 1534 1685 1569 19.

968 1594 1125 1635 videlicet}
1163 1594 1205 1625 11.
1230 1605 1258 1626 e.
1284 1593 1400 1626 videre
1425 1593 1524 1634 licet,
1561 1594 1686 1627 obscu-

900 1652 973 1673 rum
993 1652 1060 1672 non
1081 1647 1142 1678 est,
1169 1639 1296 1684 utique.
1349 1640 1404 1672 Uti
1426 1640 1458 1672 h.
1481 1640 1514 1679 l,
1540 1640 1588 1673 sic
1606 1652 1685 1673 sae-

901 1698 943 1731 pe
967 1687 1000 1719 in
1029 1686 1198 1718 sententia
1234 1698 1307 1718 eum
1333 1687 1440 1718 ironia
1465 1686 1555 1718 dicta
1582 1686 1685 1730 poni-

901 1740 964 1765 tur.
1016 1734 1107 1765 lnsra
1130 1734 1168 1764 Υ.
1191 1729 1256 1768 36,
1287 1732 1371 1765 1033
1403 1732 1463 1764 sod
1487 1732 1575 1776 apud
1601 1732 1685 1765 alios

900 1779 992 1824 loqui
1025 1781 1169 1812 videlicet
1203 1778 1367 1810 didicerat
1393 1779 1684 1822 (Demosthenes),

901 1838 969 1857 nou
989 1825 1129 1857 multum
1149 1825 1220 1867 ipse
1243 1836 1365 1857 secum.
1417 1824 1468 1857 Cf.
1492 1826 1533 1856 Il.
1555 1825 1596 1865 4,
1626 1825 1680 1858 11.

900 1873 957 1904 Ill.
984 1871 1034 1909 12,
1055 1868 1110 1902 26.
1145 1870 1239 1902 Idem
1261 1870 1349 1902 cadit
1369 1870 1402 1902 in
1424 1870 1604 1914 particulas
1624 1874 1686 1904 sci-

899 1920 978 1957 licet,
1009 1919 1170 1957 nimirum,
1195 1927 1316 1958 nempe,
1341 1919 1467 1958 quippe.
1517 1917 1569 1949 Cf.
1597 1920 1686 1951 Kah-

898 1973 965 1995 ner.
990 1963 1030 1996 L.
1059 1962 1118 1994 Gr.
1145 1963 1172 2005 ζ).
1190 1962 1266 1996 133.
1293 1975 1325 2007 p.
1340 1962 1408 1995 329
1422 1975 1471 2007 sq.
1500 1963 1553 1996 ed.
1574 1962 1606 1997 2.

969 2022 1178 2062 Acherunsia]
1203 2020 1246 2052 Hi
1266 2020 1420 2052 versiculi
1442 2021 1542 2065 petiti
1563 2021 1685 2054 viden-

896 2072 952 2099 tur
977 2078 1017 2099 ex
1043 2066 1140 2098 Ennii
1164 2066 1411 2099 Andromacha.

969 2126 1086 2165 templa
1119 2126 1186 2157 alta
1210 2125 1298 2170 Orci]
1336 2125 1472 2157 Lucret.
1496 2127 1531 2164 Ι,
1556 2124 1683 2170 21sq.:

899 2170 972 2203 Etsi
994 2176 1170 2214 praeterea
1190 2178 1305 2204 tamen
1326 2182 1397 2203 esse
1417 2173 1589 2205 Acherusia
1609 2177 1685 2206 lem-

896 2219 953 2258 pla
978 2216 1101 2249 Ennius
1126 2217 1271 2250 aeternis
1294 2217 1434 2261 exponit
1457 2218 1618 2251 versibus.
1639 2238 1685 2243 ——

900 2266 1064 2304 Templum
1086 2264 1175 2295 enim
1204 2263 1312 2307 prima
1333 2276 1373 2297 ac
1393 2264 1532 2308 propria
1554 2264 1685 2308 signifi-

901 2310 1032 2341 catione
1057 2317 1130 2342 erat
1154 2317 1283 2343 certum
1306 2310 1476 2354 quoddam
1499 2310 1582 2343 caeli
1602 2322 1684 2355 spa—

898 2355 983 2388 tium
1003 2355 1045 2387 ab
1068 2356 1247 2400 auguribus
1269 2357 1352 2389 lituo
1375 2356 1602 2400 descriptum,
1628 2357 1684 2389 in-

898 2409 951 2434 tra
985 2401 1076 2446 quod
1103 2402 1276 2446 augurium
1305 2403 1467 2447 agebatur
1490 2404 1542 2435 vel
1566 2403 1684 2435 alitum

899 2447 1034 2481 volatus
1069 2449 1321 2483 observabatur.
1371 2449 1502 2482 Deinde
1529 2449 1595 2481 hoc
1617 2459 1684 2480 no-

900 2506 977 2527 men
997 2494 1040 2527 de
1060 2496 1177 2539 quovis
1198 2495 1275 2529 loco
1293 2497 1492 2539 inaugurato
1514 2502 1546 2527 et
1564 2501 1683 2527 sancto

901 2541 1112 2585 ponebatur,
1147 2548 1185 2573 ut
1207 2542 1241 2574 h.
1268 2542 1290 2574 l.
1322 2542 1365 2575 de
1391 2544 1488 2574 Orco.
1539 2540 1591 2572 Cf.
1622 2542 1684 2573 Er-

900 2590 993 2620 nesiii
1018 2587 1111 2621 Clav.
1137 2587 1205 2619 Cic.
1227 2588 1261 2621 h.
1284 2601 1316 2620 v.

970 2636 1004 2666 in
1027 2644 1062 2666 eo
1086 2636 1235 2677 yloriari]
1273 2636 1317 2667 H.
1344 2646 1372 2666 e.
1405 2632 1440 2664 in
1475 2643 1514 2663 eo
1540 2630 1684 2673 gloriam

901 2679 1104 2712 collocatam
1127 2680 1262 2713 habere.
1311 2680 1353 2712 N.
1380 2680 1421 2710 D.
1448 2679 1505 2710 Ill.
1529 2674 1593 2716 56,
1618 2675 1683 2711 87:

899 2728 933 2758 in
954 2728 1068 2759 virtute
1098 2734 1192 2758 recte
1222 2729 1410 2768 gloriamur.
1458 2722 1620 2756 Similiter
1648 2723 1684 2756 in

901 2771 998 2803 Catil.
1022 2773 1064 2805 ΙΙ.
1085 2770 1128 2811 9,
1161 2771 1225 2804 20:
1265 2770 1397 2808 coloni,
1433 2768 1489 2812 qui
1512 2779 1544 2802 se
1569 2772 1603 2802 in
1627 2773 1689 2806 in-

129 2813 300 2848 Flnctibus
318 2827 338 2848 e
355 2815 460 2849 tantis
483 2815 587 2849 vitam
613 2816 781 2861 tantisque
802 2823 860 2850 te—
892 2821 1028 2859 speralis
1060 2821 1288 2859 repentinisque
1319 2817 1462 2857 pecuniis
1493 2822 1685 2860 sumptuo-

130 2904 170 2937 In
192 2911 262 2940 tam
290 2908 472 2953 tranquilla
503 2914 539 2942 et
565 2862 765 2987 Igssnfclam
787 2908 863 2943 luce

580 2961 704 2990 ocavit.

89 2994 161 3028 Gfr.
187 2995 305 3030 cicero
326 2999 372 3031 N.
397 3001 439 3032 D.
465 3000 492 3033 1.
520 2997 584 3039 16,
607 2997 664 3033 43.

895 2863 963 2896 sius
986 2863 1251 2907 insolentiusque
1282 2864 1455 2894 iactarunt.
1502 2862 1595 2895 Infra
1623 2864 1685 2896 111.

899 2909 940 2943 11
955 2934 964 2950 ,
988 2909 1053 2943 25:
1089 2916 1128 2942 ut
1160 2912 1194 2942 in
1223 2918 1258 2942 eo
1279 2914 1410 2940 rectum
1431 2906 1588 2942 videatur
1613 2921 1687 2942 esse

898 2966 986 2997 anm.
