1859 3149
839 487 897 521 IN

493 568 557 612 M.
592 566 825 611 TULLII
859 565 1225 610 CICERONIS

98 643 835 722 TUSCULANARUM
875 661 1632 719 DISPUTATIONUM

666 776 826 809 Lmssos
852 776 1065 817 QmNQUE

559 844 1152 893 PROLEGOMENA.

269 984 307 1027 1.
367 983 441 1027 De
469 985 678 1026 universa
702 983 988 1039 philosophia
1016 983 1139 1039 apud
1168 983 1459 1038 Romanos1).

181 1078 465 1131 Philosophiae
481 1078 658 1117 studium
675 1078 783 1130 apud
798 1079 993 1116 Romanos
1011 1078 1083 1115 diu
1099 1078 1320 1131 neglectum
1339 1078 1477 1117 iacuit.
1507 1078 1664 1117 Etenim

67 1161 162 1200 gens
191 1161 376 1197 romana,
407 1162 431 1185 a
457 1148 595 1200 primis
628 1147 803 1185 civitatis
833 1147 962 1185 initiis
997 1147 1198 1184 continuis
1224 1148 1336 1185 bellis
1361 1154 1575 1199 occupata,
1606 1148 1662 1185 ita

69 1215 258 1254 instituta
280 1223 385 1265 erat,
415 1222 464 1254 ut
491 1229 645 1254 omnem
669 1215 827 1253 laudem
851 1215 1097 1266 gloriamque
1125 1216 1168 1253 in
1199 1230 1243 1253 re
1273 1216 1439 1254 militari
1462 1217 1661 1255 civitatis-

69 1297 147 1335 que
178 1284 527 1323 administratione
565 1285 794 1322 collocaret.
855 1285 967 1331 Quae
1004 1284 1164 1335 quidcm
1202 1284 1268 1321 via
1301 1285 1472 1336 posteris
1503 1299 1663 1335 quoque

67 1353 317 1405 temporibus
341 1353 391 1391 ad
412 1367 602 1392 sumniam
630 1354 673 1391 in
701 1367 745 1391 re
766 1353 930 1405 publica
953 1353 1233 1391 auctoritatem
1259 1354 1558 1404 adipiscendam
1581 1368 1663 1392 una

65 1428 152 1460 erat
174 1429 296 1473 atque
318 1422 548 1461 certissima.
608 1423 764 1461 Primus
794 1436 1026 1473 graecarum
1058 1422 1337 1460 doctrinarum
1368 1423 1664 1475 sapientiaeque

65 1505 179 1529 amor
200 1491 245 1528 in
262 1492 536 1530 Romanorum
555 1491 695 1530 animis
714 1491 906 1540 effloruit,
931 1505 1054 1542 quum
1077 1492 1282 1529 clarissimi
1304 1492 1362 1529 illi
1382 1493 1537 1542 Gracci,
1560 1494 1660 1530 Car—

67 1559 223 1609 neades,
253 1560 455 1598 Critolaus
480 1567 519 1598 et
533 1561 734 1613 Diogenes,
766 1561 887 1612 primi
909 1560 979 1611 qui
1000 1575 1021 1598 a
1036 1561 1220 1599 Romanis
1238 1561 1386 1612 cogniti
1406 1569 1502 1599 sunt
1521 1561 1660 1614 philo-

66 1627 199 1681 sophi,
230 1629 279 1667 ab
300 1628 611 1668 Atheniensibus
634 1631 798 1667 Romam
821 1630 928 1667 missi
949 1636 1046 1667 sunt
1069 1628 1170 1682 (598
1185 1645 1220 1668 a.
1234 1631 1282 1668 U.
1297 1644 1343 1679 c.‚
1378 1634 1460 1670 156
1485 1646 1518 1669 a.
1535 1630 1660 1683 Cha),

66 1697 120 1736 At
153 1697 358 1737 enimvero
383 1698 437 1736 Μ.
458 1698 627 1737 Porcius
660 1700 777 1748 Cato,
809 1712 972 1737 severus
1002 1699 1070 1737 ille
1104 1713 1245 1749 seneX,
1283 1700 1478 1751 pristinae
1524 1702 1659 1738 'nonia-

65 1752 214 1805 norum
237 1766 472 1818 disciplinae
497 1767 738 1817 innutritus,
769 1774 960 1816 metuens,
992 1782 1041 1806 ne
1065 1768 1256 1806 iuventus
1282 1768 1470 1818 flagranti
1493 1769 1562 1805 illo
1585 1770 1658 1806 lit-

66 1841 245 1874 terarum
267 1836 414 1875 ardore
433 1851 456 1875 a
477 1837 624 1875 veteris
644 1836 878 1888 disciplinae
899 1837 1124 1885 severitate,
1156 1849 1273 1887 quam
1292 1837 1476 1875 militaris
1499 1838 1557 1875 rei
1575 1852 1658 1889 pu—

66 1903 193 1943 blicae
215 1904 396 1943 conditio
418 1906 643 1944 necessario
665 1906 914 1956 requireret,
947 1905 1204 1956 degeneraret
1230 1911 1290 1954 et,
1323 1906 1569 1944 Graecorum
1591 1907 1660 1944 in-

66 1973 168 2012 fecta
204 1973 416 2024 doctrina,
455 1975 606 2026 ingenii
638 1975 759 2025 magis
797 1973 947 2022 cultui,
988 1987 1106 2023 quam
1136 1974 1256 2014 rebus
1287 1975 1464 2013 strenuis
1498 1989 1661 2027 operam

65 2041 202 2091 daret,
234 2042 384 2092 effecit,
416 2049 464 2080 ut
492 2042 612 2094 legati
641 2056 737 2079 mox
767 2042 929 2079 domum
958 2042 1279 2082 remitterentur.

179 2111 322 2149 Postea
346 2125 465 2160 vero,
496 2125 665 2161 romano
688 2110 858 2162 imperio
880 2111 998 2163 longe
1021 2111 1178 2163 lateque
1205 2119 1432 2165 propagato
1462 2120 1500 2152 et
1529 2114 1658 2152 stabi-

64 2178 152 2228 lito,
177 2178 357 2230 ingentes
376 2192 470 2231 opes
489 2185 528 2216 et
546 2193 634 2218 cum
651 2179 699 2217 iis
719 2180 883 2218 luxuria
902 2195 948 2218 ac
968 2181 1272 2232 magnificentia,
1295 2182 1484 2221 libidines
1502 2184 1658 2222 omnia-

65 2260 143 2298 que
165 2247 358 2285 scelerum
383 2261 526 2299 genera
549 2249 698 2287 civium
722 2249 874 2287 animos
897 2250 1219 2301 pessuuidabant.
1279 2251 1352 2289 His
1376 2252 1536 2302 quidem
1556 2260 1658 2291 tem-

63 2315 254 2368 poribus,
285 2316 328 2353 in
355 2316 432 2354 hac
456 2330 594 2356 rerum
619 2324 738 2369 atque
760 2319 832 2357 otii
858 2319 1084 2369 affluentia,
1116 2320 1180 2357 uti
1205 2319 1249 2357 in
1272 2320 1485 2360 deterioris
1509 2321 1656 2374 ingenii

64 2383 294 2423 hominibus
315 2385 504 2424 luxuriae
525 2387 865 2439 voluptatumque
893 2388 1094 2440 cupiditas
1121 2389 1393 2440 excitabatur,
1424 2391 1480 2428 ita
1510 2391 1552 2428 in
1583 2404 1655 2428 ex-

64 2453 300 2492 celsioribus
324 2454 464 2493 animis
486 2469 673 2507 magnum
701 2458 903 2507 quoddam
926 2458 1070 2495 mentis
1095 2458 1292 2496 doctrinis
1314 2459 1552 2497 excolendae
1580 2472 1655 2497 ex-

66 2528 202 2560 ortum
225 2529 285 2561 est
305 2523 562 2562 desiderium.
619 2525 756 2577 Itaque
787 2539 833 2564 eo
864 2533 1063 2579 tempore,
1094 2541 1175 2578 quo
1202 2527 1463 2580 philosophia
1494 2520 1652 2565 efflore-

64 2604 173 2630 scere
203 2598 408 2645 coeperat,
437 2594 791 2646 Romanorumque
817 2595 941 2633 animi
970 2596 1023 2634 ad
1052 2596 1096 2634 id
1125 2596 1306 2635 studium
1337 2596 1653 2648 persequendum

160 2724 194 2770 1)
221 2726 351 2767 Quae
339 2739 374 2760 ιιι
397 2727 449 2761 his
471 2729 755 2773 prolegomenis'
745 2742 780 2762 m
800 2730 973 2764 studiosae
993 2730 1174 2764 iuventutis
1197 2730 1338 2774 gratiam
1355 2741 1374 2762 a
1394 2729 1491 2762 nobis
1517 2729 1649 2774 piolata

63 2777 166 2811 sunt,
189 2784 318 2806 summa
341 2774 505 2818 quaedam
531 2775 623 2820 quasi
647 2776 757 2820 capita
781 2788 897 2809 eorum
923 2777 1119 2817 continent,
1155 2788 1239 2829 quae
1262 2777 1296 2807 in
1316 2775 1400 2807 hanc
1423 2787 1493 2806 rem
1515 2775 1648 2810 ubexius

64 2817 306 2861 disputavimus
330 2819 364 2851 in
391 2820 500 2861 libro,
538 2822 593 2866 qui
612 2821 823 2855 inscribitur:
862 2825 906 2855 M
931 2827 1025 2856 Tullii
1048 2826 1203 2857 Ciceronis
1226 2825 1258 2853 in
1272 2823 1503 2862 philosophiam
1524 2825 1650 2864 eiusque

59 2868 170 2903 partes
189 2867 313 2896 merita.
364 2868 590 2900 Commentatio
611 2871 696 2909 re9io
713 2871 857 2909 praemio
877 2870 1224 2920 ornata.Ha131bur9i
1241 2869 1391 2899 sumtibus
1405 2868 1558 2900 Friderici
1570 2871 1647 2902 Per-

64 2909 140 2941 thes.
162 2910 457 2951 MDCCCXXV„
482 2913 605 2945 additis
630 2913 820 2955 nonnullis,
846 2926 931 2959 quae
955 2915 999 2950 ad
1021 2914 1216 2948 interiorem
1237 2911 1496 2946 Tusculanarum
1521 2915 1647 2959 Dispu—

63 2953 230 2988 tationum
252 2938 512 3001 intelligentiam
535 2959 649 2993 facere
671 2959 879 2996 viderentur.

1280 3020 1301 3055 1
