1859 3149
1604 18 1689 64 295

75 139 186 186 vieti.
247 135 466 193 Sequitur,
511 138 555 174 ut
573 128 669 173 nihil
696 127 924 184 poeniteat,
972 121 1069 164 nihil
1092 118 1222 169 desit,
1265 114 1362 158 nihil
1386 113 1542 164 obstet,
1588 126 1686 168 ergo

76 214 210 259 omnia
237 213 505 270 profluenter,
549 205 756 255 absolute,
802 213 1020 258 prospere,
1064 196 1186 252 igitur
1212 192 1346 234 beate.
1412 187 1523 231 Satis
1554 194 1685 229 autem

591 45 762 83 maen
786 45 827 78 ν.
858 41 920 85 18,
946 39 1002 75 54.
1031 36 1095 79 19,
1118 37 1175 71 55.

77 291 207 334 virtus
250 288 298 331 ad
340 285 496 327 fortiter
536 280 749 324 vivendum
791 282 944 333 potest,
999 272 1099 314 satis
1153 284 1251 325 ergo
1295 266 1412 309 etiam
1460 264 1509 305 ad
1551 263 1683 303 beate.

78 372 151 410 54.
185 363 347 407 Etenim
369 368 411 402 ut
431 357 623 408 stultitia,
667 353 742 397 etsi
767 352 908 407 adepta
935 355 1019 400 est,
1062 345 1167 402 quod
1192 341 1443 399 concupivit,
1488 351 1688 393 nunquam

79 456 125 486 se
160 448 293 483 tamen
321 436 421 479 satis
450 438 706 476 consecutam
742 433 880 484 putat3
924 425 983 466 sic
1016 420 1211 479 sapientia
1235 431 1395 474 semper
1427 430 1477 457 eo
1503 419 1690 456 contenta

79 524 168 569 est,
200 513 306 571 quod
330 512 473 563 adest,
508 521 638 564 neque
660 519 748 547 eam
774 516 945 558 unquam
973 498 1034 540 sui
1060 496 1252 554 poenitet.

196 587 323 633 XIX.
368 585 605 641 Similemne
641 589 754 639 putas
784 577 834 622 C.
863 576 993 619 Laelii
1027 588 1148 616 unum
1174 568 1422 612 consulatum
1462 565 1609 615 fnisse,
1651 570 1692 605 et

81 683 172 712 eum
192 665 350 722 quidem
381 677 470 704 cum
495 659 652 716 repulsa
684 680 742 687 -—
771 655 831 706 si,
875 667 993 709 quun·
1022 648 1182 706 sapiens
1218 652 1258 688 et
1282 644 1410 686 bonus
1432 641 1520 693 vir,
1565 638 1691 696 qualis

82 744 148 787 ille
174 741 271 793 l'uit,
315 736 519 793 suffragiis
551 733 816 791 praeteritur,
861 743 940 771 non
966 725 1135 783 populus
1161 738 1182 764 a
1210 721 1314 762 bono
1348 717 1513 759 consule
1543 715 1690 772 potius,

81 833 199 877 quam
222 816 288 858 ille
310 830 335 857 a
357 812 527 872 populo,
575 809 772 865 repulsam
797 808 875 848 sert
892 827 948 834 —
972 802 1041 843 sed
1068 808 1226 849 tannen,
1272 802 1401 837 utrum
1427 792 1589 843 malles,
1635 797 1690 841 te,

83 895 119 938 si
146 898 324 950 potestas
345 897 479 941 esset,
513 886 665 937 semel,
711 891 753 926 ut
774 880 987 929 Laelium,
1033 875 1267 923 consulem,
1310 885 1386 920 an,
1435 875 1476 909 ut
1502 865 1692 916 Cinnam,

84 968 254 1027 quater?
292 973 365 1009 55.
398 963 496 1007 Nou
517 962 678 1011 dubito,
713 967 753 1001 tu
775 957 865 1014 quid
892 964 1158 1011 responsurus
1178 949 1262 999 sis3
1298 947 1432 1001 itaque
1454 943 1598 993 video,
1632 940 1694 982 cui

86 1044 346 1089 committam.
408 1038 505 1082 Non
525 1036 707 1093 quemvis
733 1035 806 1076 hoe
827 1033 927 1074 idem
950 1031 1242 1082 interrogarem
1261 1040 1271 1074 ς
1306 1019 1569 1077 responderet
1591 1017 1695 1059 enim

87 1122 188 1164 alius
215 1121 414 1168 fortasse,
449 1128 493 1156 sc
516 1128 594 1154 non
620 1111 735 1152 modo
761 1115 949 1164 quattuor
973 1103 1202 1146 consulatus
1229 1098 1294 1140 uni
1317 1103 1591 1152 anteponere,
1625 1091 1695 1133 sed

88 1211 208 1240 unum
249 1193 352 1236 diem
385 1189 543 1233 Cinnae
588 1187 799 1228 inultorum
842 1190 881 1225 et
916 1182 1113 1223 clarorum
1147 1176 1324 1218 virorum
1358 1170 1451 1212 totis
1483 1168 1693 1210 aetatibus.

87 1271 280 1322 Laelius,
313 1268 347 1311 si
371 1266 494 1323 digito
521 1277 637 1320 quem
661 1260 889 1317 attigisset,
925 1269 1075 1313 poenas
1102 1251 1293 1294 dedisset.
1358 1247 1414 1288 At
1435 1244 1581 1295 Cinna,
1615 1241 1697 1284 col-

87 1349 204 1405 legae
235 1344 324 1396 sui,
368 1340 546 1384 consulis
577 1338 660 1381 Gn.
689 1334 875 1385 Octavii,
921 1329 1096 1388 praecidi
1126 1332 1244 1382 caput
1274 1323 1416 1373 iussit,
1460 1320 1507 1362 P.
1536 1317 1695 1369 Crassi,

89 1423 143 1468 L.
168 1419 387 1471 Caesaris,
430 1414 767 1460 nobilissimorum
799 1409 1028 1457 hominum,
1075 1417 1242 1460 quorum
1272 1401 1399 1441 virtus
1430 1398 1561 1438 suerat
1593 1392 1697 1435 domi

89 1499 334 1553 militiaeque
359 1492 544 1550 cognita,
577 1487 639 1531 M.
670 1485 864 1538 Antonii,
907 1482 1081 1525 omnium
1106 1474 1450 1534 eloquentissimi,
1495 1485 1595 1527 quos
1622 1483 1698 1524 ego

90 1573 312 1625 audierim,
359 1568 410 1613 C.
436 1565 654 1617 Caesaris,
696 1563 737 1605 in
772 1576 849 1618 quo
880 1559 974 1602 mihi
1002 1557 1160 1599 videtur
1186 1552 1388 1610 specimen
1417 1548 1540 1590 fuisse
1564 1546 1700 1588 huma-

914 1698 1112 1731 Ciceronem
1135 1690 1349 1726 committendi
1370 1686 1509 1720 verbum
1537 1684 1610 1716 sine
1638 1694 1699 1715 ao-

915 1742 1066 1778 cusativo
1086 1739 1231 1785 ponitur.
1262 1734 1402 1776 ..D-aher
1424 1732 1519 1765 weiss
1534 1730 1588 1763 ich
1600 1729 1697 1770 auch,

917 1802 1000 1823 wem
1025 1788 1078 1820 ich
1105 1785 1193 1819 mich
1217 1782 1455 1815 anvertraue.“
1503 1780 1599 1811 Kern.

94 1713 200 1750 Aoed.
223 1714 276 1752 n,
296 1710 363 1746 27:
400 1705 555 1753 perfecte
581 1710 615 1735 et
645 1701 798 1735 absolute
829 1699 878 1732 ita

94 1773 204 1808 pares.
254 1757 308 1791 Cf.
329 1756 374 1790 de
393 1754 466 1788 Fin.
489 1753 548 1786 111.
571 1750 604 1789 7,
623 1749 687 1783 26:
715 1746 878 1792 sequitur,

95 1818 213 1842 omnes
234 1803 405 1849 sapientes
428 1810 564 1843 semper
591 1795 760 1835 feliciter,
786 1795 879 1825 obso-

95 1857 178 1895 nate,
202 1852 376 1886 fortunate
400 1847 524 1880 vivere.

167 1900 250 1932 Cn.
260 1897 361 1932 XIX.
377 1895 433 1928 54.
449 1888 647 1932 Similemne]
665 1885 783 1920 Oratio
802 1880 882 1918 οἰνα-

98 1944 275 1984 κόλουὲος.
302 1944 345 1976 V.
362 1939 536 1974 Adnotata
556 1935 590 1968 in
611 1936 654 1967 ΙΙ.
675 1936 711 1972 1,
731 1933 764 1965 3.
795 1932 885 1962 Ora-

98 1994 150 2028 tio
178 1991 280 2036 igitur
313 1988 362 2021 sic
393 1982 580 2029 composita
614 1991 686 2014 esse
717 1976 883 2012 debebat:

99 2038 296 2074 Similemne
321 2040 418 2079 putas
443 2031 479 2064 C.
499 2027 608 2062 Laelii
630 2037 731 2059 unum
761 2034 886 2057 consu-

101 2087 210 2120 latum
237 2082 342 2116 fnisse
365 2084 526 2124 quattuor
550 2074 677 2107 Cinnae
700 2068 887 2105 consulati-

103 2133 188 2172 bus,
213 2137 248 2163 et
270 2135 383 2162 utrum
406 2123 523 2157 malles
545 2128 610 2154 etc.
661 2121 754 2159 Quae
775 2124 888 2150 autem

105 2191 125 2213 a
144 2190 173 2211 c.
191 2172 355 2210 19—24.
379 2169 555 2205 hominum
581 2173 615 2199 et
637 2165 837 2198 vitiosorum
855 2168 890 2194 et

104 2224 230 2258 virtute
267 2225 466 2254 ornatorum
501 2215 689 2248 all'eruutur
723 2208 888 2253 exempla,

104 2271 194 2306 hanc
214 2268 343 2302 habent
363 2264 450 2304 vim,
476 2269 514 2295 ut
534 2260 779 2294 demonstrent,
806 2254 890 2287 vitio

106 2317 265 2351 miseram
283 2312 410 2351 vitam,
435 2309 561 2342 virtute
584 2307 719 2339 beatam
732 2302 844 2336 effici.

177 2372 279 2396 unum
300 2355 515 2400 consulatum]
543 2353 580 2387 C.
602 2351 735 2386 Laelius
759 2359 890 2392 cogno-

109 2409 200 2444 mine
237 2405 378 2451 Sapiens
393 2429 405 2444 ,
457 2401 583 2435 amicus
628 2398 686 2430 ille
725 2393 894 2440 Scipionis

111 2453 277 2493 Africani,
298 2461 388 2485 anno
398 2449 478 2484 611.
493 2445 573 2492 (143
584 2457 614 2478 a.
628 2443 720 2486 Chr.)
736 2440 895 2476 consula-

112 2509 187 2536 tum
207 2507 327 2546 petens
349 2494 518 2541 repulsam
538 2491 638 2531 tulit,
663 2490 800 2533 eiusque
817 2487 896 2520 loco

114 2550 159 2591 Q.
178 2544 360 2590 Pompeius
392 2540 510 2575 consul
534 2538 643 2571 factus
679 2542 741 2568 est.
799 2537 897 2566 Anno

113 2592 270 2640 sequenti
287 2590 367 2626 612.
389 2586 600 2621 consulatum
622 2594 696 2616 cnm
720 2583 761 2622 Q.
783 2578 900 2612 Servi-

116 2641 166 2675 lio
178 2638 350 2684 Caepione
371 2632 520 2669 obtinuit
538 2638 582 2670 et,
607 2640 709 2674 quum
729 2626 900 2671 superiore

118 2698 210 2722 anno
231 2683 399 2730 repulsam
423 2679 566 2717 tulisset,
593 2676 710 2709 Cicero
731 2685 809 2706 eum
830 2682 902 2706 cum

118 2735 250 2776 repulsa
273 2726 446 2764 consulem
470 2725 574 2758 fuisse
597 2722 692 2756 dicit.
740 2721 880 2754 Neidius.

191 2780 305 2812 molles
325 2780 354 2810 te
375 2771 549 2816 consulem]
584 2770 626 2803 V.
651 2767 694 2802 ad
716 2780 745 2800 c.
765 2766 822 2805 23,
847 2763 905 2799 66.

194 2824 251 2858 55.
273 2827 309 2857 tu
325 2820 420 2865 quid]
443 2823 532 2864 Apte
552 2826 741 2862 pronomen
762 2817 796 2845 tu
815 2811 907 2844 rela-

125 2870 200 2903 tivo
223 2867 467 2913 praeponitur,
502 2864 628 2909 quippe
656 2872 758 2906 quum
781 2863 815 2891 tu
840 2869 907 2900 op—

129 2914 279 2996 positggt
311 2913 355 2947 sit
380 2912 465 2946 aliis.
515 2912 559 2943 V.
588 2908 758 2942 Aduotata
788 2905 823 2937 in
850 2904 910 2936 ΙΙΙ.

152 2973 198 3002 a,
267 2984 276 2992 .

200 3007 314 3046 video,
346 3007 400 3038 cui
419 3000 628 3045 committam]
663 2997 804 3042 Saepius
823 2993 914 3039 apud
946 2988 1172 3026 innocentiae.

987 1838 1013 1868 si
1035 1834 1149 1875 diflilo]
1188 1831 1270 1862 lte.
1296 1828 1322 1860 si
1345 1826 1398 1858 vel
1421 1824 1542 1858 leviter
1563 1821 1699 1865 attigis-

918 1890 982 1916 set.
1031 1881 1071 1913 V.
1099 1879 1263 1912 Ruhnken.
1289 1873 1424 1907 Dictata
1454 1871 1489 1904 in
1510 1871 1590 1904 Ter.
1614 1869 1700 1901 Eun.

923 1930 978 1962 lv.
1004 1926 1046 1966 6,
1070 1929 1102 1958 '.'.

989 1976 1126 2014 colteyae
1153 1972 1223 2010 sui,
1257 1964 1410 2009 consulis]
1446 1963 1534 1996 vell.
1562 1963 1632 1994 l‘at.
1662 1960 1701 1994 11.

921 2024 977 2059 22,
996 2024 1034 2053 2:
1063 2018 1096 2050 in
1117 2017 1156 2049 iis
1180 2020 1239 2060 (sc.
1253 2009 1485 2045 excelsissimis
1505 2008 1596 2051 w‘ris)
1618 2017 1700 2040 con-

922 2068 973 2101 sul
998 2064 1176 2102 Octavius,
1206 2061 1258 2094 vir
1281 2057 1442 2092 lenissimi
1466 2054 1588 2093 animi,
1613 2054 1704 2086 iussu

925 2115 1052 2147 Cinnae
1072 2109 1272 2144 interfectus
1293 2113 1354 2138 est.
1390 2102 1563 2136 Immerito
1584 2100 1706 2134 1).Μᾶ-

923 2160 1037 2194 nutius
1061 2166 1095 2191 et
1118 2154 1300 2189 Lambinus
1323 2151 1463 2184 verbum
1487 2150 1624 2182 consulis
1643 2146 1707 2178 de·—

924 2206 1061 2240 lendum
1081 2206 1293 2237 censuerunt.
1330 2198 1430 2237 Nam,
1452 2196 1498 2228 uti
1520 2202 1611 2227 recte
1630 2203 1706 2225 mo-

925 2254 998 2286 nuit
1023 2252 1184 2289 Klolzius‚
1216 2258 1291 2279 cum
1315 2244 1346 2276 vi
1370 2242 1524 2276 additum
1546 2247 1607 2273 est.
1651 2238 1707 2271 Si-

926 2299 1085 2344 gnilicare
1110 2294 1214 2328 voluit
1238 2293 1378 2332 Cicero,
1402 2290 1542 2322 Cinnam
1565 2283 1709 2318 interfici

927 2345 1059 2379 iussisse
1086 2342 1251 2384 collegam
1278 2349 1373 2371 suum
1401 2335 1594 2370 consulem,
1628 2341 1710 2373 ergo

929 2393 1038 2425 virum
1062 2390 1095 2422 in
1118 2387 1280 2421 altissimo
1305 2382 1480 2428 diguitatis
1504 2378 1609 2424 gradu
1635 2375 1711 2409 col—

930 2440 1088 2472 locatum.
1140 2436 1189 2467 De
1223 2431 1406 2477 praemissa
1438 2425 1651 2472 appositione
1679 2434 1710 2453 v.

931 2485 975 2519 ad
997 2497 1025 2516 r.
1047 2484 1091 2517 32
1104 2508 1114 2521 ,
1134 2481 1191 2514 90.

1003 2533 1046 2563 M.
1076 2526 1218 2570 Antonii]
1254 2522 1450 2557 Plutarchus
1471 2520 1514 2551 T.
1536 2519 1558 2549 1.
1589 2528 1621 2559 p.
1634 2512 1711 2547 431.

937 2577 1078 2622 Appian.
1099 2577 1134 2607 B.
1152 2573 1190 2606 C.
1210 2573 1234 2603 1.
1257 2568 1377 2614 p.662.
1403 2574 1437 2599 et
1450 2565 1562 2597 Valer.
1578 2559 1716 2594 Maxim.

936 2625 999 2657 IX.
1024 2621 1058 2664 4,
1076 2623 1109 2655 2.
1136 2624 1288 2652 auctores
1311 2620 1399 2652 sunt,
1424 2609 1609 2644 Antonium
1626 2607 1715 2638 iussu

937 2669 1038 2704 Marii
1070 2667 1265 2701 confossum
1292 2671 1387 2697 esse,
1423 2656 1571 2689 Velleius
1602 2658 1716 2685 autem

938 2719 1068 2750 Patere.
1087 2716 1128 2746 ΙΙ.
1146 2712 1201 2745 23¹2.
1238 2708 1378 2740 Cinnam
1392 2703 1602 2744 Mariumque
1620 2696 1718 2730 huius

940 2760 1100 2796 facinoris
1123 2764 1275 2791 auctores
1299 2752 1392 2785 facit.
1450 2750 1501 2781 De
1526 2749 1562 2780 G.
1583 2747 1719 2779 Caesare

941 2823 974 2843 v.
998 2807 1102 2841 indic.
1121 2803 1202 2836 hist.
1367 2819 1374 2828 .

1010 2850 1180 2895 specimen]
1216 2843 1388 2887 exemplar
1414 2839 1548 2886 (Ideah.
1582 2839 1723 2871 Moser-us

945 2912 1054 2944 comp.
1071 2899 1105 2930 C.
1120 2896 1155 2927 in
1169 2893 1278 2927 Pison.
1294 2889 1350 2929 39,
1369 2887 1434 2921 95:
1461 2884 1585 2929 obtigit
1602 2884 1638 2916 P.
1651 2882 1721 2914 Ru-

943 2947 1020 2980 tilio
1032 2971 1042 2986 ,
1074 2940 1167 2987 quod
1187 2940 1344 2981 specimen
1363 2932 1484 2967 habuit
1502 2933 1588 2965 haec
1607 2927 1725 2962 civitas

1200 2983 1299 3019 Adde
1310 2982 1354 3016 N.
1368 2982 1411 3014 D.
1429 2980 1490 3013 ΙΙΙ.
1506 2978 1562 3018 32,
1579 2977 1643 3012 ὅθι
1668 2985 1726 3007 cur
