1859 3149
1608 34 1690 76 155

82 137 156 167 nes
179 126 366 169 virtutes
388 122 657 181 appellentur,
701 137 782 164 non
803 123 855 164 sit
878 122 953 164 hoc
977 122 1178 178 proprium
1203 135 1350 163 nomen
1373 122 1548 164 omnium
1563 156 1573 174 ,
1620 125 1690 167 sed

85 199 134 243 ab
159 214 230 254 ea,
278 215 379 257 quae
405 214 482 243 una
504 198 650 241 ceteris
672 197 920 249 excellebat,
965 212 1104 240 omnes
1128 197 1357 239 nominatae
1383 197 1477 239 sint.
1540 198 1690 254 Appel-

84 275 165 318 lata
197 262 259 318 est
279 277 383 318 enim
417 289 471 318 ex
499 276 599 318 viro
635 274 790 326 virtus;
836 272 913 314 viri
937 280 1068 314 autem
1096 273 1255 330 propria
1279 272 1452 332 maxime
1492 280 1554 314 est
1578 274 1689 315 l'orti-

82 351 195 394 tudo.

80 424 280 470 Utendum
299 434 362 469 est
380 427 502 483 igitur
521 427 599 478 his,
634 425 666 467 si
687 424 845 466 virtutis
867 431 1088 480 compotes
1123 424 1187 465 vel
1208 425 1336 480 potius
1356 424 1388 465 si
1410 423 1485 465 viri
1505 424 1690 466 volumus

1287 498 1470 554 Quaeres
1498 500 1687 554 sortasse,

634 39 1132 83 L113ER11.19‚44.45.

259 348 386 394 Cuius
407 365 570 394 munera
589 350 665 392 duo
685 356 778 390 sunt
797 348 986 399 maxima,
1021 349 1160 390 mortis
1179 348 1407 404 dolorisque
1427 349 1686 405 contemptio.

80 516 195 556 esse,
240 503 425 559 quoniam
450 518 473 545 a
497 502 594 545 viris
619 501 745 543 virtus
770 514 914 541 nomen
940 507 1000 540 est
1023 506 1214 540 mutuata.

80 593 157 635 quo
188 579 330 632 mod03
372 586 414 622 et
443 585 569 621 recte.
634 575 777 618 Talem
810 575 914 617 enim
941 575 1174 616 medicinam
1196 574 1442 630 philosophia
1464 576 1686 631 prolitelur.

195 651 321 697 XIX.
385 661 456 698 44.
491 653 615 696 Venit
639 651 863 708 Epicurus,
900 651 1016 692 homo
1042 650 1202 691 minime
1230 649 1354 690 malus
1382 650 1445 691 vel
1472 651 1601 706 potius
1630 652 1691 694 vir

81 728 277 785 optimus3
319 737 469 771 tantum
496 736 655 780 monct,
690 735 878 784 quantum
905 726 1104 781 intelligit.
1169 723 1403 780 „Negligc‚
1437 726 1585 781 inquit,
1620 728 1689 769 do-

78 803 258 846 lorem.“
316 803 417 860 Quis
441 804 514 846 hoc
536 805 657 846 dicit?
718 802 841 854 Idem,
877 803 941 858 qui
966 801 1143 843 dolorem
1165 816 1360 842 summum
1387 801 1546 842 malum.
1606 801 1690 844 Vix

79 879 175 921 satis
200 886 448 923 constanter.
513 880 751 922 Audiamus.
817 876 900 930 „Si
928 892 1107 919 summus
1133 876 1246 917 dolor
1267 883 1356 927 est,
1402 877 1552 932 inquit,
1598 878 1689 919 bre-

77 967 167 996 vem
190 969 359 998 necesse
390 964 451 998 est
483 959 629 997 cssc.“
663 979 720 985 -
764 953 988 996 Ilm-adnm
1013 953 1165 996 eadem
1196 954 1281 994 isla
1302 952 1427 1002 mihi;
1471 967 1550 994 non
1584 954 1688 996 enim

40 1088 42 1090 v
78 1030 177 1072 satis
200 1030 402 1088 intelligo,
436 1031 526 1087 quid
549 1045 744 1072 summum
767 1030 874 1071 dicas
897 1043 987 1070 csse
1003 1061 1013 1080 ,
1047 1028 1138 1083 quid
1160 1028 1298 1070 breve.
1332 1053 1389 1059 —
1422 1026 1684 1082 „Summum,

78 1119 156 1160 quo
182 1105 278 1148 nihil
303 1106 356 1148 sit
379 1107 587 1162 superius3
622 1107 744 1148 breve
761 1139 770 1157 ,
806 1120 881 1160 quo
906 1104 1002 1145 nihil
1028 1104 1206 1144 brevius.
1284 1101 1509 1146 Contemno
1537 1106 1689 1160 magni-

81 1180 254 1222 tudinem
281 1181 456 1233 doloris,
505 1196 527 1222 a
562 1196 637 1236 qua
667 1196 728 1222 mc
754 1181 931 1222 brevitas
957 1179 1148 1235 temporis
1178 1179 1391 1220 vindicabit
1421 1186 1513 1221 ante
1543 1194 1684 1236 paene,

77 1270 195 1311 quam
219 1257 434 1298 venerit.“
466 1282 523 1287 —
556 1255 637 1299 Sed
661 1257 692 1298 si
719 1264 778 1298 cst
803 1263 935 1296 tantus
963 1255 1101 1306 dolor,
1137 1261 1304 1309 quantus
1327 1253 1601 1295 Philoctetae?
1630 1280 1688 1287 —

14 1327 24 1331 ”
79 1328 227 1383 „Bene
255 1331 370 1388 plane
395 1346 562 1388 magnus
594 1333 686 1373 mihi
712 1332 868 1388 quidem
893 1331 1073 1381 videtur,
1117 1330 1184 1370 scd
1213 1336 1344 1370 tamen
1381 1344 1459 1370 non
1487 1345 1682 1373 summus.

75 1403 190 1449 Nihil
210 1407 315 1448 cnim
339 1407 469 1460 dolet,
511 1408 586 1449 nisi
612 1422 706 1464 pcs;
747 1414 912 1463 possunt
937 1406 1057 1457 oculi,
1094 1412 1222 1461 potest
1247 1412 1386 1461 caput,
1421 1405 1563 1457 latera,
1600 1406 1684 1462 pul-

76 1495 242 1534 mones,
288 1491 455 1539 possunt
481 1483 640 1535 omnia3
690 1483 808 1538 longe
837 1483 957 1538 igitur
979 1482 1091 1522 abest
1116 1496 1136 1521 a
1160 1495 1314 1521 summo
1341 1481 1493 1522 dolore.
1554 1480 1684 1538 Ergo,

76 1557 230 1613 inquit,
276 1557 390 1600 dolor
419 1559 627 1600 diuturnus
664 1558 781 1600 habet
813 1557 989 1599 laetitiae
1022 1557 1134 1613 plus,
1184 1571 1297 1612 quam
1334 1556 1598 1598 molestiae.“
1630 1583 1687 1588 —

79 1637 150 1675 45.
182 1631 304 1675 Nunc
338 1647 413 1689 ego
446 1649 526 1676 uon
553 1649 740 1691 possum,
786 1641 935 1675 tantum
963 1633 1160 1674 hominem
1187 1631 1282 1673 nihil
1308 1646 1476 1688 sapere,
1525 1632 1684 1684 diecre3

78 1707 150 1750 sed
172 1723 246 1750 nos
268 1708 317 1750 ab
341 1722 389 1750 eo
415 1709 586 1751 derideri
606 1717 716 1766 puto.
780 1708 870 1765 Ego
894 1723 1089 1750 summum
1115 1708 1291 1748 dolorem
1315 1710 1528 1761 (summum
1553 1715 1686 1750 autem

77 1783 190 1838 dico,
236 1784 354 1826 etiam
378 1784 412 1827 si
436 1785 574 1828 decem
590 1785 740 1846 atomis
767 1792 829 1827 est
852 1785 979 1826 maior
1003 1783 1142 1836 alius,)
1168 1797 1245 1824 non
1267 1783 1456 1823 continuo
1482 1797 1572 1824 esse
1597 1784 1685 1825 dico

73 1857 238 1903 brevem
259 1860 482 1917 multosque
503 1876 662 1918 possum
693 1861 820 1902 bonos
853 1861 964 1901 viros
988 1859 1194 1900 nominare
1210 1891 1220 1910 ,
1269 1857 1334 1914 qui
1359 1859 1584 1915 complures
1612 1874 1683 1901 an-

6 2455 11 2458 ·
80 2430 190 2464 batur.

75 1975 138 2002 αἱ.
185 1969 280 2003 Infra
301 1971 358 2003 IV.
379 1967 443 2009 2-1»,
469 1967 533 2003 54:
559 1970 646 2002 bene
669 1969 770 2012 igitur
793 1980 860 2001 no-

77 2015 216 2055 stri—‚
241 2016 333 2060 quod
354 2016 481 2048 nullum
502 2021 567 2048 erat
588 2015 759 2048 iracundia
782 2014 862 2047 soe-

79 2060 174 2101 dius,
209 2061 389 2094 iracundos
411 2062 502 2094 solos
524 2073 678 2094 morosos
703 2061 860 2093 nomina-

78 2114 212 2140 verunt.
260 2108 304 2140 N.
321 2108 357 2139 D.
376 2108 417 2139 11.
432 2108 488 2145 47,
515 2110 596 2140 [ὥς
623 2119 740 2140 manus
759 2107 862 2140 etiam

79 2152 161 2186 data
183 2152 391 2197 elephantis,
430 2153 506 2197 quia
529 2161 671 2197 propter
690 2154 862 2197 magnitu-

78 2198 193 2232 dinem
218 2199 369 2244 corporis
393 2198 551 2232 difficiles
573 2200 682 2233 aditus
706 2203 864 2233 habebant

78 2245 123 2278 ad
155 2252 298 2290 pastum.
359 2246 399 2278 V.
434 2257 494 2279 nos
526 2246 561 2278 in
589 2247 650 2280 Gr.
670 2247 707 2281 L.
735 2247 863 2292 §.1021

79 2292 163 2325 Not.
187 2292 218 2327 7.
282 2293 332 2324 De
376 2292 504 2325 rariore
548 2299 716 2326 structura
758 2295 865 2327 celeris

79 2340 226 2372 excellere
254 2338 346 2371 conf.
368 2337 411 2372 de
434 2341 506 2372 Inv.
524 2340 564 2372 11.
585 2341 620 2378 1,
652 2340 664 2372 1
682 2352 688 2371 :
725 2339 864 2379 Zeuxin,

81 2384 138 2430 qui
156 2392 229 2418 tum
250 2384 351 2429 longe
373 2385 493 2418 ceteris
511 2386 674 2419 excellere
691 2387 863 2419 existima-

148 2480 211 2511 viri
225 2479 375 2521 propria]
397 2477 440 2511 de
461 2480 553 2511 Orat.
569 2480 594 2511 I.
612 2478 664 2518 11,
687 2476 751 2513 49:
777 2481 865 2512 Ora-

79 2522 132 2558 tio
155 2523 291 2569 quidem
311 2523 385 2569 ipsa
406 2525 545 2569 propria
570 2531 622 2557 est
643 2525 740 2558 huius
766 2526 862 2558 unius

80 2570 246 2604 :ationis--
281 2571 338 2604 Sic
359 2583 493 2613 semper
519 2570 636 2604 Cicero
659 2571 864 2605 adiectivum

78 2619 228 2658 proprius
243 2616 351 2650 iunxit
366 2617 529 2661 genitivo.
568 2619 609 2650 V.
629 2630 690 2652 nos
703 2619 737 2651 iu
750 2619 808 2652 Gr.
823 2620 863 2652 L.

83 2662 115 2705 ᾗ.
127 2662 202 2703 111,
214 2663 249 2696 2.
266 2663 299 2705 a)
318 2675 354 2708 p.
368 2665 431 2698 1:55³
444 2676 494 2709 sq.
525 2663 580 2697 Sic
594 2676 643 2707 gr.
660 2664 750 2705 ἴδιός
765 2678 864 2705 τινος.

82 2707 247 2742 Neutrum
277 2713 445 2752 proprium
481 2723 557 2744 cum
588 2712 739 2754 genitivo
777 2724 862 2745 con-

29 2771 33 2778 ·
84 2751 233 2788 iunctum
255 2756 456 2790 substantivi
486 2757 578 2790 vices
609 2757 700 2802 apud
727 2758 865 2792 Cicero-

85 2809 167 2851 netu⁴
184 2801 337 2835 sustinet.
385 2803 442 2836 Sic
463 2803 554 2836 infra
576 2805 681 2845 HL&
709 2804 769 2839 17:
796 2805 864 2838 eius

87 2855 176 2877 emm
195 2846 329 2882 videtur
351 2861 424 2882 esse
447 2849 632 2894 proprium.
672 2851 757 2884 Ibid.
781 2863 810 2884 c.
830 2851 863 2891 9,

90 2888 151 2923 19:
176 2893 349 2937 proprium
372 2902 426 2928 est
448 2896 538 2928 enim
561 2897 648 2929 irati.
698 2897 783 2931 Ibid.
808 2897 864 2937 30,

87 2933 152 2970 73:
190 2943 241 2971 est
263 2940 352 2973 euim
376 2942 551 2986 proprium
574 2943 748 2976 stultitiae.

159 2981 240 3016 Cu.
257 2985 356 3018 XIX.
396 2985 453 3021 44.
489 2991 541 3021 vir
562 2989 713 3033 optimus]
741 2988 795 3021 cf.
823 2987 868 3021 ad

898 1970 956 2001 Ill.
975 1968 1029 2008 21,
1052 1969 1108 2002 50.
1158 1969 1209 2001 De
1229 1972 1364 2009 tanturn,
1388 1973 1544 2011 quantum
1565 1970 1685 2003 v.Ad-

898 2022 970 2048 not.
997 2015 1030 2046 in
1058 2015 1081 2046 Ι.
1107 2014 1167 2054 13,
1192 2013 1247 2047 29.

965 2062 1143 2105 Iteradum]
1180 2063 1321 2104 Sumpta
1353 2069 1433 2094 sunt
1466 2061 1551 2095 haec
1583 2063 1686 2096 verba

898 2120 939 2141 ex
962 2108 1059 2140 Ennii
1080 2107 1198 2140 Iliona.
1233 2108 1354 2141 Plenus
1379 2120 1493 2141 versus
1519 2116 1589 2141 est:

943 2158 1007 2196 Aye
1035 2156 1150 2195 adsta,
1178 2165 1291 2194 mane,
1319 2156 1419 2195 audi,
1444 2157 1606 2189 iteradum
1631 2166 1686 2190 ea-

1123 2203 1255 2234 demmet
1282 2204 1343 2234 ista
1369 2204 1457 2234 mihi.

968 2250 1051 2281 Bene
1086 2249 1182 2288 plane
1214 2249 1367 2290 magnus]
1406 2250 1476 2291 Ego
1510 2260 1584 2281 cum
1613 2251 1685 2282 Nis-

899 2297 985 2328 senio
1010 2293 1149 2326 meliore
1167 2294 1385 2326 distinctione
1403 2294 1516 2327 locum
1535 2294 1685 2327 adiuvari

900 2352 999 2385 posse
1021 2348 1124 2385 puto:
1158 2343 1251 2374 Bene.
1290 2343 1390 2374 Plane
1415 2352 1564 2383 magnus.
1604 2343 1684 2374 Bene

900 2388 933 2420 h.
963 2399 991 2420 e.
1034 2394 1127 2420 recte
1167 2387 1321 2431 quaeris,
1367 2387 1476 2431 iuquit
1509 2386 1682 2431 Epicurus.

900 2437 1001 2467 Plane
1022 2445 1160 2475 maynus
1177 2440 1258 2466 cett.
1293 2433 1382 2466 Nam
1403 2436 1476 2466 bene
1496 2436 1591 2475 plane
1612 2442 1683 2465 ma-

898 2491 981 2522 9nus
1001 2492 1019 2512 a
1037 2480 1200 2513 Cicerone
1220 2479 1348 2513 dictum
1372 2492 1454 2519 esse,
1482 2478 1684 2523 persuadere

899 2527 980 2559 mihi
1011 2538 1079 2558 non
1112 2538 1260 2571 possum.
1311 2528 1442 2568 Wolfius
1471 2525 1575 2557 vertit
1599 2526 1684 2557 recht

898 2575 968 2607 sehr
996 2583 1106 2615 yross,
1152 2575 1288 2607 Orellius
1312 2584 1353 2604 ex
1378 2570 1562 2604 communis
1592 2570 1684 2603 vitae

901 2619 1144 2653 cousuetudine
1176 2619 1416 2663 depromptum
1448 2623 1554 2660 putat.

968 2670 1099 2707 possunt
1123 2665 1220 2710 oculi]
1256 2665 1410 2707 Intellige
1434 2665 1547 2695 dolere.

967 2710 1023 2746 45.
1058 2723 1218 2745 summum
1237 2713 1376 2744 dolorem
1390 2729 1435 2733 —-
1453 2719 1516 2741 non
1534 2718 1598 2742 esse
1615 2711 1684 2743 bre-

898 2759 984 2803 vem]
1010 2759 1053 2791 V.
1075 2758 1117 2790 de
1138 2757 1247 2790 Finib.
1270 2757 1311 2790 ΙΙ.
1333 2757 1396 2794 25,
1418 2754 1474 2787 93.

968 2807 1142 2846 multosque
1167 2813 1296 2845 possum
1322 2821 1366 2826 —
1389 2803 1569 2844 nominare]
1604 2804 1683 2836 Pos-

899 2862 972 2884 sum
987 2858 1119 2883 veteres
1142 2857 1236 2881 extra
1257 2846 1489 2880 conditionem
1504 2847 1680 2886 dixerunt3

901 2905 1070 2931 nostrates
1090 2905 1215 2937 possem
1235 2893 1347 2926 dicere
1370 2893 1493 2926 solent.
1527 2896 1634 2940 Supra
1653 2897 1680 2928 Ι.

901 2943 964 2981 34,
990 2943 1055 2977 ὅδε
1094 2941 1174 2985 quid
1201 2951 1264 2984 ego
1296 2951 1386 2972 nunc
1413 2939 1547 2984 lugeam
1578 2941 1683 2975 vitam

902 2987 1104 3022 hominum?
1147 2998 1226 3018 vere
1262 2992 1296 3018 et
1327 2985 1397 3018 iure
1429 2997 1583 3029 possum,-
1621 2987 1682 3021 sed
