1859 3117
699 60 1054 95 PROLEGOMENA.
1644 51 1671 91 :5

195 147 384 188 Omnium
402 143 742 200 philosophorum
772 144 1002 196 disciplinas
1027 149 1317 197 perscrutatus,
1348 156 1519 182 summos
1538 142 1666 181 Grae-

81 219 164 259 ciae
191 215 457 271 philosophos
483 214 532 254 de
560 213 803 265 gravissimis
833 213 1136 264 quaestionibus
1172 212 1383 251 dissentire
1414 212 1601 263 interque
1630 226 1668 250 se

80 287 272 327 dissidere
303 298 428 336 quum
463 282 724 322 intellexisset
752 282 910 332 sibique
930 282 1208 334 persuasisset,
1239 296 1324 320 non
1352 281 1488 330 aliter,
1519 281 1599 319 nisi
1621 281 1669 319 de

80 355 266 395 omnibus
297 354 416 392 rebus
442 353 487 391 in
515 351 741 390 contrarias
767 357 901 403 partes
933 350 1185 400 disserendo,
1231 350 1331 401 quid
1367 350 1411 389 in
1436 364 1595 402 quaque
1625 363 1668 388 re

79 423 294 465 verisimile
319 429 430 472 esset,
460 420 636 460 inveniri
662 434 794 472 posse:
824 419 1152 458 Academicorum
1171 419 1418 472 disciplinae,
1450 433 1568 471 quam
1592 418 1668 457 iam

77 493 302 532 adolescens
317 491 485 530 Philone
508 490 610 528 duce
627 495 666 527 et
683 489 902 538 didicerat,
932 495 971 527 et
992 495 1183 540 tanquam
1202 489 1396 541 optimum
1418 489 1668 526 instrumen—

77 567 164 600 tum
188 561 239 600 ad
264 560 512 612 eloquentiae
536 558 694 597 laudem
727 558 1035 610 comparandam
1054 558 1221 596 mirifice
1249 558 1498 610 amplexatus
1522 558 1668 608 fuerat,

79 636 213 669 totum
233 643 273 668 se
291 629 531 681 penitusque
549 627 736 666 tradidit.
794 627 923 665 Huius
943 627 1045 665 enim
1063 626 1342 679 philosophiae
1360 627 1576 679 proprium
1599 633 1670 675 est,

76 699 123 738 in
149 703 540 750 utramquepartem
569 696 657 735 veri
688 696 915 748 reperiendi
946 709 1084 734 caussa
1119 695 1348 733 disserendo
1384 709 1542 734 errores
1576 695 1668 748 opi-

78 767 298 818 nionesque
323 780 406 805 non
431 766 556 804 firmis
590 771 886 817 superstructas
910 765 1180 803 fundamentis
1211 765 1440 813 destruere,
1473 765 1670 802 iudicium

77 835 234 874 nullum
257 836 538 888 interponere,
569 848 613 872 ea
631 835 818 887 probare,
850 847 951 885 quae
976 834 1171 871 simillima
1194 835 1281 872 veri
1304 834 1534 883 videantur,
1566 847 1665 872 con-

77 904 183 943 ferre
204 917 372 953 caussas,
403 909 454 953 et,
486 903 585 955 quid
606 904 651 941 in
675 917 871 955 quamque
895 903 1131 941 sententiam
1152 902 1231 941 dici
1250 903 1390 955 possit,
1419 917 1668 955 expromere,

77 973 189 1011 nulla
211 973 390 1012 adhibita
424 986 496 1011 sua
529 973 783 1021 auctoritate,
811 972 1007 1010 iudicium
1035 972 1285 1010 audientium
1308 972 1536 1024 relinquere
1558 974 1667 1012 inte—

79 1055 196 1093 grum
214 1056 260 1080 ac
279 1042 463 1080 liberum.
514 1042 575 1080 Ex
594 1054 675 1092 quo
696 1041 950 1092 intelligitur,
974 1041 1228 1079 Academicos
1250 1055 1331 1079 non
1356 1056 1511 1080 omnem
1535 1043 1666 1081 scien-

78 1110 176 1148 tiam
204 1110 432 1159 sustulisse,
461 1108 529 1148 sed
559 1123 648 1147 cum
672 1110 830 1147 ratione
851 1110 1138 1161 probabilitate
1161 1123 1255 1147 usos
1283 1124 1376 1148 esse.
1434 1111 1572 1163 Itaque
1596 1112 1666 1150 Ci-

78 1191 193 1228 cero,
222 1178 375 1216 nullius
398 1177 678 1230 philosophiae
705 1177 939 1229 disciplinae
969 1178 1212 1216 auctoritate
1234 1178 1474 1229 adstrictus,
1505 1181 1666 1232 princi-

76 1261 174 1300 pum
215 1245 554 1300 philosophorum
596 1246 811 1284 sententias
855 1246 1100 1284 examinavit
1143 1254 1261 1298 atque
1299 1248 1476 1286 excussit
1520 1256 1578 1299 et,
1621 1250 1666 1288 in

78 1322 291 1368 utramque
313 1322 469 1367 partem
490 1314 727 1367 ponderatis
757 1316 813 1353 rei
840 1316 1048 1353 momentis
1079 1315 1387 1368 rationibusque
1411 1319 1666 1370 comparatis,

77 1398 178 1436 quae
194 1384 245 1422 ad
260 1384 586 1437 probabilitatem
609 1391 729 1436 atque
749 1385 836 1424 veri
857 1384 1155 1423 similitudinem
1176 1385 1345 1423 maxime
1362 1400 1564 1438 propensa
1585 1402 1668 1427 esse

76 1452 334 1502 viderentur,
365 1459 525 1491 secutus
555 1459 626 1491 est.

190 1521 301 1560 Inter
331 1535 397 1560 eos
427 1521 710 1574 philosophos,
742 1536 844 1573 quos
874 1522 1040 1560 maxime
1067 1523 1259 1574 probavit
1287 1523 1445 1574 Cicero,
1489 1526 1666 1577 primum

77 1590 212 1630 locum
243 1590 399 1629 obtinet
427 1590 560 1629 Plato:
599 1591 714 1629 cuius
743 1590 1040 1644 philosophiam
1072 1598 1198 1629 totam
1227 1592 1291 1630 vel
1322 1600 1430 1631 certe
1459 1596 1667 1635 maximam

81 1659 165 1698 eius
186 1665 342 1712 partem
373 1659 458 1697 sine
481 1659 606 1698 dubio
628 1660 703 1698 sibi
728 1660 974 1699 vindicasset
1001 1660 1217 1712 latinisque
1241 1661 1387 1700 litteris
1417 1663 1667 1717 illustrasset,

85 1727 118 1765 si
144 1734 185 1766 et
205 1729 474 1766 Romanorum
499 1728 657 1780 ingenia
688 1729 782 1767 satis
804 1730 961 1768 exculta
984 1730 1155 1768 fuissent
1182 1731 1232 1768 ad
1254 1731 1362 1769 illius
1387 1733 1668 1773 sublimitatem

84 1803 204 1848 atque
226 1797 488 1835 excelsitatem
509 1798 819 1850 percipiendam,
851 1799 990 1851 etipse
1009 1805 1132 1837 totam
1158 1799 1238 1836 eius
1257 1799 1516 1838 subtilitatem
1541 1811 1670 1843 mente

83 1877 156 1903 sua
184 1866 442 1918 concepisset.
498 1867 676 1905 Platonis
702 1868 980 1905 auctoritatem
1000 1868 1044 1904 in
1066 1867 1120 1904 eis
1139 1867 1392 1918 potissimum
1419 1878 1577 1910 secutus
1599 1880 1669 1924 est,

83 1947 184 1985 quae
213 1934 264 1972 ad
286 1941 455 1973 naturae
478 1935 744 1987 cognitionem
768 1934 966 1988 (physica)
997 1942 1036 1973 et
1057 1936 1107 1973 ad
1138 1936 1362 1975 animorum
1387 1937 1669 1979 immortalita-

81 2008 160 2040 tem
194 2009 388 2055 spectant.
456 2004 682 2041 Secundum
720 2003 1015 2055 philosophiam
1044 2004 1287 2055 platonicam
1317 2007 1485 2046 maxime
1516 2011 1668 2063 ample-

82 2077 203 2109 xatus
229 2077 287 2110 est
316 2072 544 2110 Stoicorum
570 2071 837 2123 disciplinam,
867 2072 908 2111 in
934 2073 1075 2125 primis
1098 2073 1141 2111 in
1170 2074 1238 2124 iis,
1271 2087 1371 2125 quae
1390 2079 1595 2128 praeclare
1620 2081 1668 2120 ab

83 2139 163 2177 illis
182 2140 335 2190 scripta
354 2146 469 2178 erant
488 2140 536 2178 de
555 2140 696 2178 morali
716 2140 913 2190 doctrina,
944 2141 992 2180 de
1011 2142 1106 2195 legis
1123 2150 1282 2193 natura,
1314 2144 1361 2182 de
1382 2147 1670 2188 conformanda

85 2220 130 2246 re
151 2207 324 2260 publica.
384 2207 468 2246 Etsi
492 2207 602 2246 haud
626 2223 722 2247 raro
746 2209 974 2248 Stoicorum
997 2211 1297 2264 philosophiam
1321 2213 1576 2255 vehementer
1598 2232 1668 2270 ag-

83 2276 266 2328 greditur
303 2282 422 2327 atque
459 2277 719 2330 perstringit,
757 2285 888 2316 tamen
925 2279 1090 2318 omnino
1129 2280 1176 2318 de
1206 2281 1274 2320 illa
1310 2284 1514 2336 magnifice
1548 2287 1671 2324 sentit

85 2344 250 2396 eiusque
285 2345 499 2383 sententias
528 2346 812 2384 excelsissimas
837 2347 944 2385 inter
969 2348 1074 2392 cives
1097 2363 1190 2387 suos
1221 2350 1431 2404 divulgare
1453 2360 1492 2391 et
1516 2368 1669 2406 propa-

85 2426 177 2465 gare
206 2413 359 2463 studet,
389 2427 518 2466 neque
549 2428 612 2453 eas
641 2415 764 2467 ipsas,
795 2416 863 2454 sed
895 2417 1040 2467 quibus
1069 2431 1132 2456 eas
1161 2418 1322 2458 firmare
1343 2421 1582 2459 laborabant
1600 2436 1669 2460 ar-

86 2488 290 2533 gumenta,
321 2482 545 2535 longissime
576 2497 867 2536 nonnunquam
897 2486 1107 2537 arcessita,
1138 2488 1416 2540 reprehendit.

381 2594 466 2637 ΙΙΙ.
529 2595 602 2637 De
637 2594 863 2639 Ciceronis
887 2598 1172 2655 philosophia
1202 2602 1376 2642 morali.

203 2687 365 2727 Veteres
402 2688 700 2743 philosophiam
738 2690 782 2729 in
817 2698 900 2730 tres
930 2699 1076 2744 ,partes
1118 2695 1373 2733 dividebant:
1413 2694 1672 2745 dialecticam,

89 2754 310 2808 physicam,
341 2757 523 2797 ethicam.
581 2760 627 2797 In
648 2769 1029 2814 unaquaque-parte
1054 2763 1192 2801 Cicero
1218 2763 1439 2801 elaboravit
1460 2771 1498 2802 et
1521 2766 1674 2818 egregia

92 2823 243 2876 scripta
272 2826 452 2877 reliquit.
509 2828 873 2868 Praestantissimus
903 2837 1033 2869 autem
1059 2839 1177 2883 atque
1199 2830 1495 2882 pulcherrimus
1520 2833 1674 2873 cicero-

92 2890 234 2931 nianae
253 2893 533 2948 philosophiae
552 2896 663 2935 locus
685 2897 770 2936 sine
791 2898 916 2937 dubio
939 2900 1156 2938 censendus
1180 2905 1238 2937 est
1259 2901 1312 2949 is,
1345 2901 1416 2952 qui
1437 2909 1495 2941 est
1517 2903 1566 2941 de
1586 2917 1674 2941 mo-

94 2958 266 3026 ralibus,
297 2969 356 3011 et,
387 2965 498 3014 quod
518 2965 562 3004 in
587 2967 826 3018 exponenda
853 2966 931 3006 hac
961 2968 1148 3006 doctrina
1182 2969 1431 3008 sanissimum
1461 2985 1542 3022 quo
1572 2972 1678 3010 illius

1282 3035 1349 3077 1*
