1859 3149
678 46 854 82 LIBER
878 47 937 81 111.
961 44 1003 90 6,
1030 44 1084 81 12.
1112 45 1168 82 13.
1652 39 1737 84 179

127 157 151 178 .,
240 125 317 172 VI.
370 135 441 172 12.
486 125 668 179 Cadere,
712 127 877 184 opinor,
919 128 961 170 in
990 128 1211 186 sapientem
1244 127 1537 185 aegritudinem
1572 129 1644 172 tihi
1673 131 1733 174 di-

120 202 223 247 xisti
252 203 398 248 videri.
457 203 513 246 A.
543 201 600 246 Et
628 217 727 245 vero
760 203 814 244 ita
848 203 1054 246 existimo.
1120 203 1185 246 M.
1219 202 1448 246 Humanum
1478 203 1518 246 id
1554 205 1728 261 quidem,

119 279 224 336 quod
254 279 309 322 ita
336 279 561 322 existimas.
623 277 719 320 Non
749 278 854 319 enim
883 279 995 320 silice
1027 280 1109 321 nati
1141 293 1307 332 sumus,
1352 279 1424 321 sed
1456 286 1519 321 est
1540 280 1563 305 ¹⁸¹
1587 283 1729 323 natura

114 355 200 398 sere
226 355 268 397 in
290 355 432 397 animis
457 362 637 397 tenerum
661 354 844 411 quiddam
865 361 983 410 atque
1004 355 1148 406 molle,
1182 355 1283 411 quod
1307 354 1582 412 aegritudine,
1615 356 1729 413 quasi

113 436 376 486 tempestate,
424 430 640 487 quatiatur.

112 505 335 548 Academia
357 506 422 548 vel
442 506 483 548 iu
508 506 644 563 primis
672 505 744 546 suit
772 504 942 546 nobilis:
980 503 1185 556 „Minime
1202 537 1213 556 ,
1247 506 1399 561 inquit,
1432 506 1635 549 assentior
1654 507 1722 560 iis,

1515 597 1618 638 quae
1649 596 1725 625 nec

821 654 920 698 *Ne
944 663 1134 720 aegrotus
1158 656 1257 708 sim3
1304 657 1390 710 sin,
1439 657 1496 710 is,
1544 658 1608 714 qui
1637 659 1723 701 sue-

715 428 805 472 Nec
840 430 1012 471 absurde
1050 428 1227 471 Crantor
1261 430 1354 482 ille,
1403 430 1468 486 qui
1507 430 1551 472 in
1588 439 1728 474 nostra

112 580 181 636 qui
209 580 328 622 istam
361 580 498 623 nescio
531 596 648 637 quam
674 581 931 622 indolentiam
960 595 1104 636 magno
1134 594 1255 637 opere
1280 581 1467 633 laudaut,

110 664 244 715 potest
268 657 346 700 ulla
376 671 492 710 esse,
526 671 601 698 nec
624 656 757 698 debet.

110 739 200 785 rat,
232 746 378 775 sensus
400 732 528 785 adsit,
563 732 650 774 sive
674 739 836 774 secetur
856 733 971 788 quid,
1006 733 1093 774 sive
1117 732 1315 773 avellatur
1340 748 1363 774 a
1382 747 1567 789 corpore.
1613 733 1723 777 Nam

107 808 213 851 istuc
244 808 342 851 nibil
370 808 508 850 dolere
541 823 622 850 non
662 808 748 850 sine
783 823 927 864 magna
953 809 1138 849 mercede
1166 809 1362 864 contingit
1387 809 1646 862 immanitatis
1678 811 1722 853 in

109 883 271 937 animo,
302 883 480 941 stuporis
500 883 541 925 in
565 887 791 940 corpore.“
827 907 883 914 —
916 890 984 926 15.
1021 882 1102 925 Sed
1131 883 1360 935 videamus,
1395 899 1446 926 ne
1472 884 1569 927 haec
1591 886 1722 928 oratio

74 965 82 969 ’
109 960 164 1002 sit
184 959 387 1002 hominum
412 959 704 1001 assentantium
731 967 895 1001 nostrae
918 959 1179 1001 imbecillitati
1217 968 1258 1001 et
1280 959 1569 1015 indulgentium
1594 962 1722 1005 molli·

109 1034 260 1086 tndini3
305 1049 380 1077 nos
403 1041 536 1076 autem
559 1035 777 1075 audeamus
801 1049 880 1075 non
905 1034 1033 1076 solum
1059 1049 1192 1075 ramos
1217 1042 1421 1090 amputare
1448 1036 1718 1091 miseriarum,

109 1110 182 1152 sed
209 1123 348 1151 omnes
384 1110 559 1151 radicum
597 1109 714 1150 fibras
746 1109 938 1150 evellere.
1001 1108 1157 1151 Tamen
1188 1110 1332 1165 aliquid
1362 1111 1611 1167 relinquetur
1638 1114 1721 1155 for·

110 1192 247 1236 tasse3
291 1184 348 1226 ita
387 1191 481 1226 sunt
518 1185 620 1226 altae
657 1184 804 1239 stirpes
841 1185 1059 1237 stultitiae3
1111 1186 1181 1227 sed
1221 1187 1470 1242 relinquetur
1500 1186 1539 1228 id
1569 1189 1716 1242 solum,

107 1260 213 1317 quod
230 1259 307 1302 erit
326 1260 614 1302 necessarium.
655 1258 754 1301 Illud
773 1260 929 1316 quidem
948 1260 1004 1301 sic
1022 1260 1182 1312 habeto,
1203 1261 1278 1302 nisi
1295 1269 1456 1303 sanatus
1473 1262 1631 1306 animus
1647 1264 1716 1317 sit,

108 1335 212 1392 quod
236 1335 324 1377 sine
346 1335 594 1392 philosophia
618 1335 703 1376 fieri
728 1350 807 1376 non
830 1343 987 1392 potest,
1022 1335 1139 1376 finem
1163 1337 1414 1378 miseriarum
1440 1338 1587 1380 nullum
1612 1340 1714 1382 sore.

1558 1414 1719 1457 sanabi-

559 1484 614 1527 Et
635 1486 872 1542 progrediar
892 1487 1047 1543 quidem
1070 1488 1250 1544 longius3
1286 1503 1366 1529 non
1388 1489 1491 1530 enim
1515 1489 1563 1531 de
1585 1490 1718 1546 aegri·

110 1408 383 1467 Quamobrem
406 1410 592 1466 quoniam
625 1410 857 1467 coepimus,
894 1411 1097 1452 tradamus
1122 1427 1195 1453 nos
1226 1412 1261 1454 ei
1290 1413 1513 1454 curandos:

108 1500 214 1539 mur,
247 1486 282 1528 si
301 1486 498 1529 volemus.

930 1580 1062 1606 secutus
1080 1574 1292 1607 Boulierium.
1332 1575 1374 1607 Et
1394 1587 1476 1608 vero
1493 1575 1577 1609 haec
1597 1588 1717 1610 emen-

931 1620 1025 1653 datio
1059 1621 1203 1654 maxime
1234 1622 1385 1653 firmatur
1421 1621 1589 1661 lectione,
1631 1634 1717 1667 quae

104 1576 250 1614 poterat,
282 1579 317 1605 at
342 1583 423 1605 vero
455 1572 545 1605 bona
568 1572 654 1605 mala
688 1593 734 1597 —
762 1577 896 1614 poterat.

133 1630 172 1651 ro
204 1619 247 1652 T.
269 1618 380 1652 Annio
401 1618 531 1652 Milone
556 1620 625 1657 tx,
651 1618 715 1652 26:
754 1618 894 1651 dictita—

107 1630 167 1698 bat
181 1690 190 1704 ,
226 1664 436 1698 consulatum
459 1665 578 1698 Miloni
603 1665 686 1709 eripi
709 1677 770 1698 non
791 1677 893 1707 posse,

106 1711 213 1743 vitam
232 1721 344 1753 posse:
375 1711 431 1744 ubi
450 1716 530 1754 Any.
554 1714 744 1745 Matthiaeus
769 1724 800 1756 p.
814 1716 894 1746 224

108 1756 293 1797 observat,
340 1757 396 1791 ubi
438 1770 539 1790 unum
583 1759 722 1791 verbum
762 1758 892 1791 duobus

107 1803 268 1836 membris
291 1815 469 1837 commune
494 1805 561 1847 sit,
596 1805 699 1837 semel
727 1817 801 1837 cum
830 1818 891 1838 ne-

107 1849 266 1894 gatione,
302 1858 375 1884 tum
401 1851 474 1883 sine
503 1863 562 1891 ea,
603 1851 800 1884 Ciceronem
828 1852 894 1885 hoc

107 1907 286 1930 commune
325 1897 465 1930 verbum
501 1897 552 1930 bis
592 1910 744 1942 ponere,
790 1898 893 1930 semel

109 1953 185 1975 cum
209 1943 402 1987 negatione.
441 1943 535 1976 Idem
558 1943 647 1997 apud
672 1944 831 1982 Graecos
858 1950 894 1975 ut

107 1987 193 2022 Plat.
211 1989 317 2033 Gorg.
326 2001 372 2044 p.
387 1990 465 2022 5,5.
489 1990 534 2021 C:
576 1985 640 2023 α3τ
643 1989 674 2045 al.
696 1988 738 2032 μὲ
724 2003 756 2023 ν
778 1987 862 2024 mizi

108 2030 276 2069 ὀνίνανται
296 2032 407 2073 ουδέν.
433 2030 528 2069 ἄλλον.
546 2034 586 2070 δε
603 2048 655 2070 02
656 2047 781 2070 aaaron.
818 2002 895 2068 ΡΙιιι

106 2091 146 2113 ra
174 2081 315 2124 collegit
346 2082 581 2114 Statlbaumius
625 2081 668 2114 ad
699 2082 786 2114 Plat.
814 2083 898 2127 Lys:

108 2137 144 2171 P
182 2171 261 2205 cn.
276 2152 335 2205 VL
363 2172 416 2206 12.
453 2175 492 2206 Et
513 2173 602 2226 vero]
638 2174 680 2207 H
697 2185 726 2207 e.
752 2181 786 2207 et
808 2186 894 2219 pro-

107 2217 212 2251 fecto.
249 2219 290 2252 V.
316 2218 489 2252 Adnotata
510 2219 766 2260 in1.11,24.

178 2267 265 2298 silice
286 2268 355 2298 nati
407 2265 527 2310 Odyss.
559 2278 597 2305 τ
636 2246 721 2301 163ε
757 2263 796 2301 ο3
828 2266 893 2311 γὰρ

109 2307 176 2345 ἀπὸ
210 2309 315 2355 δρυός
363 2323 421 2346 σσι
446 2314 547 2347 παλα·
542 2310 684 2357 φάτω,
726 2309 799 2349 ουδ’
825 2321 873 2349 ατ·
862 2313 891 2349 ὸ

106 2355 246 2400 πέτρης.

70 2443 74 2450 ,
179 2404 328 2450 Crantor]
353 2404 410 2449 qui
427 2405 550 2438 librum
574 2407 613 2439 de
634 2408 719 2439 luctu
741 2406 895 2439 conscri-

106 2457 235 2493 pserat.
270 2451 311 2483 V.
338 2462 401 2485 nos
425 2451 504 2484 inl.
524 2451 560 2484 d.
583 2464 616 2504 p.
634 2453 709 2485 115.
733 2453 781 2495 2).
819 2453 894 2485 Lo·-

109 2507 165 2528 cus
188 2503 312 2535 autem.
338 2509 438 2542 quem
459 2498 608 2542 respexit
631 2498 759 2537 Cicero,
786 2506 895 2532 exstat

106 2551 162 2585 ap.
185 2543 350 2576 Plutarch.
387 2544 423 2576 in
450 2544 549 2577 Cons.
587 2544 630 2577 ad
665 2545 892 2588 Apollonium.

107 2588 236 2621 valt
258 2602 293 2634 p.
305 2586 384 2624 317.
408 2589 463 2623 ed.
487 2591 584 2623 Hutt.
607 2593 650 2635 (c.
669 2592 701 2624 3.
723 2592 835 2635 puto?
822 2604 895 2637 lSq-

112 2632 165 2666 ed.
183 2635 380 2690 Wyttenb)

174 2683 224 2714 vel
251 2683 283 2715 in
309 2685 425 2723 primis
450 2683 578 2728 nobilis]
617 2683 673 2716 Sic
704 2696 767 2728 pro
793 2685 893 2718 Arch-

108 2728 201 2767 poe't.
212 2727 288 2760 init.
301 2730 374 2761 vel*
361 2740 395 2761 m
407 2732 523 2770 primis
537 2730 591 2762 hic
607 2733 647 2762 A.
662 2730 810 2763 Licinius
824 2731 896 2764 fru-

112 2776 202 2804 etum
214 2784 235 2804 a
250 2785 305 2806 me
320 2782 474 2818 repetere
489 2787 596 2820 prope
611 2787 672 2809 suo
690 2777 762 2810 iure
781 2777 894 2810 debet.

174 2819 309 2852 -Mim‘me
331 2839 378 2845 --
400 2823 609 2855 indolentiam
633 2824 713 2866 eta]
744 2825 894 2857 Graece:

113 2856 169 2895 Ου
180 2861 245 2906 γὰρ
260 2863 371 2910 ἔγωγε
384 2867 603 2924 συμφέρομαι
616 2872 687 2903 τοῖ’
658 2892 686 2908 .,
697 2867 760 2913 τὴν
776 2867 855 2914 ἆγρν.
847 2870 896 2904 'aa

113 2903 258 2950 υμνοῦσι
265 2910 336 2945 καὶ
359 2912 510 2957 σκληρὰν
531 2912 647 2949 :indite
651 2927 722 2955 ’.,αν

112 2953 257 2988 δυνατου
281 2955 342 2991 καὶ
363 2959 423 2993 τοῦ
450 2959 683 3003 συμφέροντος
707 2973 823 2996 ουσαν.

181 3001 227 3033 Ne
249 3006 396 3043 aegrotus
419 3005 496 3049 sim]
531 3006 589 3039 Sic
609 3006 719 3039 edidit
739 3007 897 3049 Wolfius,

750 2915 815 2956 ἔξω
837 2917 895 2951 τοῦ
915 2931 922 2937 .

931 1667 1007 1700 hab
1008 1675 1073 1700 tur
1105 1668 1138 1699 in
1167 1668 1205 1699 R.
1232 1668 1266 1700 P
1299 1667 1386 1699 Gud.
1409 1671 1435 1701 1.
1465 1669 1538 1700 Vat
1576 1668 1716 1714 aliisque

929 1714 1042 1746 multis
1064 1713 1164 1746 codd.
1187 1725 1242 1746 nec
1261 1718 1475 1755 aegrotassent
1491 1717 1519 1747 si
1541 1718 1642 1756 inquit
1662 1716 1716 1749 vel

929 1762 1040 1802 inquid
1073 1762 1176 1800 suerat
1209 1770 1319 1792 sensus
1353 1762 1447 1792 adsit.
1496 1761 1562 1792 Alii
1593 1760 1716 1795 eodem

931 1808 1002 1838 fere
1024 1806 1168 1839 ducunt:
1195 1805 1250 1837 alii
1269 1805 1367 1837 aliter
1387 1806 1535 1839 turbant.
1571 1808 1717 1852 Vulgata

932 1852 1023 1896 (edd.
1041 1853 1137 1883 vett)
1163 1852 1230 1883 sic:
1257 1853 1302 1884 ΝΘ
1323 1856 1471 1893 aeyrotus
1494 1855 1566 1894 sim,
1591 1857 1715 1898 inqui13

928 1901 994 1934 sed
1019 1901 1046 1930 si
1067 1899 1193 1938 fuerim,
1214 1908 1323 1930 sensus
1341 1900 1437 1931 adsit.
1473 1899 1602 1932 Graeca
1616 1907 1713 1933 sunt:

930 1943 990 1987 Μή
1022 1942 1087 1987 γὰρ
1112 1948 1284 1987 ‘ossium'
1321 1955 1492 1998 20⁹‘q32‘52
1525 1944 1564 1980 δὲ
1587 1946 1714 1991 παρείη

929 2002 981 2029 τις
1014 2003 1049 2024 α’.
1038 1991 1199 2033 ''abe-523,
1238 1986 1298 2024 εἴτ’
1326 1984 1383 2025 οὖν
1407 2002 1441 2024 ττ
1429 1990 1518 2034 μ-’νο
1512 1989 1560 2027 ,τό
1591 1994 1716 2028 τιτῶν

929 2048 1017 2080 ημῑ,
1003 2049 1039 2070 ἐ
1044 2049 1129 2079 emma
1156 2032 1215 2071 εἴτ’
1237 2033 1435 2082 ἅπῡστῷτο.

998 2086 1064 2116 sive
1087 2087 1207 2116 secetur
1234 2085 1334 2124 quid,
1364 2086 1430 2116 site
1452 2085 1626 2131 avellatur]
1664 2087 1716 2120 De

931 2129 1146 2162 coniunctivo
1166 2141 1241 2162 curn
1262 2132 1326 2162 sive
1344 2149 1390 2154 -—
1407 2133 1474 2164 sive
1500 2131 1662 2176 copulato
1682 2145 1714 2165 v.

931 2175 974 2208 ad
999 2177 1024 2207 Ι.
1051 2177 1116 2214 ¹5,
1141 2176 1197 2209 00-

999 2226 1064 2254 sine
1089 2223 1245 2265 mercede]
1272 2223 1316 2254 H.
1331 2234 1360 2255 e.
1383 2222 1625 2267 incommodo,
1651 2225 1715 2259 da-

930 2280 1020 2300 mno.
1073 2268 1210 2322 Graeca,
1224 2269 1327 2301 verba
1347 2277 1445 2302 suut:
1473 2269 1511 2305 τὸ
1535 2269 1601 2314 γὰρ
1621 2269 1716 2306 α’νω-

930 2318 1025 2350 Sum-1
1049 2315 1131 2348 τοῦ.
1133 2327 1150 2349 0
1172 2310 1242 2369 ⁰3⁷¹,
1257 2312 1316 2349 ἄιε
1318 2328 1337 2349 υ
1360 2327 1403 2359 με
1405 2314 1518 2360 γέλω,
1547 2316 1658 2361 ἐγγίη
1660 2330 1716 2352 ται

931 2374 979 2404 μ.
992 2362 1114 2395 0:03.
1146 2361 1195 2405 τῷ
1221 2358 1284 2395 ἐπ
1289 2360 1405 2405 potira).
1456 2363 1509 2395 Cf.
1534 2364 1577 2396 ad
1599 2363 1715 2398 Famil.

932 2409 966 2446 1,
985 2406 1019 2440 9.
1046 2418 1109 2451 pro
1133 2409 1243 2440 Domo
1265 2410 1323 2442 11:
1350 2408 1430 2441 data
1452 2420 1570 2443 merces
1588 2417 1638 2441 est
1659 2421 1716 2442 er·—

930 2453 1016 2486 roris
1042 2454 1106 2486 mei
1139 2466 1271 2497 magna.
1319 2456 1362 2488 V.
1389 2457 1516 2488 Schfztz.
1542 2455 1613 2487 Jnd.
1638 2456 1715 2489 Lat.

930 2500 962 2532 h.
985 2512 1015 2532 v.
1041 2504 1120 2532 extr.
1145 2501 1339 2534 Sententia:
1377 2501 1411 2533 Si
1436 2502 1507 2546 quis
1530 2502 1577 2533 ita
1603 2500 1716 2533 obdu-

930 2546 999 2578 ruit
1021 2546 1064 2578 π]
1087 2546 1262 2585 dolorem,
1291 2555 1326 2580 ut
1348 2559 1389 2580 eo
1413 2548 1506 2580 nullo
1530 2546 1635 2579 modo
1658 2547 1716 2579 af-

932 2592 1080 2631 ficiatur3
1108 2605 1262 2637 magnam
1285 2600 1319 2626 et
1342 2593 1560 2625 hamanitatis
1583 2592 1615 2624 in
1639 2593 1716 2625 ani—

930 2651 998 2679 mo,
1025 2646 1060 2672 et
1081 2652 1196 2672 sensus
1215 2640 1251 2672 in
1273 2651 1416 2683 corpore
1438 2639 1521 2671 facit
1541 2638 1716 2673 iacturam.

1004 2685 1055 2720 13.
1085 2688 1270 2726 videamus,
1292 2688 1344 2727 ne]
1381 2686 1422 2716 V.
1448 2684 1491 2716 ad
1518 2685 1542 2716 Ι.
1567 2682 1632 2725 34,
1657 2685 1712 2719 83.

1000 2736 1106 2765 tamen
1130 2734 1269 2773 aliquid]
1317 2730 1387 2762 Etsi
1420 2730 1530 2762 modis
1561 2730 1715 2766 omnibns

931 2778 1140 2811 miseriarum
1167 2778 1296 2810 radices
1332 2775 1476 2808 evellere
1508 2776 1714 2819 studeamus,

931 2829 1047 2857 tamen.
1097 2824 1152 2855 Sic
1175 2834 1277 2866 saepe
1300 2826 1405 2854 tamen
1426 2822 1461 2854 in
1482 2821 1581 2856 initio
1606 2835 1717 2857 enun-

931 2871 1006 2903 tjati
1027 2870 1184 2914 ponitur,
1211 2876 1248 2900 ut
1268 2879 1308 2899 ex
1329 2867 1490 2900 orationis
1511 2875 1633 2903 tenore
1651 2870 1716 2903 ali-

934 2916 1014 2961 quid
1038 2922 1152 2948 mente
1174 2912 1400 2958 supplendum
1421 2913 1476 2946 sit.

1002 2963 1087 3004 quod
1110 2963 1167 2993 erit
1185 2961 1413 3003 necessarium]
1449 2961 1528 2995 Scil.
1549 2962 1594 2996 ad
1617 2970 1718 2997 tuen-

933 3008 1014 3042 dam
1037 3013 1194 3039 naturam
1217 3006 1410 3038 humanam.

1282 3062 1386 3104 12*
