1843 3101
195 54 278 100 274

198 145 412 188 novitatem
431 144 599 186 nominis
616 142 876 198 quaesivisse,
909 142 1067 198 quinam
1088 149 1225 184 essent
1239 141 1474 199 philosophi,
1506 149 1548 184 et
1564 143 1655 198 quid
1672 143 1778 186 inter

196 235 268 263 eos
284 227 324 262 et
339 219 512 274 reliquos
530 218 768 269 interesset3
800 223 842 258 9.
875 215 1144 273 Pythagoram
1165 224 1294 259 autem
1314 216 1584 273 respondisse,
1608 218 1777 260 similem

736 62 903 96 menn
928 63 970 96 v.
993 61 1034 103 3,
1057 59 1093 97 9.
1116 59 1158 104 4,
1184 61 1237 96 ιο.

196 296 271 338 sibi
291 294 417 337 videri
442 293 562 335 vitam
584 291 783 333 hominum
814 298 854 332 et
877 299 1093 332 mercatum
1121 305 1207 333 eum
1226 323 1236 343 ,
1279 292 1343 354 qui
1368 292 1580 333 haberetur
1603 292 1777 333 maximo

196 371 373 412 ludorum
394 373 578 423 apparatu
600 366 720 407 totius
738 364 933 407 Graeciae
957 366 1211 418 celebritaoe3
1245 381 1333 407 nam
1357 373 1397 409 ut
1416 366 1495 407 illic
1513 366 1580 407 alii
1603 367 1778 421 corpori-

195 446 267 486 bus
293 441 523 484 exercitatis
550 441 716 495 gloriam
747 448 786 482 et
812 440 1055 482 nobilitatem
1083 455 1254 482 coronae
1281 447 1485 496 peterent,
1530 440 1595 481 alii
1622 440 1777 482 emendi

195 526 262 560 aut
283 516 478 559 vendendi
501 522 667 571 quaestu
696 523 735 557 et
760 515 869 556 lucro
897 516 1161 567 ducerentur,
1209 522 1317 556 esset
1337 522 1466 556 autem
1493 515 1685 570 quoddam
1708 529 1777 570 ge·-

196 607 269 634 nus
291 606 426 633 eorum
441 622 452 642 ,
497 590 612 645 idque
635 590 700 631 vel
720 590 892 630 maxime
916 590 1155 644 ingenuum,
1201 590 1263 644 qui
1291 604 1363 631 nec
1387 590 1588 645 plausum,
1621 603 1694 631 nce
1718 590 1777 631 lu-

196 681 303 707 crum
328 671 590 721 quaererent,
637 664 706 705 sed
742 664 894 706 visendi
928 679 1069 705 caussa
1092 664 1277 705 venirent
1297 662 1551 718 studioseque
1578 663 1778 719 perspice·

196 748 309 792 rent,
353 740 443 795 quid
465 746 651 794 ageretur
674 746 713 780 et
735 753 810 793 quo
835 739 973 779 modo:
1018 739 1112 780 item
1144 754 1216 780 nos
1237 738 1348 794 quasi
1374 737 1414 778 in
1435 745 1633 779 mercatus
1655 752 1777 793 quan-

196 815 284 856 dam
306 814 574 856 celebritatem
606 828 658 854 ex
700 813 794 853 urbe
819 813 973 867 aliqua,
1007 813 1063 854 sic
1097 813 1137 854 in
1156 813 1256 854 hanc
1282 812 1402 854 vitam
1435 825 1489 870 eq(
1522 812 1600 853 alia
1626 812 1708 854 vita
1737 819 1778 854 et

194 896 334 930 natura
367 890 565 945 profectos
598 888 697 929 alios
733 887 883 942 gloriae
917 888 1097 939 servire,
1145 887 1244 927 alios
1276 886 1494 941 pecuuiae3
1540 901 1654 928 raros
1686 900 1777 928 esse

195 963 407 1019 quosdam,
454 963 542 1018 qui,
590 962 733 1003 ceteris
758 961 938 1002 omnibus
969 975 1038 1016 pro
1072 961 1191 1001 nihilo
1228 960 1394 1011 habitis,
1439 973 1572 1001 rerum
1598 968 1776 1002 naturam

195 1038 370 1080 studiose
394 1037 663 1089 intuerenturg
711 1035 782 1076 hos
816 1049 860 1076 se
889 1035 1087 1090 appellare
1123 1034 1340 1090 sapientiae
1374 1033 1598 1086 studiosos,
1643 1035 1682 1075 id
1716 1042 1778 1076 est

195 1111 299 1152 enim
332 1111 606 1167 philosophos3
652 1119 691 1152 et
719 1118 761 1151 ut
789 1110 867 1150 illic
893 1108 1211 1150 liberalissimum
1241 1115 1347 1151 esset
1368 1115 1549 1164 spectare
1585 1108 1680 1150 nihil
1702 1109 1776 1151 sibi

195 1186 462 1241 acquirentem
479 1216 490 1235 ,
539 1184 595 1225 sic
629 1184 669 1225 in
693 1185 774 1225 vita
804 1185 919 1240 longe
945 1183 1126 1225 omnibus
1154 1183 1294 1224 studiis
1317 1183 1688 1239 contemplationem
1712 1197 1778 1225 re-

195 1274 281 1302 rum
312 1260 654 1316 cognitionemque
685 1267 904 1315 praestare.

309 1331 386 1375 IV.
421 1340 490 1375 10.
522 1332 612 1375 Nec
631 1348 728 1376 vero
750 1333 998 1390 Pythagoras
1023 1332 1194 1374 nominis
1220 1332 1346 1373 solum
1368 1332 1580 1385 inventor,
1621 1332 1692 1374 sed
1712 1346 1777 1374 re-

196 1465 262 1497 sich
280 1465 354 1496 iiber
365 1465 472 1496 Etwas
491 1465 706 1496 verwundern.
751 1465 844 1497 Ilaec
865 1464 968 1496 alteia

196 1509 394 1553 significatio
417 1509 521 1541 rarior
543 1516 604 1550 est,
630 1521 728 1553 quam
749 1509 814 1542 illa.
850 1510 904 1542 Sic
925 1510 967 1542 ad

198 1555 387 1594 Attic.V11,
410 1554 450 1588 9:
475 1554 655 1587 admiratus
676 1567 748 1587 sum
771 1555 968 1588 brevitatem

198 1600 361 1644 epistolae
392 1607 480 1631 tuae.
543 1601 758 1633 substantivo
793 1604 969 1633 mirationis

199 1645 497 1689 (Verwunderung)
521 1646 623 1677 semel
644 1653 772 1678 tantum
796 1647 838 1678 de
858 1648 955 1679 Divin

198 1693 241 1724 II.
260 1693 313 1730 22,
329 1690 383 1724 49.
404 1703 478 1723 usus
500 1698 560 1731 cst,
586 1692 617 1723 in
641 1693 759 1724 ceteris
779 1693 861 1725 locis
879 1705 969 1725 sem-

198 1748 259 1780 per
281 1739 512 1769 admirationis.

241 1782 568 1838 novitatemnominis]
585 1783 680 1825 Diog.
694 1784 804 1815 Lacit.
815 1785 966 1816 Prooem.

199 1827 306 1870 §.122
351 1828 549 1871 φιλοσοφίαν
575 1827 613 1861 δὲ
645 1829 777 1871 ποῶτος
805 1826 966 1872 ὤιόμασε

198 1870 409 1916 ΙΙυὲταγόρας
429 1874 488 1907 καὶ
511 1872 627 1907 ἑαυτὸν
649 1873 725 1917 φιὶό
732 1886 831 1918 σοφον
853 1874 936 1908 έιΣ

198 1919 302 1952 κυῶνι
319 1920 411 1952 διαλε
397 1917 500 1962 τγόμε
502 1931 554 1958 νος
567 1919 614 1953 Λέ
600 1931 694 1959 ‘¹¹00st
709 1921 919 1965 τῴΣικυωνῖ
923 1934 965 1955 ων

197 1959 346 2007 τυράννῳ
368 1959 391 2005 ἦ
414 1964 599 2003 Φλιασίων,
625 1964 717 2000 κοιὲλ
737 1978 853 2020 φησιν
854 1964 966 2019 Hpa—

199 2006 368 2050 κλείδηςο
382 2008 546 2048 Ποντικὸς
562 2010 595 2044 ἐν
612 2011 694 2054 τῆπ
684 2011 747 2054 ερὶ
760 2013 824 2054 τῆς
841 2008 887 2046 51*
878 2023 963 2046 ν·ου

200 2052 331 2108 ξηδένα
354 2052 418 2096 γὰρ
443 2052 525 2089 εἶναι
549 2055 653 2098 σοφὸν
673 2040 868 2100 ἅνδρωπον,
893 2054 967 2092 ἀλλ’

199 2112 221 2139 η
248 2096 349 2133 ἔδεόν·
384 2099 503 2134 barro»
531 2099 569 2135 δε
591 2101 744 2137 ἐκαλεῖτο
774 2115 811 2136 σ
798 2103 853 2147 «pt
854 2116 877 2158 (ζ.
909 2117 966 2137 κοιι

201 2142 307 2198 σοφὸς
330 2156 346 2178 0
369 2156 494 2198 ταυτην
515 2145 820 2191 ἐπαγγελλόυ.εν,ος
854 2145 926 2187 ὃςε
930 2149 964 2191 ’ἴη

199 2184 239 2223 ἆν
262 2188 351 2223 κατὰ
377 2186 551 2233 ἀκρότητα
579 2194 744 2249 {my-riga
723 2192 965 2249 -ηκοιβωι

198 2246 273 2273 νος·
306 2221 491 2278 φιλόσοφος
514 2235 552 2270 δὲ
574 2235 591 2270 ὂ
615 2238 733 2281 σοφίαν
763 2238 944 2282 α’σπαζόμε
947 2259 965 2264 -

199 2291 262 2318 νος.
296 2280 341 2314 Οἱ
355 2279 394 2314 δε
413 2281 511 2323 σοφοι
528 2294 586 2315 και
603 2283 760 2325 σοφισταὶ
777 2284 964 2326 ἐκαλοῦντο,

200 2325 259 2360 καὶ
288 2337 326 2360 ου
350 2323 470 2368 μόνον,
501 2324 586 2361 αλὶεὶ
619 2328 677 2362 καὶ
698 2330 728 2363 οἱ
749 2330 885 2374 ποιηταὶ
907 2343 965 2365 σο-

199 2371 328 2415 φιστοιί.

267 2416 300 2450 9-
335 2419 467 2449 similem
498 2417 570 2460 sibi]
609 2418 807 2462 Exquisitius
840 2421 965 2454 dictum

201 2469 252 2494 est
272 2473 334 2505 pro
355 2461 500 2505 vulgari·
531 2465 647 2495 similes
667 2466 726 2495 sibi
750 2468 847 2498 videri
867 2471 965 2500 vitam

199 2510 229 2540 h.
247 2512 275 2541 et
284 2512 466 2548 mercatum,
486 2508 556 2540 vel:
580 2511 712 2541 similem
728 2513 786 2542 sibi
802 2514 902 2543 videri
918 2516 964 2544 υἰ-

198 2557 264 2586 tam
282 2555 311 2585 h.
330 2556 492 2586 mercatui.
527 2553 680 2586 conferri
698 2563 837 2608 possunt
855 2569 964 2589 exem-

199 2598 255 2654 pla
277 2610 404 2641 graeca,
429 2599 461 2630 in
486 2599 601 2642 quibu-s
619 2606 696 2642 post
721 2596 853 2642 ὅμοιος
881 2603 952 2640 ἰ’σος

200 2641 218 2678 0‘
243 2642 363 2683 αυτός
399 2644 516 2676 similia
538 2645 687 2699 sequitur
708 2646 869 2688 panicula
895 2648 963 2680 καί

197 2690 322 2723 Herod
342 2691 400 2729 VI,
420 2691 482 2723 50:
507 2686 611 2733 νόμος
630 2690 668 2725 δὲ
687 2702 773 2725 τοισι
793 2693 962 2727 Λακεδαι-

197 2734 337 2777 μονίοισι
356 2733 441 2769 κατὰ
471 2736 538 2769 τῶν
558 2733 729 2781 βασιληων
748 2735 827 2776 τοὺς
855 2734 962 2772 θοινά-

196 2791 273 2819 τους
304 2779 377 2815 ἐστὶ
412 2778 563 2820 ωυτὸς
597 2781 673 2816 καὶ
705 2786 792 2816 τοῖσι
827 2781 960 2827 βαρβά-

197 2836 283 2867 ροισι
313 2830 402 2861 τοῖσι
435 2825 469 2860 ἐν
501 2827 546 2871 τῇ
577 2824 691 2872 Ἀσίῃ.
749 2827 845 2860 Plura
874 2840 959 2860 con—

1002 1463 1239 1506 interpretans
1265 1469 1314 1495 est
1336 1475 1491 1507 graecum
1521 1474 1643 1496 nomen
1664 1476 1776 1508 πανη-

1003 1521 1096 1552 γυρι;
1119 1510 1160 1553 (V
1165 1509 1335 1551 olksf‹st):
1363 1509 1405 1541 de
1424 1521 1489 1553 quo
1513 1509 1648 1542 consule
1669 1510 1774 1542 lexica

1002 1555 1395 1599 gr¹1eca.Pythagor¹1s
1436 1555 1524 1588 enim
1557 1555 1646 1599 apud
1679 1556 1775 1599 Diog.

1007 1603 1116 1632 Lu‹rt
1137 1601 1235 1641 VllI,
1263 1603 1295 1633 ὅ.
1320 1600 1421 1633 dicit:
1455 1598 1512 1635 τὸν
1538 1601 1607 1646 βίον
1632 1600 1776 1636 ἐοικέναι

1003 1644 1175 1688 nmmum
1179 1659 1198 1679 ι
1282 1658 1284 1660 ’

1072 1694 1164 1723 totius
1191 1693 1341 1723 Graeciae
1372 1692 1559 1736 celebritate]
1590 1693 1634 1725 H.
1650 1704 1678 1724 e.
1703 1693 1774 1725 fre—

1003 1737 1137 1780 quentia
1178 1743 1212 1768 et
1252 1748 1412 1768 concursu
1457 1737 1559 1769 totius
1603 1738 1774 1771 Graeciae.

1000 1781 1170 1814 vocabula
1195 1782 1281 1814 enim
1303 1784 1473 1823 celebritas,
1491 1785 1615 1824 celeber,
1639 1786 1775 1816 celebra-

999 1838 1032 1860 re
1055 1827 1189 1871 proprie
1212 1827 1367 1859 dicuntur
1389 1828 1430 1859 de
1451 1828 1505 1860 via
1528 1828 1579 1859 vel
1602 1829 1688 1867 loco,
1716 1829 1773 1872 qui

1001 1874 1042 1905 -ὼ
1069 1873 1255 1905 hominibus
1282 1873 1522 1916 frequentatur.
1556 1874 1643 1906 Hinc
1663 1875 1773 1907 Tacit.

1000 1919 1086 1950 Hist.
1111 1921 1152 1951 Il.
1171 1918 1234 1956 64,
1260 1918 1271 1950 1
1289 1930 1295 1950 ε
1331 1921 1490 1951 celebritas
1509 1921 1601 1960 viae,
1624 1920 1655 1951 h.
1672 1931 1700 1952 e.
1721 1920 1774 1953 via

1000 1965 1188 1997 hominibus
1212 1965 1442 2008 frequentata3
1467 1964 1515 1996 sic
1535 1967 1621 1997 locus
1643 1968 1773 1998 celeber-

1000 2013 1112 2051 rimus,
1134 2012 1220 2051 regio
1244 2012 1390 2050 celebris,
1414 2012 1573 2043 celebritas
1595 2013 1655 2043 loci
1666 2021 1677 2052 5
1702 2018 1773 2043 tum

1001 2057 1203 2089 transfertur
1237 2055 1280 2087 ad
1311 2055 1482 2087 hominum
1513 2055 1661 2100 ipsorum
1699 2057 1773 2088 fre-

1002 2102 1190 2145 quentiam3
1227 2101 1305 2133 hinc
1327 2101 1370 2133 de
1391 2102 1495 2146 Legg.
1518 2103 1570 2141 11,
1591 2101 1654 2134 26:
1681 2102 1773 2134 cele-

1000 2147 1103 2179 britas
1127 2147 1273 2180 virorum
1297 2159 1336 2179 ac
1367 2146 1549 2179 mulierum.
1599 2149 1771 2188 Quatenus

1001 2200 1108 2224 autem
1134 2193 1216 2224 haec
1240 2192 1400 2224 vocabula
1421 2195 1621 2226 claritudinis
1641 2193 1772 2237 signifi-

1001 2239 1167 2271 cationem
1190 2238 1328 2270 induere
1348 2238 1540 2281 potuerint,
1563 2246 1686 2282 sponte
1707 2251 1770 2283 pa·—

999 2290 1069 2319 tet;
1095 2284 1175 2322 scd,
1204 2283 1294 2327 quod
1311 2295 1329 2315 a
1349 2283 1586 2316 recentioribus
1609 2284 1772 2328 frequen—

999 2337 1108 2363 tatur:
1132 2333 1182 2362 vir
1206 2331 1438 2370 celeberrimus,
1462 2328 1496 2360 id
1519 2329 1652 2373 quidem
1672 2330 1772 2374 plane

1000 2375 1158 2407 abhorret
1179 2375 1220 2407 ab
1243 2387 1360 2407 aureae
1377 2375 1497 2407 aetatis
1513 2375 1689 2408 latinitate.
1718 2375 1770 2408 Cf.

1001 2421 1125 2453 Adnot.
1151 2421 1183 2452 in
1204 2422 1228 2452 Ι.
1249 2422 1299 2458 12,
1324 2420 1377 2453 28.
1516 2418 1587 2467 *Q

1065 2469 1255 2499 nobilitatem
1269 2465 1415 2510 coronae]
1435 2462 1690 2508 Ὀλυμπιονῖκαι
1708 2477 1766 2498 οι-

998 2512 1163 2544 nabantur
1185 2523 1308 2544 corona
1326 2511 1489 2554 oleagina.
1522 2513 1572 2543 De
1593 2510 1767 2544 nobilitate

999 2564 1108 2589 autem
1129 2556 1204 2589 talis
1228 2556 1388 2589 victoriae
1406 2568 1436 2588 v.
1458 2567 1558 2599 supra
1576 2557 1601 2587 Ι.
1620 2554 1677 2595 46,
1693 2560 1702 2589 l
1717 2559 1764 2589 ll.

999 2609 1032 2632 et
1064 2604 1101 2635 ΙΙ.
1126 2603 1185 2641 17,
1215 2599 1268 2634 41.
1306 2603 1485 2634 consulatus
1513 2603 1565 2633 ille
1595 2604 1764 2643 antiquus.-

970 2647 1052 2678 ubi
1078 2660 1107 2678 v.
1134 2647 1314 2679 Adnotata.

1064 2693 1199 2736 visendi]
1226 2693 1265 2724 V.
1286 2691 1457 2723 Adnotata
1480 2690 1513 2723 in
1539 2693 1563 2723 Ι.
1587 2691 1647 2729 19,
1674 2690 1729 2725 44

1063 2740 1155 2777 quasi
1175 2756 1220 2761 ——
1242 2736 1301 2779 sic]
1331 2737 1370 2768 V.
1395 2735 1438 2768 ad
1459 2737 1484 2769 I.
1508 2735 1572 2778 30,
1593 2735 1655 2772 74:
1691 2741 1762 2771 tan-

996 2791 1092 2822 quam
1112 2800 1177 2822 —,
1201 2784 1255 2814 sic.

1061 2838 1099 2860 ex
1115 2829 1181 2859 alia
1196 2828 1277 2868 vita]
1303 2826 1509 2870 Pythagoras
1527 2827 1615 2860 enim
1635 2839 1760 2872 μετεμ-

194 2871 400 2911 gessimusiu
425 2872 570 2905 Gramm.
585 2874 766 2907 GraecaT.
779 2875 820 2905 ΙΙ.
837 2874 866 2909 (5.
880 2874 957 2908 576.
992 2871 1147 2918 ψυχωσιν
1170 2871 1348 2904 statuebat.

193 2914 273 2947 Not.
286 2915 317 2948 4.
337 2928 371 2960 p.
382 2915 460 2950 245.

1058 2920 1092 2951 id
1123 2921 1166 2950 est
1198 2918 1294 2959 enim]
1328 2918 1540 2950 Accusativus
1561 2919 1761 2959 philosophos

258 2962 446 3006 mercatum]
481 2963 545 2995 Per
578 2963 664 2997 hanc
691 2976 809 2998 vocem
838 2964 954 2997 Cicem
990 2976 1049 3008 per
1079 2963 1315 2996 attractionem
1346 2963 1512 3007 quandam
1542 2964 1585 2997 ob
1617 2970 1759 2997 antece-
