1811 3053
159 61 214 104 42

268 147 347 189 111.

155 223 279 279 primo
313 221 529 270 eruditum,
572 225 702 274 aptum
728 225 856 259 tamen
888 218 935 258 ad
961 218 1191 268 dicendum3
1234 224 1320 272 post
1345 224 1473 258 autem
1506 217 1714 258 eruditum.

770 63 1115 106 Lissssat.3,6.

406 146 464 188 At
494 153 630 188 contra
665 151 862 185 oratorem
891 144 1073 185 celeriter
1104 143 1298 200 complexi
1329 157 1490 195 sumus,
1531 157 1604 185 nec
1629 157 1718 185 eum

153 295 258 338 Nam
281 294 444 337 Galbam
460 327 470 346 ,
502 293 760 343 Africanum,
799 290 976 332 Laelium
1001 292 1136 332 doctos
1157 291 1278 331 fuisse
1303 291 1483 331 traditum
1511 297 1596 341 est,
1637 297 1720 332 stu-

155 370 306 411 diosum
339 376 467 410 autem
500 380 613 417 eum,
667 366 732 421 qui
763 365 811 406 iis
843 372 970 406 aetate
999 365 1190 415 anteibat,
1243 362 1458 417 Catonem3
1508 371 1596 418 post
1620 378 1718 405 vero

153 442 372 499 Lepidum,
408 440 652 492 Carbonem,
687 438 914 490 Gracchos3
956 439 1046 479 inde
1070 439 1125 479 ita
1152 452 1315 493 magnos
1340 445 1515 478 nostram
1538 439 1585 479 ad
1612 445 1719 479 aeta-

1539 510 1720 552 Philoso—

153 591 243 646 phia
268 589 388 630 iacuit
414 602 535 643 usque
563 588 610 628 ad
637 587 736 643 hanc
761 594 929 627 aetatem
957 600 1030 626 nec
1056 586 1172 626 ullum
1201 585 1332 626 habuit
1355 585 1485 626 lumen
1502 585 1719 626 litterarum

156 526 232 559 tem
249 549 260 568 ,
299 523 341 556 ut
366 530 444 556 non
473 515 634 555 multum
661 521 727 554 aut
750 513 844 554 nihil
877 512 1034 553 omnino
1058 510 1225 553 Graecis
1259 512 1478 552 cederetur.

150 663 412 706 Latinarum:
455 675 553 717 quae
573 661 800 702 illustranda
825 667 864 701 et
885 660 1091 700 excitanda
1115 659 1225 700 nobis
1250 666 1332 709 est,
1376 666 1442 710 ut,
1483 659 1517 699 si
1543 658 1720 714 occupati

151 738 367 793 profuimus
406 736 546 790 aliquid
580 735 728 776 civibus
765 734 936 784 nostris,
994 734 1186 788 prosimus
1232 733 1373 784 etiam,
1429 733 1462 773 si
1494 746 1717 787 possumus,

154 811 285 852 otiosi.
348 816 389 851 6.
424 808 470 850 In
496 823 570 863 quo
594 822 641 849 eo
667 807 791 862 magis
821 807 932 847 nobis
956 815 1015 848 est
1039 807 1339 857 elaborandum,
1383 807 1484 860 quod
1507 806 1616 846 multi
1644 806 1718 846 iam

154 898 243 926 esse
267 883 355 924 libri
380 882 514 923 Latini
539 883 739 932 dicuntur,
786 881 920 936 scripti
942 881 1230 921 inconsiderate
1264 879 1311 920 ab
1343 879 1495 935 optimis
1528 880 1604 920 illis
1637 880 1721 934 qui-

154 991 253 1024 saepe
285 979 327 1011 de
359 978 507 1021 personis
535 977 688 1020 ponitur,
725 976 918 1020 plerumque

153 1038 227 1058 cum
249 1024 475 1067 comparativo
497 1024 717 1054 coniunctum.
752 1022 842 1053 Infra
862 1022 917 1052 Ill.

154 1073 208 1112 10,
233 1072 293 1102 22:
320 1068 542 1111 Peripatetici.
565 1087 608 1092 ——
633 1067 748 1110 quibus
771 1069 849 1098 nihil
870 1072 920 1097 est

152 1116 305 1151 uberius,
346 1117 421 1147 nihil
454 1113 631 1152 eruditius,
667 1115 743 1144 nihil
777 1111 917 1154 gravius.

155 1161 254 1192 Corn.
277 1160 362 1202 Nep.
385 1159 491 1190 Alcib.
514 1161 538 1197 Ι,
566 1159 602 1189 1:
629 1164 759 1189 constat
782 1159 858 1189 nihil
879 1168 918 1187 eo

153 1205 256 1237 fuisse
289 1204 501 1236 excellentius
535 1203 587 1234 vel
617 1202 650 1233 in
682 1203 771 1234 vitiis
807 1201 859 1232 vel
885 1201 918 1232 in

152 1250 339 1283 virtutibus
394 1251 436 1280 V.
471 1250 626 1281 Kritzz'um
660 1247 702 1278 ad
731 1247 810 1279 Sall.
848 1246 918 1277 Cat.

152 1296 337 1333 XLV11,1.
362 1296 498 1326 Ktttzner.
514 1294 572 1324 Gr.
586 1294 625 1324 L.
639 1294 668 1337 ᾗ.
682 1290 755 1324 145.
771 1292 851 1324 Not.
866 1291 918 1323 19.

153 1340 267 1385 9392
280 1351 328 1382 sq.
353 1339 404 1371 ed.
425 1340 458 1371 2.

224 1396 301 1427 CAP.
322 1397 378 1427 III.
417 1398 509 1434 aptus
534 1396 577 1425 od
600 1393 780 1434 dicendum]
811 1398 859 1423 cst
880 1391 918 1429 is,

154 1441 210 1486 qui
246 1439 388 1472 naturali
419 1439 560 1482 quadam
600 1438 732 1470 dicendi
763 1437 921 1469 facultate

153 1486 323 1530 praeditus
357 1491 426 1523 est3
466 1487 604 1516 eruditus
636 1491 669 1515 ct
700 1486 806 1515 doctus
837 1482 869 1514 h.
898 1482 919 1513 l.

153 1532 243 1564 idem
263 1531 373 1562 valent
393 1530 643 1572 significantque
665 1541 749 1566 eum,
775 1527 829 1571 qni
850 1533 920 1558 arte

154 1584 189 1609 et
209 1576 327 1609 litteris
351 1575 521 1607 institutus
545 1582 612 1612 est,
648 1576 804 1605 studiosus
823 1572 919 1604 deni-

155 1634 219 1665 que
241 1621 360 1653 dicitnr
381 1620 427 1659 is,
464 1620 517 1663 qui
543 1631 676 1662 operam
702 1619 833 1662 quidem
863 1617 920 1648 dat

154 1667 273 1699 litteris
305 1665 531 1703 addiscendis,
569 1664 628 1695 sed
653 1663 770 1695 eruditi
799 1674 920 1694 nomen

153 1712 302 1745 nondum
323 1711 410 1742 tueri
429 1717 550 1753 potest.
606 1709 764 1740 Similiter
787 1708 828 1739 de
853 1714 922 1750 opt.

155 1770 230 1801 gen.
261 1757 324 1790 dic.
350 1758 387 1789 5:
424 1755 539 1798 putavi
567 1754 648 1786 mihi
678 1753 922 1796 suscipiendum

153 1804 325 1841 laborem,
360 1801 472 1832 utilem
494 1802 659 1838 studiosis,
692 1799 771 1830 mihi
791 1798 924 1841 quidem

155 1860 223 1880 non
244 1847 461 1879 necessarium
476 1872 483 1880 ,
515 1847 646 1877 studiosi
666 1844 818 1875 dicuntur
838 1843 922 1875 tiro-

155 1905 214 1925 nes
236 1893 325 1930 artis,
352 1891 407 1934 qui
425 1891 532 1921 adhuc
551 1890 691 1921 diseunt.
731 1889 812 1920 Cato
834 1895 923 1920 recte

158 1938 343 1981 appellatur
373 1936 558 1972 studiosus,
591 1935 712 1977 quippe
734 1934 788 1977 qui
809 1934 842 1965 in
867 1945 922 1965 se·-

158 1989 292 2014 nectute
326 1981 457 2012 demum
488 1979 641 2011 didicerit
664 1981 806 2010 Graecas
829 1979 921 2010 litte-

157 2039 222 2060 ras.
260 2028 299 2058 V.
325 2026 360 2056 C.
386 2024 485 2056 Acad.
508 2026 549 2055 ΙΙ.
572 2025 605 2063 2,
630 2025 662 2056 5.
686 2024 727 2054 de
748 2026 822 2055 Seu.
843 2026 869 2062 Ι,
891 2024 922 2056 3.

224 2080 412 2124 studiosum]
449 2080 514 2111 Hic
545 2079 748 2111 accusativus
780 2079 925 2122 pendere

158 2135 272 2174 potest
293 2134 348 2159 aut
373 2138 390 2157 a
413 2126 514 2156 verbo
536 2127 687 2164 complexi
709 2135 834 2163 sumus,
870 2131 925 2155 ant

159 2188 179 2207 a
198 2173 299 2206 verbo
314 2173 465 2204 traditum
486 2174 538 2201 est.
573 2170 606 2200 Si
622 2170 766 2200 refertur
784 2169 825 2200 ad
845 2179 925 2200 com-

155 2222 243 2261 plexi
263 2228 370 2249 smnus
383 2241 390 2255 ‚
416 2215 531 2247 verba:
557 2225 632 2246 nam
651 2234 694 2238 —
714 2216 865 2246 traditum
884 2217 927 2244 est

159 2262 409 2304 παρενῗόετικῶς
429 2260 550 2291 inserta
568 2259 741 2291 iudicanda
760 2265 845 2290 sunt.
883 2261 927 2288 At

160 2310 246 2342 lianc
261 2307 423 2340 rationem
444 2304 567 2347 duplici
583 2304 625 2335 de
642 2316 753 2336 caussa
774 2302 926 2334 reiicien-

163 2355 240 2386 dam
265 2352 427 2387 arbitron
461 2350 624 2393 primum,
659 2348 733 2391 quia
757 2348 928 2380 durissima

164 2407 234 2436 θεῖς
267 2405 338 2430 tum
360 2407 459 2434 vero,
496 2394 571 2437 quia
600 2394 701 2425 totius
723 2393 788 2425 loci
812 2399 928 2424 natura

162 2444 377 2476 vehementer
401 2440 430 2471 ei
451 2439 582 2471 videtur
603 2438 772 2481 refragari.
812 2438 928 2470 Enim——

164 2501 256 2529 vero,
281 2498 379 2531 quum
397 2486 477 2517 Cato
500 2491 533 2516 et
552 2484 700 2521 Galbam,
726 2483 927 2522 Africanum,

164 2534 314 2567 Laelium
330 2537 439 2563 aetate
460 2529 585 2562 anteire
601 2536 634 2560 et
651 2535 778 2559 tantum
799 2527 928 2559 studio-

165 2592 219 2611 sus
244 2590 314 2610 esse
336 2577 485 2615 dicatur,
520 2586 617 2618 quum
647 2573 694 2604 illi
717 2573 807 2605 docti
832 2580 929 2616 atque

166 2623 287 2656 eruditi
320 2621 463 2659 fuerint,
498 2619 654 2664 profecto
688 2618 826 2659 intelligi
863 2629 929 2649 non

170 2676 301 2711 potest,
339 2679 395 2699 cur
423 2666 471 2698 illi
503 2672 650 2698 oratores
684 2663 932 2704 παρενὶῑετικῶς

169 2712 418 2745 commemorati
435 2713 511 2749 sint,
539 2711 621 2742 Cato
638 2720 705 2740 non
724 2708 814 2739 item.
861 2709 932 2738 Ita-

170 2770 232 2801 que
253 2758 387 2789 dubium
411 2769 477 2789 non
505 2762 574 2794 est,
603 2754 680 2798 quin
701 2753 820 2785 verba:
857 2763 932 2784 nam

170 2821 215 2826 —
237 2805 393 2835 cederetur
419 2801 541 2834 nullam
564 2799 662 2832 aliam
689 2798 756 2831 vim
778 2797 934 2835 habeant,

171 2846 235 2878 nisi
251 2853 287 2877 ut
309 2847 473 2879 sententia
500 2844 692 2890 proposita,
726 2842 858 2876 dicendi
879 2854 934 2874 ar-

171 2898 241 2922 tem
258 2891 323 2922 iam
344 2899 470 2924 mature
490 2891 579 2935 apud
599 2891 764 2923 Romanos
785 2887 934 2930 viguisse,

175 2936 331 2978 exemplis
348 2936 530 2969 illustretur
544 2943 643 2981 atque
658 2933 830 2968 muniatur.
863 2933 933 2965 Ne-

953 976 1021 1019 gari
1045 976 1176 1018 quidem
1209 987 1273 1007 non
1296 981 1428 1018 potest,
1464 975 1599 1006 verbum
1622 976 1722 1006 tradi-

953 1027 1019 1053 tum
1052 1025 1095 1052 est
1128 1032 1193 1051 non
1229 1021 1308 1052 satis
1343 1019 1520 1051 convenire
1545 1020 1721 1062 postremis

953 1066 1081 1098 verbis:
1106 1068 1177 1097 inde
1198 1069 1240 1097 ita
1263 1076 1394 1106 maynos
1413 1069 1553 1098 nostram
1573 1067 1616 1097 ad
1633 1069 1721 1097 aeta-

953 1116 1032 1153 tem;
1064 1123 1162 1154 quum
1184 1111 1293 1154 potius
1315 1117 1523 1153 exspectetur
1545 1110 1652 1142 oratio
1674 1110 1722 1142 sic

955 1156 1166 1189 continuata:
1202 1156 1279 1187 inde
1309 1155 1355 1187 ita
1378 1155 1486 1198 magni
1508 1163 1657 1187 nostram
1677 1155 1721 1187 ad

953 1208 1096 1234 aetatem
1112 1200 1307 1232 exstiterunt
1322 1207 1481 1239 oratores,
1503 1207 1538 1231 ut
1552 1207 1613 1232 etc.
1629 1213 1637 1238 3
1662 1200 1722 1232 sed

954 1258 1053 1290 saepe
1075 1246 1129 1285 fit,
1154 1253 1189 1277 ut
1207 1253 1371 1277 structura
1392 1246 1520 1288 aliqua,
1545 1246 1646 1277 semel
1666 1246 1721 1278 in-

956 1293 1085 1329 choata,
1104 1291 1146 1323 ad
1159 1291 1316 1334 reliquam
1330 1291 1429 1322 etiam
1444 1290 1627 1322 orationem
1641 1303 1722 1334 per-

954 1338 1059 1369 tineat
1077 1336 1400 1379 comprehendatque
1417 1348 1454 1368 ea
1471 1348 1613 1379 quoque,
1638 1348 1721 1380 quae

954 1383 1003 1414 illi
1024 1383 1128 1413 minus
1154 1381 1328 1414 commode
1351 1382 1466 1414 subiici
1487 1382 1626 1424 possint.

1023 1449 1092 1470 eum
1115 1457 1159 1461 -
1186 1439 1346 1480 Catonem]
1384 1438 1438 1470 Sic
1471 1450 1570 1480 saepe
1592 1449 1720 1482 prono-

954 1495 1028 1516 men
1059 1483 1352 1515 demonstrativum
1383 1483 1590 1515 substantivo
1622 1496 1722 1528 prae-

954 1529 1114 1566 mittitur,
1140 1535 1175 1559 ut
1193 1528 1257 1560 hoe
1275 1528 1504 1571 explicationis
1528 1540 1640 1561 caussa
1658 1529 1722 1561 ad-

955 1575 1060 1606 ditum
1094 1573 1254 1605 videatur.
1303 1574 1394 1605 Infra
1428 1573 1541 1613 c.13,
1566 1574 1626 1608 29:
1667 1575 1722 1618 qui

955 1619 1101 1651 nondum
1124 1629 1180 1658 ea,
1206 1630 1288 1662 quae
1309 1618 1420 1650 multis
1441 1625 1518 1661 post
1538 1619 1631 1651 annis
1650 1626 1723 1652 tra-

957 1665 1038 1697 ctari
1074 1671 1193 1706 coepta
1223 1670 1317 1702 sunt,
1351 1660 1498 1704 physica'
1519 1665 1721 1697 didicissent.

959 1722 985 1742 e.
1003 1708 1056 1748 24,
1078 1709 1140 1741 59:
1166 1715 1286 1751 quanta
1308 1712 1333 1741 is
1346 1734 1354 1749 ,
1379 1710 1433 1752 qui
1452 1721 1470 1741 a
1484 1710 1610 1753 Pyrrho
1628 1710 1723 1754 lega-

957 1762 1008 1786 tus
1030 1754 1073 1786 ad
1091 1761 1240 1786 senatum
1269 1761 1319 1785 est
1342 1754 1476 1793 missus,
1514 1757 1635 1788 Cineas.
1681 1757 1720 1788 V.

958 1812 1018 1832 nos
1040 1800 1074 1831 in
1098 1800 1155 1831 Gr.
1180 1801 1218 1832 L.
1243 1799 1361 1842 §.1¹25
1386 1800 1466 1832 Not.
1488 1798 1520 1833 6.
1546 1812 1580 1844 p.
1593 1800 1659 1835 268
1672 1812 1722 1845 sq.

959 1845 1010 1877 ed.
1031 1845 1063 1877 2.

1025 1904 1078 1942 qui
1102 1904 1139 1933 iis
1163 1905 1262 1932 aetate
1291 1903 1442 1941 anteibat]
1479 1900 1532 1933 Sic
1561 1901 1602 1934 de
1626 1902 1724 1936 offic.

958 1949 999 1979 II,
1015 1946 1066 1985 10,
1082 1946 1142 1980 37:
1169 1945 1223 1988 qui
1243 1945 1368 1977 anteire
1386 1945 1502 1977 ceteris
1522 1947 1642 1978 virtute
1658 1960 1724 1991 pu-

957 1999 1079 2024 tantur.
1127 1991 1278 2023 Crebrius
1301 1991 1488 2023 accnsativo
1509 1991 1663 2035 iungitur,
1688 1999 1726 2025 ut

960 2038 1057 2069 Corn.
1071 2037 1156 2079 Nep.
1173 2036 1288 2067 Cliabr.
1304 2037 1360 2075 ΙΙΙ,
1379 2036 1390 2068 1
1406 2049 1412 2067 t
1439 2036 1595 2069 Chabrias
1611 2049 1725 2070 omnes

958 2081 1157 2114 anctoritate
1190 2081 1349 2112 anteibat.
1396 2083 1437 2113 V.
1469 2093 1529 2113 nos
1549 2083 1584 2115 in
1606 2083 1662 2115 Gr.
1687 2084 1722 2115 L.

961 2130 988 2171 ᾗ.
1008 2124 1079 2163 114,
1099 2126 1129 2159 7.
1170 2128 1234 2158 Pro
1257 2127 1392 2169 vulgato
1411 2130 1459 2160 his
1479 2139 1551 2159 cum
1572 2128 1724 2171 complu-

959 2172 1047 2203 ribus
1078 2170 1153 2202 edd.
1186 2178 1267 2203 vett.
1297 2172 1509 2204 scribendum
1540 2174 1653 2216 putavi
1676 2176 1726 2206 iis.

961 2215 1162 2248 Pronomina
1185 2215 1271 2247 enirn
1294 2218 1343 2248 hic
1366 2224 1399 2248 et
1422 2220 1447 2249 is
1478 2218 1525 2249 ita
1556 2218 1727 2258 differunt,

962 2267 997 2291 nt
1023 2259 1104 2290 illud
1137 2260 1179 2291 sit
1209 2260 1503 2293 demonstrativum
1532 2275 1727 2307 semperque

962 2302 1234 2347 ἐρὲοτονούμενον
1248 2331 1255 2340 ,
1280 2306 1344 2337 hoc
1367 2313 1477 2339 autern
1496 2307 1670 2340 relativum
1694 2315 1728 2340 ct

962 2349 1063 2382 modo
1085 2347 1289 2391 ἐγκλιτικόν,
1316 2351 1417 2383 modo
1439 2363 1506 2383 non
1531 2350 1728 2396 ἐγκλιτικόν.

962 2397 1147 2427 Pronomen
1171 2397 1220 2427 hic
1241 2396 1446 2438 pronominis
1469 2400 1497 2429 is
1518 2398 1606 2430 vices
1626 2398 1727 2430 susti-

962 2452 1041 2472 nere
1074 2451 1141 2471 non
1174 2447 1308 2482 potest,
1348 2442 1410 2473 nisi
1438 2442 1583 2485 scriptor
1615 2443 1729 2476 dedita

966 2497 1067 2528 opera
1101 2497 1170 2516 rem
1193 2485 1240 2518 ita
1274 2480 1446 2530 designa'e
1470 2488 1560 2527 vult,
1597 2495 1633 2520 nt
1656 2500 1729 2521 eam

963 2537 1120 2572 tanquam
1158 2539 1365 2572 praesentem
1406 2534 1573 2576 oculisque
1607 2534 1730 2573 nostris

964 2575 1145 2606 subiectam
1168 2574 1363 2609 intueamur.
1413 2579 1453 2610 V.
1475 2589 1534 2610 nos
1553 2579 1585 2610 in
1609 2579 1666 2611 Gr.
1687 2580 1727 2611 L.

966 2619 1082 2662 §.123
1104 2621 1229 2652 Not.2.
1253 2621 1374 2664 p.267.
1395 2622 1435 2653 ed
1461 2623 1494 2655 2.
1530 2624 1647 2666 Neque
1667 2635 1730 2655 ne-

966 2663 1035 2706 gari
1055 2671 1177 2706 potest,
1203 2665 1303 2698 fuisse
1321 2666 1500 2709 scriptores
1513 2693 1521 2707 ‚
1547 2675 1583 2699 ut
1603 2669 1727 2699 Corne-

966 2710 1044 2740 lium
1068 2709 1233 2751 Nepotem
1268 2713 1310 2753 (v.
1331 2713 1491 2743 Bremium
1521 2712 1563 2744 ad
1583 2714 1728 2746 Praefat.

968 2755 996 2796 55.
1010 2753 1056 2792 2.)
1070 2778 1078 2791 ,
1104 2754 1157 2796 qui
1179 2754 1220 2784 ad
1240 2755 1435 2787 vividiorem
1453 2756 1656 2789 reddendam
1673 2770 1730 2790 re-

967 2809 1038 2830 rum
1050 2798 1301 2841 praeteritarum
1321 2799 1576 2844 descriptionem
1596 2802 1732 2835 mirifice

969 2843 1213 2875 delectarentur
1231 2845 1429 2878 creberrimo
1451 2858 1508 2878 usu
1527 2848 1732 2890 pronominis

970 2887 1232 2920 demonstrativi.

1034 2936 1225 2966 illustranda
1244 2939 1271 2967 et
1291 2937 1473 2982 excitanda]
1498 2937 1638 2982 Elegans
1655 2950 1732 2971 ver—
