1843 3101
224 42 309 85 266

301 135 393 184 Quis
421 135 528 172 lzomo
558 141 594 172 te
622 136 866 186 exsuperavit
891 149 1046 187 usquam
1072 139 1242 188 gentium
1271 138 1498 189 z'nzpudentm
1511 142 1530 177 It

804 54 973 87 LIBER
995 55 1052 89 1v.
1075 51 1141 97 36,
1164 54 1221 89 78.

303 209 393 258 Quis
422 215 543 246 autem
573 209 717 246 malitia
748 212 811 246 le?

222 279 371 331 Nosti,
419 294 518 334 quae
553 290 795 336 sequuntur3
841 283 1001 325 alternis
1035 283 1137 324 enim
1167 283 1347 324 versibus
1382 283 1657 339 intorquentur
1687 284 1791 326 inter

225 356 368 395 fratres
388 354 646 408 gravissimae
669 357 953 409 contumeliae,
985 364 1028 398 ut
1050 357 1162 398 facile
1185 365 1394 412 appareat,
1426 358 1541 400 Atrei
1564 358 1663 399 filios
1684 372 1791 409 esse,

223 428 308 469 eius
340 428 404 482 qui
435 429 644 470 meditatur
672 444 837 485 poenam
868 431 906 471 in
938 432 1100 472 fratrem
1131 445 1297 472 novam:

297 505 426 542 Maior
454 506 550 542 mz'lzz'
573 506 711 552 moles,
745 508 866 544 moins
895 508 1119 545 miscendum
1148 507 1301 553 malum,

301 579 377 627 Qui
403 579 508 616 illius
537 579 710 617 acerbum
741 594 808 618 eor
837 583 1059 618 contundam
1090 588 1129 618 et
1155 583 1407 632 comprimam.

222 648 322 716 Quo!
342 650 463 704 igitur
493 651 589 692 haec
620 652 787 708 erumpit
817 654 967 694 moles?
997 653 1085 693 audi
1117 652 1362 708 Thyestem:

293 727 434 776 Impius
464 727 642 764 lzorlatz'zr
671 741 726 765 me
744 728 899 780 fi'aler,
935 726 981 766 ait
1002 742 1101 766 meos
1130 728 1239 767 malis
1268 730 1381 766 miser

295 800 523 838 Mdndarem
553 803 662 838 natos
690 825 748 830 —
778 824 829 830 ——

216 870 367 912 Eorum
388 872 542 913 viscera
565 873 739 928 apponit.
803 872 905 926 Quid
926 880 986 914 est
1006 874 1106 915 enim
1121 906 1132 925 ,
1166 888 1241 928 quo
1259 889 1337 915 non
1357 873 1630 929 progrediatur
1650 874 1785 913 eodem

214 945 297 996 ira,
343 960 418 999 quo
438 946 584 986 furor?
642 944 778 1000 Itaque
810 947 931 987 iratos
958 948 1113 1003 proprie
1138 948 1299 989 dicimus
1335 948 1470 988 exisse
1504 948 1552 987 de
1576 954 1784 1002 potestate,

214 1019 253 1059 id
277 1025 337 1059 est
363 1019 408 1058 de
431 1019 618 1069 consilio,
653 1020 699 1059 de
725 1020 877 1061 ratione
893 1052 904 1072 ,
938 1021 985 1061 de
1009 1028 1162 1072 mente3
1197 1021 1335 1062 horum
1355 1021 1458 1062 enim
1477 1028 1651 1076 potestas
1668 1022 1708 1061 in
1729 1027 1788 1061 to-

214 1100 295 1133 tum
324 1092 494 1132 animum
518 1106 605 1133 esse
631 1093 759 1134 debet.
823 1100 892 1136 78.
928 1094 1000 1136 His
1033 1102 1100 1136 aut
1123 1095 1376 1137 subtrahendi
1399 1103 1492 1137 sunt
1521 1096 1581 1153 ei,
1625 1095 1667 1136 in
1689 1108 1786 1150 quos

211 1167 397 1222 impetum
425 1173 617 1207 conantur
644 1168 799 1218 facere,
848 1169 937 1209 dum
959 1183 1002 1210 se
1022 1169 1094 1224 ipsi
1125 1169 1334 1224 colligant3
1366 1194 1424 1200 —
1461 1170 1552 1225 quid
1575 1176 1638 1211 est
1657 1175 1784 1209 autem

213 1253 257 1281 se
280 1240 405 1296 ipsum
429 1240 631 1295 colligere,
666 1241 742 1282 nisi
768 1242 976 1298 dissipatas
998 1244 1115 1284 animi
1138 1251 1267 1299 partes
1287 1258 1441 1284 rursum
1465 1244 1506 1284 in
1525 1258 1638 1285 suum
1658 1243 1786 1283 locum

212 1315 383 1368 cogere?
411 1337 468 1344 —
510 1323 577 1355 aut
601 1316 763 1369 rogandi
791 1318 1004 1372 orandique
1038 1325 1152 1368 sunt,
1200 1325 1262 1369 ut,
1311 1318 1345 1358 si
1379 1305 1492 1372 quam
1520 1317 1664 1358 habent
1686 1316 1784 1357 ulci-

1639 1389 1784 1432 Defer-

210 1475 375 1503 vescere
394 1470 521 1503 autem
540 1470 646 1503 certe
668 1463 863 1518 significat
883 1465 1063 1506 ardorem
1088 1465 1205 1506 animi
1225 1466 1348 1507 invita
1369 1465 1525 1506 ratione
1546 1465 1778 1506 excitatum.

211 1388 344 1429 scendi
367 1389 445 1428 vim
461 1420 472 1439 ,
514 1389 697 1429 differant
719 1390 758 1429 in
783 1397 934 1446 tempus
960 1392 1085 1442 aliud,
1119 1392 1207 1432 dum
1232 1392 1481 1433 defervescat
1502 1392 1578 1432 ira.

209 1575 352 1619 aliquam
378 1576 660 1619 comparationem
687 1577 893 1621 admittunt).
939 1579 978 1610 V.

210 1628 326 1653 nostra
349 1621 391 1653 ad
414 1623 474 1653 111.
498 1624 557 1661 13,
582 1622 636 1655 27.

280 1669 356 1706 Quis
370 1667 475 1710 homo]
497 1668 617 1699 Versus
633 1668 777 1700 iambici.
814 1669 856 1699 Hi
875 1675 907 1700 et
923 1681 980 1700 se-

213 1719 350 1756 quentes
368 1724 481 1743 versus
497 1724 537 1744 ex
549 1713 638 1744 Accii
654 1718 754 1745 Atreo
779 1714 874 1756 petiti
891 1721 977 1748 sunt.

208 1757 356 1790 Priorem
389 1757 470 1789 dicit
499 1762 722 1800 Agamemno,
758 1759 978 1801 posteriorem

209 1803 392 1835 Menelaus.
449 1803 602 1835 Ceterum
624 1804 732 1836 hiatus
753 1804 977 1836 observandus

208 1855 260 1880 est
291 1853 317 1881 te
347 1859 477 1889 exsup..·
512 1861 609 1892 quem
637 1849 767 1881 sustulit
788 1852 915 1882 Bothz'us
944 1850 978 1881 in

208 1895 317 1926 Poett.
339 1895 460 1926 Scenn.
482 1906 515 1938 p.
533 1894 606 1928 107.
620 1920 627 1934 ,
653 1907 753 1938 quum
773 1895 906 1938 scripsit
930 1897 979 1928 ted

208 1949 273 1971 ατε.

279 1986 503 2026 intorquentur]
530 1986 570 2017 V.
585 1985 755 2018 Adnotata
780 1986 822 2017 ad
842 1987 900 2018 111.
922 1985 977 2028 26,

207 2027 272 2062 63:
298 2033 391 2061 verba
418 2034 602 2070 contorquet.

280 2076 313 2105 in
337 2077 479 2116 fratrem]
506 2076 702 2118 Thyestem.

278 2120 381 2150 Maior
404 2122 479 2151 mihi
502 2124 617 2161 moles,
652 2125 756 2154 maius
786 2124 978 2154 miscendum

210 2165 344 2205 malum]
385 2165 560 2199 Observa.
552 2178 617 2209 -αρ
603 2179 744 2211 estmoe)
770 2175 825 2199 aut
851 2168 978 2199 allitte—

210 2208 395 2245 rationem
433 2220 529 2252 quam
561 2219 704 2251 voca,1nt
739 2224 756 2243 a
780 2217 859 2256 po'e't
849 2226 880 2244 a
903 2213 936 2244 h.
952 2213 976 2244 l.

212 2265 338 2285 summa
364 2253 397 2285 vi
425 2254 466 2285 ad
497 2267 565 2286 rem
599 2264 698 2289 teterz
697 2258 802 2289 imam
833 2258 978 2301 graviter

211 2298 456 2342 depingendam
476 2300 668 2333 adhibitam.
696 2304 736 2334 V.
755 2303 835 2336 adl.
833 2283 906 2341 ⁰35,
920 2303 976 2336 85.

211 2346 333 2376 Versus
358 2352 469 2376 autem
501 2352 577 2376 sunt
606 2346 757 2387 iambici,
793 2360 832 2380 ex
860 2348 976 2380 eadem

209 2389 324 2422 fabula
348 2389 457 2435 petiti.
517 2392 641 2422 Miscere
664 2395 784 2424 malum
810 2393 978 2436 eleganter

210 2435 348 2467 dictum.
387 2435 441 2467 Sic
460 2435 632 2468 Catil.1V.
650 2436 682 2472 3
701 2436 740 2469 6:
768 2450 852 2470 nova
872 2451 976 2482 quae—

209 2481 286 2512 dam
315 2483 438 2512 misceri
465 2488 498 2512 et
526 2481 684 2513 concitari
718 2485 804 2514 mola
837 2483 976 2525 iampri-

209 2526 286 2557 dem
308 2526 471 2557 videbam.
521 2525 671 2558 Ceterum
694 2528 820 2568 Wolfius
841 2529 977 2560 verbum

211 2573 362 2603 miscendi
395 2582 456 2614 per
485 2582 620 2614 zeugma
654 2571 755 2603 etiam
793 2572 835 2603 ad
867 2576 977 2605 molem

213 2616 354 2648 relatum
385 2628 455 2648 esse
485 2624 619 2655 monet3
653 2617 774 2649 malum
800 2618 890 2661 quasi
915 2630 977 2649 ve-

208 2673 331 2693 nenum
354 2661 495 2703 misceri,
519 2662 641 2695 molem
664 2669 774 2695 autem
796 2662 933 2694 moveri.

281 2708 342 2746 Qui
361 2707 460 2750 illius]
483 2710 545 2747 Qui
563 2715 613 2740 est
634 2707 806 2748 ablativus,
827 2714 863 2739 ut
878 2708 976 2740 Corn.

210 2751 297 2794 Nep.
319 2752 419 2786 Arist.
441 2754 500 2791 ΠΙ,
523 2754 564 2785 2.
588 2758 634 2794 ut,
657 2756 711 2795 qui
730 2756 898 2794 efferretur,
922 2756 977 2785 vix

208 2799 375 2838 reliquerit.
417 2798 459 2831 V.
474 2809 535 2830 nos
554 2797 589 2830 in
609 2800 667 2831 Gr.
681 2800 721 2831 L.
738 2799 768 2843 35.
777 2800 831 2833 3&-
850 2799 932 2831 Not.
946 2798 975 2831 l.

208 2852 242 2883 p.
255 2842 310 2875 57.
331 2842 383 2874 ed.
397 2842 429 2874 2.

247 2929 258 2960 l
276 2887 407 2937 impius]
430 2890 514 2921 Sunt
532 2889 719 2922 tetrametri
737 2888 899 2922 trochaici
919 2900 977 2921 ca-

211 2935 245 2961 ta
260 2931 367 2963 ectici.

1081 1581 1237 1621 hortatur]
1276 1579 1316 1610 D.
1344 1571 1428 1610 coni.
1463 1581 1603 1611 hortatus
1633 1579 1676 1610 ob
1709 1589 1778 1621 seq.

1014 1624 1268 1667 imperfectum·
1305 1630 1339 1656 at
1360 1635 1516 1667 praesens
1548 1623 1638 1668 quod
1660 1624 1781 1667 appel-

1014 1670 1101 1701 latur
1112 1670 1303 1701 historicum
1316 1669 1416 1712 longe
1428 1669 1695 1721 frequentissime
1707 1681 1781 1701 cum

1012 1715 1210 1762 impeilecto
1236 1714 1421 1757 copulatur
1465 1716 1504 1746 V.
1526 1726 1586 1747 nos
1605 1715 1639 1746 in
1664 1715 1703 1746 L.
1720 1715 1778 1746 Gr.

1014 1761 1043 1803 ςῐ.
1060 1758 1132 1793 140.
1151 1766 1169 1784 a
1189 1761 1313 1793 Nono.
1335 1771 1368 1801 p.
1382 1759 1459 1792 362.
1481 1759 1532 1790 ed.
1547 1760 1580 1791 2.

1081 1806 1281 1847 Mandarem}
1311 1805 1365 1836 Sic
1385 1803 1502 1848 optimi
1521 1803 1616 1836 codd.
1632 1803 1780 1848 itemque

1014 1850 1056 1882 de
1084 1852 1138 1882 Or.
1160 1852 1217 1882 ΙΙΙ.
1239 1852 1301 1888 ὃὸ,
1331 1849 1410 1883 217.
1461 1850 1594 1881 Lucret.
1613 1851 1662 1887 11,
1690 1849 1777 1883 635:

1013 1897 1064 1928 Ne
1079 1898 1236 1927 Saturnus
1252 1907 1325 1927 eum
1340 1897 1435 1927 malis
1446 1896 1613 1927 mandaret
1625 1894 1777 1936 adeptus.

1015 1944 1070 1973 Or.
1094 1953 1121 1973 c.
1145 1941 1223 1984 vulg
1257 1940 1363 1973 edidit
1393 1942 1594 1980 manderem,
1627 1947 1664 1972 ut
1685 1940 1777 1983 Virg.

1015 1985 1299 2030 Georg.111,·.26>32
1321 1985 1423 2017 dixit:
1447 1988 1542 2018 malis
1565 1988 1703 2018 membra
1723 1989 1779 2018 ab·

1011 2043 1129 2064 sumere
1152 2039 1185 2064 et
1208 2031 1302 2063 Ovid.
1324 2033 1406 2063 Met.
1426 2031 1513 2070 XV,
1534 2029 1599 2063 92:
1630 2033 1779 2063 mandere

1011 2088 1104 2110 saevo
1127 2080 1258 2110 vulnera
1291 2079 1388 2109 dente.
1448 2076 1514 2108 lllis
1536 2075 1669 2118 quidem
1696 2075 1780 2108 locis

1012 2124 1149 2155 verbum
1182 2124 1354 2154 mandendi
1380 2122 1598 2166 aptissimum
1611 2128 1682 2159 est3
1717 2121 1778 2153 sed

1012 2168 1044 2200 h.
1062 2168 1082 2200 l.
1104 2168 1210 2200 multo
1245 2167 1428 2210 elegantius
1459 2173 1493 2199 et
1520 2166 1623 2209 magis
1644 2167 1778 2210 poetice

1015 2213 1135 2245 dicitur
1157 2216 1251 2245 malis
1273 2215 1436 2245 mandare.

1081 2261 1165 2298 Quid
1189 2263 1231 2291 est
1252 2261 1353 2298 enim,
1376 2259 1451 2300 quo]
1478 2258 1520 2289 H.
1537 2268 1567 2289 e.
1591 2258 1687 2289 Denn
1711 2268 1777 2289 was

1011 2304 1102 2347 giebt
1135 2316 1190 2346 es,
1223 2306 1328 2336 wohin
1363 2303 1448 2347 (quo)
1483 2303 1544 2334 der
1574 2305 1663 2335 Zorn
1694 2304 1778 2335 nicht

1011 2353 1116 2382 ebenso
1137 2353 1207 2382 weit
1230 2351 1305 2392 (non
1322 2349 1440 2390 eodem)
1466 2348 1628 2388 schreite,
1650 2350 1700 2380 als
1717 2350 1777 2379 wie

1008 2398 1090 2427 ueit.
1135 2394 1239 2427 Acad.
1262 2396 1304 2426 H.
1331 2392 1390 2428 17:
1424 2396 1508 2434 quod
1537 2396 1619 2426 idem
1643 2393 1778 2425 contin-

1011 2441 1056 2483 git
1082 2440 1213 2472 insanis.
1257 2436 1508 2477 Divin.1‚45:
1532 2440 1615 2479 quod
1638 2440 1721 2470 idem
1741 2437 1775 2468 iu

1011 2485 1142 2517 delectu
1175 2484 1325 2517 consules
1358 2484 1548 2516 observant.
1602 2482 1666 2514 Off.
1685 2484 1710 2521 Ι,
1734 2482 1774 2516 ’7.

1011 2541 1105 2570 quam
1126 2532 1256 2562 eandem
1274 2549 1319 2554 —-
1337 2528 1574 2572 benignitatem
1592 2546 1637 2552 —-
1655 2527 1775 2579 appel-
1816 2545 1818 2547 -

1010 2575 1071 2606 laii
1091 2574 1358 2607 licet.Lael.1e:
1384 2584 1474 2614 quem
1491 2575 1622 2606 eundem
1641 2572 1755 2615 sapien

1011 2626 1079 2651 tem
1101 2620 1179 2651 licet
1200 2619 1321 2652 dicere.

1069 2668 1168 2696 exisse
1177 2666 1214 2696 de
1223 2663 1383 2707 potestate]
1393 2663 1446 2694 Cf.
1454 2673 1551 2705 supra
1561 2663 1604 2694 ad
1613 2664 1670 2694 111.
1680 2664 1713 2701 5,
1727 2662 1775 2695 11.

1078 2709 1132 2742 Τό.
1152 2710 1317 2750 Archytae]
1342 2708 1377 2740 C.
1394 2707 1436 2740 de
1450 2708 1532 2751 Rep.
1547 2709 1573 2747 1,
1590 2708 1645 2742 323.
1664 2707 1776 2740 Valer.

1010 2753 1145 2786 Maxim.
1163 2755 1218 2786 IV.
1237 2754 1266 2786 l.
1283 2759 1349 2785 ext.
1367 2752 1382 2786 1
1397 2765 1403 2784 z
1429 2753 1629 2785 Tarentinus
1643 2753 1773 2796 Archy·
1832 2788 1834 2790 ,

1009 2806 1080 2839 tas,
1106 2798 1183 2830 dum
1204 2810 1239 2830 se
1260 2798 1467 2842 Pythagorae
1491 2798 1677 2842 praeceptis
1699 2799 1776 2830 Me·—

1011 2843 1144 2887 taponti
1166 2843 1298 2886 penitus
1321 2844 1499 2887 immergit,
1521 2855 1642 2887 magno
1662 2843 1791 2875 labore‘·

1012 2889 1046 2922 lo
1027 2901 1179 2933 ongoque
1201 2896 1353 2932 tempore
1375 2889 1518 2922 solidum
1541 2901 1624 2933 opus
1647 2888 1777 2921 doctri-

1013 2946 1075 2967 nae
1112 2934 1325 2980 complexus,
1362 2941 1538 2979 postquam
1569 2934 1604 2967 in
1636 2933 1777 2978 patriam
1809 2932 1819 2953 ¹
