1859 3149
537 62 707 97 mam
733 63 775 98 u.
801 61 866 104 21,
891 62 947 97 50.
973 61 1039 104 22,
1061 62 1117 97 51.
1138 42 1194 96 52.
1587 56 1672 100 159

65 146 314 191 temnendam
351 145 597 203 magistram.
660 150 734 186 50.
770 144 905 200 Atque
938 145 1004 186 ille
1041 159 1121 187 non
1153 145 1415 188 immoderate
1451 160 1594 202 magno
1627 148 1669 190 in

64 221 226 265 dolore:

227 299 418 344 Ηείίιιέΐε,
454 299 576 336 tenete
589 326 598 343 ‚
634 296 817 347 opprimit
848 296 974 336 ulmis.

225 372 404 420 Numito,
439 374 512 411 leen
543 373 724 412 miseram
755 374 838 409 me!
870 372 1093 411 ‹²xerucior.

64 445 208 505 Incipit
229 447 329 490 labi:
363 447 506 488 deinde
536 446 627 487 ilico
659 445 827 486 desinit:

227 547 287 554 —-
318 525 492 576 Operile,
527 523 718 562 abscedite
733 553 742 569 ,
778 521 853 562 ι’άηι
885 524 959 560 iam

230 600 406 640 Mittite!
436 613 521 638 nam
548 599 757 637 [turdelam
789 599 826 635 1²!
856 597 1001 649 ‹sauss-12

289 676 446 714 Saevum
477 674 727 726 amplgstcdlt's
757 674 940 711 dolorem.

69 749 265 802 Videsne,
298 756 338 790 ut
364 747 607 790 obmutuerit
628 762 705 788 non
730 747 891 788 sedatus
912 747 1108 802 corporis,
1138 748 1207 789 sod
1229 748 1447 804 castigatus
1468 752 1587 794 animi
1606 754 1674 795 do-

70 826 157 868 lor?
202 823 342 880 Itaque
359 824 398 865 in
418 823 613 865 extu-einis
629 821 786 878 Niptris
806 823 905 863 ulios
925 837 1082 878 quoque
1101 823 1299 879 obiurgat,
1337 825 1453 881 idque
1471 829 1671 872 moriens:

233 903 427 954 Conquere‘
442 898 648 954 sonzinum
679 902 879 938 adem-sam
897 930 906 946 ‚
943 903 1016 938 mite
1050 901 1259 942 lamnam-2¹
1287 905 1404 942 decet.

233 962 281 1016 I‘d
308 978 387 1015 viri
413 983 470 1015 est
500 976 566 1029 off
568 977 681 1016 icium
696 992 708 1013 :
731 977 855 1028 μείης
885 976 1068 1015 'tuthelam'
1095 979 1249 1027 ingenio
1280 978 1466 1018 άιΙιίιῚηεΙ.

71 1052 201 1111 Hujus
228 1050 347 1093 animi
372 1065 461 1106 pars
485 1050 550 1091 illu
576 1050 733 1091 mollior
756 1050 900 1090 rationi
922 1050 979 1090 sic.
1008 1051 1163 1106 paruit,
1212 1059 1253 1093 ut
1276 1066 1422 1094 severo
1448 1055 1678 1111 imperatori

70 1128 183 1170 miles
216 1127 382 1183 pudens.

183 1199 329 1243 XXII.

69 1293 143 1322 nos
173 1278 329 1334 quidem
353 1276 522 1319 vidimus
555 1275 779 1326 nemineni3
824 1276 892 1316 sed
920 1276 1240 1332 philosophorum
1270 1280 1505 1332 sententiis,
1550 1284 1677 1337 qualis

392 1207 463 1242 51.
499 1199 546 1241 ln
580 1215 657 1256 quo
684 1215 782 1240 vcro
815 1200 891 1240 erit
917 1202 1092 1256 perfecta
1119 1202 1338 1256 snpientia,
1386 1205 1521 1259 (quem
1547 1207 1675 1249 adhuc

71 1354 134 1396 hic
163 1355 318 1395 futurus
339 1352 413 1403 sit,
452 1351 493 1401 ,si
511 1351 627 1392 modo
647 1350 856 1405 aliquando
877 1352 992 1392 l'ut’rit
1008 1385 1018 1403 ‚
1067 1353 1329 1408 exponitum)
1352 1355 1384 1395 is
1405 1355 1548 1409 igitur,
1590 1359 1678 1401 sive

71 1444 121 1473 ea
144 1429 274 1480 ratio,
308 1440 410 1483 quae
434 1426 509 1467 erit
536 1426 574 1467 in
598 1440 646 1467 eo
675 1428 851 1482 perlecta
878 1434 995 1482 atque
1020 1428 1223 1478 absoluta,
1259 1429 1315 1470 sic
1346 1430 1397 1471 illi
1426 1432 1528 1486 pai-li
1555 1433 1679 1490 inipe-

69 1505 174 1548 rabit
194 1504 400 1555 inferiori,
437 1510 478 1543 ut
499 1502 626 1543 iustus
652 1516 796 1558 parcns
823 1503 956 1559 probis
979 1503 1094 1546 liliis:
1130 1511 1252 1556 nutu,
1287 1506 1389 1560 quod
1418 1508 1548 1560 volet,
1582 1525 1679 1552 con-

71 1580 199 1632 ficiet,
244 1578 352 1620 nullo
377 1577 542 1630 labore,
589 1577 694 1619 nulla
719 1578 925 1629 molestiag
972 1579 1100 1633 eriget
1128 1579 1211 1635 ipse
1235 1594 1303 1632 se,
1348 1583 1581 1636 suscitabit,
1617 1587 1678 1628 in-

71 1661 225 1707 struet,
258 1653 449 1705 armabit,
484 1660 551 1705 ut,
586 1660 772 1709 tanquam
802 1653 928 1704 hosti,
963 1654 1019 1695 sic
1047 1654 1214 1696 obsistat
1239 1655 1383 1698 dolori.
1449 1656 1563 1712 Quae
1589 1669 1682 1704 sunt

72 1731 149 1773 ista
181 1730 323 1786 ¹arma?
384 1726 625 1780 Contentio‚
674 1730 922 1770 confirmatio
954 1744 1166 1785 sermoque
1205 1731 1391 1784 intimus,
1440 1748 1557 1788 quum
1596 1736 1681 1792 ipse

74 1820 234 1848 secum:
280 1801 391 1847 Cave
416 1811 530 1861 turpe
553 1804 785 1860 quicquam,
820 1805 1072 1859 languidum,
1108 1820 1185 1845 uon
1213 1806 1344 1847 virile.

1409 1814 1480 1849 52.
1523 1809 1682 1853 Obver-

73 1888 213 1924 sentur
235 1880 390 1938 species
416 1880 610 1922 honestae
631 1880 741 1923 viro:
791 1879 905 1921 Zeno
929 1888 1172 1936 proponatur
1192 1879 1379 1935 Eleates,
1428 1885 1492 1939 qui
1517 1900 1680 1943 perpes-

333 1933 509 1950 v*

77 1990 219 2025 aliorum
239 1990 365 2034 scripta
389 2001 430 2022 eo
452 1996 606 2033 tempore
620 2015 627 2026 ,
665 2000 731 2033 quo
754 1999 794 2021 ex
819 1988 858 2020 iis

76 2037 170 2071 locus
190 2037 234 2081 nb
258 2036 371 2080 aliquo
395 2036 555 2074 affertur,
580 2034 690 2067 adhuc
713 2041 857 2066 exstant.

79 2083 132 2117 Cf.
153 2094 214 2116 nos
233 2082 269 2115 in
291 2083 349 2115 Gr.
374 2083 414 2114 L.
440 2081 559 2127 §.102
584 2081 664 2114 Not.
679 2082 711 2114 2.
734 2092 766 2124 p.
785 2081 858 2114 153.

78 2129 132 2162 ed.
153 2130 187 2163 2.
354 2155 359 2162 .

149 2177 197 2209 Tu
221 2174 358 2216 quoque]
394 2172 439 2205 Hi
463 2184 596 2217 quoque
621 2179 655 2205 et
681 2179 859 2218 sequentes

80 2233 196 2255 versus
220 2228 299 2252 suut
323 2218 536 2263 anapaestici.

150 2267 205 2302 50.
230 2268 378 2307 Retinete,
401 2265 512 2310 tenete]
535 2266 616 2298 Post
635 2264 858 2310 compositum

79 2313 222 2347 verbum
249 2319 380 2345 veteres
402 2316 525 2356 poetae
556 2312 688 2357 saepius
715 2312 860 2356 simplici

80 2366 238 2397 utuntur,
277 2365 313 2391 ut
336 2359 386 2391 vis
409 2358 496 2391 illius
521 2357 564 2390 ad
587 2359 654 2392 hoc
666 2359 860 2404 *pertin—eat.

81 2406 195 2452 Eurip.
213 2405 332 2438 Bacch.
348 2403 452 2440 1063:
479 2405 639 2449 κατῆγεν,
653 2405 749 2451 ἦγεν,
776 2405 859 2450 ἦγεν

83 2451 143 2492 εἰς’
158 2452 261 2497 μέλαν
284 2450 394 2486 πέδον.

152 2501 276 2541 Operite
309 2517 354 2522 —-
380 2500 449 2530 iam
482 2499 564 2540 iam*¹
607 2497 760 2530 Alterum
794 2500 862 2530 iam

83 2544 262 2578 delendum
285 2543 430 2582 videtur,
454 2543 502 2576 ita
525 2551 572 2585 ut,
598 2544 639 2576 ab
662 2543 758 2577 initio
783 2555 862 2576 ver-

83 2602 138 2624 sus
161 2591 266 2624 verbo
287 2593 402 2632 operite
424 2589 569 2630 iterato,
603 2602 717 2623 versus
741 2602 863 2623 nume-

84 2637 192 2670 rosior
215 2637 392 2670 decurrat:

144 2681 148 2686 “
172 2684 309 2726 Operite,
329 2683 465 2724 operite,
491 2684 669 2724 abscedite,
694 2684 770 2716 ia'm.

87 2727 230 2762 Ultimus
251 2740 383 2762 versus:
423 2731 560 2762 Saevom
582 2749 628 2754 -—-
653 2731 792 2762 dolorem
811 2736 863 2762 est

88 2775 324 2817 paroemiacus.

159 2822 329 2864 conqueri]
364 2822 450 2854 Sunt
479 2821 670 2854 tetrametri
698 2821 862 2854 trochaici

89 2864 286 2899 mtalectici.
592 2903 596 2910 ,

155 2912 258 2945 Huius
274 2914 391 2956 animi]
415 2913 460 2946 H.
476 2925 506 2946 e.
531 2912 638 2946 Ulixis
661 2912 775 2946 animi.

156 2959 247 2990 miles
276 2959 414 3004 pudens]
463 2957 674 3003 ,,Δίδῆμων,
711 2965 864 2992 metuens

84 3001 380 3048 reprehensionem
408 3011 511 3057 atque
531 3005 616 3039 iram
636 3004 863 3049 imperatoris.

896 1989 993 2021 Hanc
1031 1989 1267 2023 verecundiam
1311 1992 1473 2026 militibus
1513 1995 1680 2031 Homerus

895 2035 1039 2079 iuiungit
1072 2035 1106 2067 ll.
1128 2048 1154 2074 ν,
1181 2037 1263 2070 1“.”,’ῑ
1291 2034 1364 2072 ἀλλ’
1387 2038 1420 2073 ἐν
1445 2042 1550 2084 φρεσὶ
1573 2044 1681 2079 Βέσὸε

897 2080 1041 2121 {mom
1063 2081 1151 2117 αἰδῶ
1173 2082 1232 2117 καὶ
1252 2083 1397 2128 νέμεσιν.
1420 2087 1680 2133 Sall.1ug.7,4:

895 2127 1001 2159 multo
1033 2127 1148 2160 labore
1178 2130 1350 2174 multaque
1372 2144 1468 2173 cura,
1505 2144 1682 2179 praeterea

894 2176 1131 2207 modestissume
1163 2179 1308 2216 parendo
1342 2185 1376 2209 et
1409 2191 1509 2224 saepe
1547 2183 1682 2216 obviam

895 2219 1006 2253 eundo
1039 2221 1194 2265 periculis
1226 2222 1260 2256 in
1285 2230 1415 2257 tantam
1447 2227 1682 2262 claritudinem

894 2274 1133 2311 pei·venerat.“

968 2313 1047 2345 cip.
1065 2314 1178 2346 XXII.
1206 2310 1260 2348 5¹1.
1287 2319 1352 2350 sice
1375 2328 1413 2350 ea
1430 2320 1528 2365 ratio]
1555 2322 1593 2354 In
1616 2325 1682 2356 sive

896 2359 980 2392 haec
1003 2360 1086 2392 latet
1108 2361 1155 2392 vis
1171 2373 1176 2392 :
1203 2363 1279 2394 oder
1294 2366 1446 2398 vielleicht
1462 2369 1500 2399 ist
1516 2378 1547 2400 es
1569 2371 1680 2408 bessem

896 2417 987 2438 werin
1009 2408 1058 2440 ich
1079 2417 1165 2448 saye.
1211 2408 1335 2442 Plene:
1372 2414 1438 2444 sive
1462 2412 1488 2444 is
1510 2413 1591 2457 ipse,
1616 2417 1681 2446 sive

894 2455 1001 2494 potius
1026 2465 1064 2485 ea
1086 2453 1173 2485 ratio
1196 2461 1259 2487 etc.
1312 2456 1363 2488 Cf.
1389 2459 1446 2490 ΙΙΙ.
1471 2459 1521 2498 ΙΝ,
1541 2458 1595 2492 41.
1622 2460 1678 2499 21,

898 2499 952 2532 51.
971 2507 1054 2531 extr.
1080 2500 1121 2530 V.
1137 2511 1197 2531 nos
1212 2500 1243 2532 in
1261 2502 1409 2536 Gramm.
1423 2505 1498 2536 Lar.
1516 2505 1633 2544 6.157‚
1647 2508 1679 2537 2.

967 2556 1065 2586 quum
1088 2548 1154 2586 ipse
1178 2548 1299 2592 secum]
1336 2550 1376 2580 V.
1399 2544 1569 2582 Adnotuta
1595 2550 1630 2582 in
1653 2551 1679 2583 Ι.

897 2590 964 2630 38,
990 2595 1051 2624 212:
1077 2603 1145 2623 non
1172 2593 1273 2625 modo
1298 2597 1375 2636 ipse.

967 2638 1021 2670 52.
1059 2639 1268 2671 obversentur
1288 2644 1405 2681 species
1426 2643 1570 2674 honestae
1594 2641 1678 2686 viro]

898 2682 954 2715 Sic
989 2695 1061 2715 cum
1095 2686 1250 2725 Treqdero
1283 2686 1402 2730 scripsi
1434 2698 1452 2718 e
1487 2687 1680 2721 coniectura
1711 2697 1714 2702 '

897 2740 959 2773 pro
985 2729 1074 2773 vulg.
1102 2732 1138 2763 O.
1161 2741 1185 2762 s.
1207 2732 1237 2763 h.
1262 2735 1380 2764 animo.
1427 2731 1480 2764 Ad
1505 2732 1681 2774 coniectu—

897 2787 968 2808 ram
1003 2783 1175 2819 receptam
1205 2776 1332 2809 ducunt
1360 2785 1478 2820 aperte
1502 2786 1680 2822 praestan-

898 2821 1017 2854 tissimi
1047 2822 1166 2861 codd.,
1205 2823 1260 2865 qui
1290 2834 1351 2865 pro
1386 2826 1494 2856 animo
1520 2825 1680 2860 exhibent

897 2878 981 2902 veru.
1030 2869 1140 2908 Quum
1164 2879 1244 2899 vera
1267 2868 1316 2899 vis
1340 2869 1495 2902 vocabuli
1518 2874 1588 2905 viro
1610 2885 1680 2907 non

898 2920 993 2946 recte
1029 2921 1119 2946 esset
1151 2921 1332 2956 percepta,
1375 2915 1474 2948 facile
1507 2917 1679 2952 abundare

899 2959 1007 2992 videri
1028 2959 1141 3004 potuit
1162 2958 1196 2990 in
1222 2959 1358 3004 eiusque
1378 2961 1492 2995 locum
1521 2964 1680 2999 substitui

899 3007 1028 3045 animo,
1054 3004 1102 3037 uti
1118 3004 1240 3047 legitur
1259 3017 1312 3049 ap.
1332 3006 1409 3040 Liv.
1428 3007 1483 3051 35,
1500 3008 1561 3044 11:
1588 3011 1678 3046 cau-
