1859 3117
564 45 710 79 INDEX
735 43 895 78 RERUM
919 44 978 78 ET
1002 43 1237 77 NOMINUM.

111 132 231 164 Aetates
248 128 398 173 singulae
413 126 584 172 quomodo
604 126 695 170 apud
714 125 884 158 Romanos

157 174 359 208 constitutae
381 173 516 206 fuerint.
542 174 567 205 Ι.
590 172 646 211 39,
671 168 726 206 94.

114 224 222 264 Agere.
257 222 295 254 ld
311 230 422 264 agam,
445 218 489 252 ad
507 218 575 252 hoc
592 217 776 257 attendam,
801 220 886 250 alias

155 276 207 300 res
227 276 343 309 agere,
375 277 445 298 non
469 265 657 298 attendere.
694 265 719 296 Ι.
744 263 801 303 20,
826 261 883 296 46.

156 314 242 346 Nihil
259 322 364 355 agere,
379 310 464 344 nihil
480 309 629 350 efficere,
651 319 789 354 operam
808 319 884 353 per-

154 358 246 391 dere.
271 359 314 391 11.
334 357 389 398 25,
413 356 469 391 61.

108 407 238 447 Ayilare
259 403 389 437 scilicet
408 407 519 436 mente.
544 403 586 436 V.
609 401 664 441 23,
689 400 745 436 66.

109 453 281 493 Agnoscere
304 456 339 482 et
360 459 552 492 cognoscere.
577 450 604 481 Ι.
625 447 680 488 24,
706 449 761 481 ὀὸ.

110 498 183 530 Ain’
201 498 262 529 tu?
285 496 327 529 V.
344 494 397 537 12,
421 496 477 530 35.

109 544 287 584 Aliquando
309 552 372 586 pro
394 540 541 574 tandem.
567 542 592 573 1.
615 541 644 580 1,
672 541 701 573 1.

110 589 277 629 Aliquanto
304 595 340 621 et
361 589 562 629 aliquantum
585 585 664 631 quid
683 584 883 630 significent.

154 634 198 666 11.
218 634 274 674 27,
298 632 354 668 66.

110 681 234 721 Aliqui,
261 691 334 712 cum
350 678 563 712 substantivo
582 679 743 719 iunctum,
770 683 805 710 ut
824 679 884 710 ali-

153 728 209 767 qui
230 729 332 760 timor.
357 726 414 758 lv.
442 725 493 765 16,
518 725 574 759 36.

110 774 259 813 Aliquid,
293 782 346 805 res
376 771 511 804 maximi
542 770 724 810 momenti,
769 772 885 812 aliquis

156 817 307 897 eximius4
318 816 458 862 aliquis,
497 823 532 850 ut
550 828 670 861 graece
690 816 744 856 τὶς
777 822 811 849 et
840 816 882 850 τί.

154 864 179 896 1.
205 863 259 904 20,
308 864 340 897 5.

107 911 229 950 Aliquis
247 909 423 942 dicatume
443 920 507 954 pro
528 911 613 942 alius
634 911 714 951 quis.
749 909 807 942 111.
832 906 883 949 14,

105 1002 292 1035 Allilleralio
307 1013 361 1047 ap.
374 1001 531 1046 antiquos
550 1005 681 1045 poetas.
712 1002 735 1033 Ι.
751 999 806 1040 35,
828 1001 884 1034 85.

111 1049 209 1080 Ambo
228 1054 262 1080 et
282 1050 392 1081 ambos
411 1047 629 1081 accusativus.
655 1048 680 1079 I.
704 1045 760 1086 46,
787 1045 859 1080 110.

109 1095 159 1126 An
189 1104 322 1138 semper
340 1093 557 1127 referendum
588 1100 641 1126 est
674 1092 717 1126 ad
744 1098 883 1125 antece-

156 1137 291 1172 dentem
310 1139 621 1184 interrogationem.
645 1140 670 1171 I.
691 1138 744 1178 17,
768 1138 824 1172 39.

109 1185 158 1217 An
194 1197 256 1229 pro
286 1196 394 1220 annon
414 1186 562 1230 positum
586 1185 728 1219 videtur.
766 1185 825 1217 111.
852 1186 882 1224 1,

157 1231 186 1264 1.
224 1233 280 1264 lV.
303 1234 359 1273 22,
384 1233 438 1266 50.
487 1235 537 1266 Αη
563 1232 597 1265 in
623 1229 837 1264 conclusione
863 1243 883 1263 a

153 1276 284 1310 minore
305 1277 350 1310 ad
372 1278 488 1310 maius.
515 1279 555 1310 V.
583 1276 635 1318 14,
660 1276 715 1310 42.
748 1276 802 1316 32,
825 1277 881 1311 90.

154 1325 203 1356 An
226 1323 261 1356 in
285 1324 515 1368 responsione.
541 1325 582 1356 V.
609 1324 661 1364 12,
685 1323 740 1356 35.

110 1370 333 1403 Anacolulhia.
372 1370 463 1411 Quid
484 1370 526 1402 de
545 1382 583 1402 ea
603 1367 818 1402 statuendum
839 1368 882 1400 sit

153 1414 186 1447 in
223 1415 392 1448 Ciceronis
423 1416 467 1448 de
501 1416 622 1460 philos.
645 1414 748 1448 libris.
775 1416 800 1449 1.
827 1415 879 1454 13,

153 1462 210 1495 30.
248 1463 289 1494 ΙΙ.
313 1462 343 1503 1,
367 1461 401 1496 3.

108 1508 335 1541 Anacoluthiae
367 1519 471 1551 genus
494 1507 674 1552 frequens,
709 1517 776 1551 quo
808 1506 881 1550 pri-

152 1564 242 1586 mum
261 1552 485 1587 nominativus
505 1554 648 1587 nominis
667 1553 797 1598 positus
819 1559 880 1592 est,

155 1598 233 1632 dein
254 1599 393 1632 verbum
406 1626 415 1641 ,
452 1600 544 1645 quod
565 1600 716 1633 dativum
744 1598 799 1631 vel
821 1610 879 1631 ac·-

151 1644 336 1678 cusativum
353 1646 502 1691 requirit,
523 1646 683 1692 sequitur.
704 1646 764 1678 111.
778 1643 812 1686 8,
827 1644 879 1679 16.

105 1687 401 1727 Ἀνανταπόδοτον.
426 1694 487 1725 ΙΙΙ.
513 1692 565 1733 17,
591 1691 646 1726 36.

95 1733 223 1770 'Anima
242 1744 275 1770 et
294 1740 431 1772 animus.
456 1741 481 1772 Ι.
494 1737 527 1780 9,
550 1738 602 1773 19.
637 1737 690 1770 Cf.
708 1738 733 1770 Ι.
747 1736 805 1780 38,
823 1735 878 1770 91.

106 1783 215 1816 Animt'
235 1783 366 1817 divisio.
391 1786 434 1817 ΙΙ.
455 1785 521 1825 21,”
535 1782 592 1819 47.

106 1829 216 1862 Animi
237 1829 397 1873 pendere.
418 1831 477 1863 IV.
501 1828 554 1868 16.
578 1829 634 1863 35.

107 1877 260 1908 Animum
284 1878 501 1917 comprimere.
534 1876 578 1908 ΙΙ.
596 1875 661 1916 22,
687 1873 742 1908 53.
801 1876 878 1907 Ani-

152 1931 241 1954 mum
260 1923 424 1955 advertere
440 1923 574 1964 aliquid.
599 1922 640 1954 V.
660 1920 716 1962 23,
740 1919 797 1955 65.

106 1967 243 2000 Animus
265 1966 346 2011 quid
365 1967 541 2012 significet.
564 1968 608 2000 II.
631 1966 686 2008 22,
712 1966 766 2001 53.

104 2013 240 2045 Animus
259 2019 294 2046 et
313 2022 411 2047 mens.
435 2015 495 2046 ΙΙΙ.
516 2014 550 2055 5,
576 2012 629 2046 10.

105 2060 341 2092 Annominalio.
363 2060 423 2092 ΙΙΙ.
445 2060 502 2100 27,
526 2057 583 2094 64.

105 2107 289 2146 Anquirere.
309 2105 369 2139 IV.
392 2105 449 2145 21,
472 2103 528 2142 47.

106 2151 206 2184 Ante:
238 2152 360 2193 aliquot
383 2155 455 2185 ante
475 2162 577 2185 annos
607 2158 642 2184 et
666 2153 786 2194 aliquot
806 2155 877 2184 ante

148 2198 253 2230 annis.
276 2197 303 2229 Ι.
326 2197 359 2238 2,
384 2195 416 2230 4.

106 2244 230 2275 Anteire
249 2241 348 2275 alicui
369 2242 481 2288 aliqua
502 2255 548 2276 re.
574 2244 600 2276 Ι.
625 2243 658 2284 3,
683 2245 716 2277 5.

104 2289 331 2329 Applicuerunt
349 2300 412 2333 pro
435 2289 600 2334 applicav.
624 2290 666 2323 V.
687 2288 753 2330 27,
777 2288 833 2324 77.

107 2334 271 2375 Appositio
295 2335 362 2367 toti
391 2335 616 2369 enuntiationi
638 2335 796 2369 adiuncta
820 2346 881 2379 per

151 2378 378 2413 accusativum
394 2381 550 2415 nominis.
576 2384 602 2415 Ι.
615 2379 671 2423 43,
694 2381 768 2415 102.
815 2384 881 2422 Ap-

147 2427 263 2466 positio
289 2426 418 2459 nomini
450 2427 590 2473 proprio
612 2427 804 2472 praemissa.
837 2428 879 2459 V.

151 2470 206 2511 32,
217 2470 273 2504 90.
297 2474 459 2514 Αρροείιίο
476 2473 621 2507 nominis
634 2473 723 2506 urbis
738 2485 767 2506 c.
779 2484 878 2517 prae-

153 2527 228 2560 pos.
247 2515 381 2559 iuncta,
416 2525 472 2551 ut:
510 2519 746 2561 Clazomenas,
769 2522 803 2552 in
818 2529 881 2560 pa—

149 2564 258 2595 triam.
279 2563 307 2595 Ι.
324 2559 382 2605 44,
408 2562 483 2598 104.

107 2609 226 2650 Aplus.
264 2610 387 2642 Orator
406 2613 501 2651 aptus
521 2610 566 2644 ad
587 2610 778 2643 dicendum.
804 2611 828 2643 1.
847 2609 880 2650 3,

150 2656 185 2688 5.
209 2674 254 2680 —
277 2666 320 2687 ex
341 2655 452 2700 aliqua
471 2668 518 2689 re.
543 2657 584 2689 V.
609 2655 662 2697 12,
686 2654 742 2690 36.

107 2701 204 2742 Apud
225 2706 261 2733 et
282 2702 327 2734 ad
353 2702 506 2735 Romam.
531 2703 588 2736 IV.
611 2702 667 2743 22,
691 2699 748 2737 49.

108 2747 220 2786 Artes,
239 2745 415 2781 doctrinae
439 2748 494 2780 vel
514 2747 720 2793 disciplinae.
743 2749 768 2781 1.
794 2750 824 2789 1,
851 2749 880 2782 1.

107 2792 280 2825 Ascendere
301 2798 337 2824 et
357 2796 530 2828 escendere.
560 2795 586 2826 Ι.
608 2793 674 2834 29,
699 2794 754 2829 71.

108 2838 242 2878 Assequl
259 2842 294 2869 et
309 2842 463 2873 nancisci.
477 2841 513 2878 ἼΙ.
534 2837 590 2879 43,
617 2839 693 2873 103.

111 2884 290 2924 Asyndeton
323 2882 358 2916 in
392 2885 600 2928 gradatione.
647 2886 691 2917 11.
725 2883 787 2924 16,
822 2884 878 2917 37.

156 2929 297 2968 Asvnd„
330 2940 431 2973 quum
455 2927 544 2965 nova
566 2929 751 2974 disputatio
778 2929 878 2961 insti-

154 2974 268 3007 tuitur.
292 2974 334 3007 ΙΙ.
356 2975 412 3015 21,
437 2974 491 3009 47.
541 2978 659 3017 Asynd.
682 2975 714 3008 in
740 2981 878 3008 contra-

1613 30 1697 76 345

967 125 1093 158 riorum
1116 125 1280 157 iunctura.
1307 124 1347 158 V.
1369 121 1426 164 39,
1454 121 1528 157 114.
1579 124 1631 157 Cf.
1654 126 1697 157 11.

966 174 997 209 2,
1021 172 1051 204 5.
1087 172 1146 204 111.
1168 170 1222 210 21,
1244 169 1298 204 51.
1332 170 1371 202 V.
1391 168 1447 209 23,
1470 166 1528 203 64.
1577 172 1697 211 Asynd.

966 217 1000 249 iu
1019 216 1120 250 duob.
1143 216 1331 250 coniunctis
1352 214 1535 248 vocabulis.
1561 215 1698 257 1.4‚7.·‚

968 263 1000 295 in
1031 263 1136 296 tribus
1166 269 1224 296 aut
1245 261 1397 306 pluribus
1421 261 1617 295 coniunctis.
1655 263 1697 295 V.

968 307 1022 349 14,
1047 308 1102 342 41.
1151 310 1272 350 Asynd.
1295 308 1437 341 duorum
1457 307 1699 341 adiectivorum

967 354 1022 386 uni
1044 354 1255 387 substantivo
1277 354 1484 387 subiunctor.
1520 355 1562 386 11.
1584 353 1618 395 9,
1643 354 1697 388 21.

969 401 1008 431 V.
1031 401 1096 441 21,
1121 399 1176 434 61.
1225 402 1346 440 Asymi.
1371 400 1510 433 duarum
1538 400 1695 434 enuntia—

967 446 1110 479 tionum.
1134 448 1192 478 111.
1215 447 1267 487 15,
1292 445 1347 480 33.

923 494 962 525 At
992 491 1132 525 inservit
1164 491 1371 525 conclusioni
1405 503 1465 536 per
1492 492 1699 536 assumptio—

967 549 1056 571 nem.
1081 540 1139 571 ΙΙΙ.
1166 538 1199 578 7,
1227 538 1278 571 15.

925 586 962 617 At
982 587 1065 617 enim
1087 582 1187 628 (ἀλλὰ
1208 581 1301 627 γάρ).
1327 584 1366 615 V.
1394 583 1446 625 16,
1472 582 1525 619 47.

921 632 1019 672 Atque
1044 632 1109 674 (ac)
1133 629 1306 675 quomodo
1335 629 1472 662 differat
1504 642 1523 663 a
1545 640 1626 673 que,
1661 635 1699 664 el.

965 678 990 709 Ι.
1015 674 1072 717 40,
1095 676 1151 711 95.
1200 678 1300 718 Atque
1323 676 1388 720 (ac)
1412 676 1444 708 vi
1466 678 1598 710 auctiva
1621 678 1699 722 (he-

965 721 1035 755 beti
1057 722 1194 766 ingenio
1214 727 1307 764 alque
1330 721 1449 763 nullo).
1476 724 1518 755 V.
1542 723 1595 765 15,
1619 725 1673 757 45.

920 770 1021 811 Atque
1043 769 1108 813 (ac)
1131 769 1310 802 transitum
1333 767 1375 800 ad
1396 780 1467 800 rem
1489 780 1609 802 novam
1633 780 1697 802 no-

964 822 1028 848 tat.
1053 816 1110 847 ΙΙΙ.
1138 815 1191 856 13,
1215 817 1270 848 2ὅ.
1304 815 1361 847 lv.
1390 814 1443 856 12,
1467 815 1521 849 27.

920 863 1021 904 Atque
1045 861 1293 894 adversativum
1315 867 1349 892 et
1370 864 1468 902 alqui.
1495 863 1554 894 111.
1575 861 1608 903 2,
1633 860 1665 895 4.

920 909 1087 948 Alcmena,
1109 920 1172 952 qua
1184 906 1385 952 pronomina
1403 906 1447 939 ad
1460 919 1600 952 sequens
1615 909 1697 941 sub-

966 953 1150 986 stantivum
1181 952 1498 994 accommodantur,
1533 965 1634 998 quum
1664 955 1698 987 in

965 1000 1115 1044 genitivo
1131 1000 1288 1045 ponenda
1304 998 1443 1040 fuerint,
1459 1006 1495 1032 ut
1509 1012 1514 1030 :
1535 1001 1612 1033 haec
1623 1003 1696 1042 pul·

964 1049 1107 1080 chriludo
1141 1057 1224 1090 pro:
1261 1045 1378 1078 harum
1411 1057 1521 1078 rerum
1543 1046 1695 1090 pulchri-

965 1093 1060 1127 tudo.
1091 1094 1116 1126 Ι.
1146 1092 1199 1133 19,
1224 1090 1278 1126 45.

922 1142 1093 1180 Αἱιναοτίο,
1150 1150 1215 1183 qua
1254 1137 1444 1171 subiectum
1481 1138 1698 1173 secundariae

965 1185 1202 1218 enuntiationis
1241 1185 1277 1216 fit
1313 1184 1483 1217 obiectum
1519 1185 1698 1229 pn'mariae

964 1230 1225 1272 enuntiationis,
1270 1237 1324 1263 ut:
1373 1234 1456 1264 nosti
1499 1233 1698 1273 Marcellum,

962 1289 1061 1320 quam
1089 1279 1203 1311 tardus
1237 1279 1294 1318 sil,
1333 1288 1416 1321 pro:
1453 1287 1550 1319 quam
1582 1280 1698 1312 tardus

961 1326 1129 1357 Marcellus
1151 1326 1202 1356 sit.
1229 1324 1253 1355 Ι.
1277 1321 1333 1364 24,
1358 1322 1414 1357 56.

917 1371 1092 1411 attractio,
1130 1381 1194 1413 qua
1219 1380 1408 1413 pronomen
1434 1369 1608 1403 relativum
1631 1381 1694 1415 ge-

963 1427 1024 1448 nus
1052 1427 1147 1448 suurn
1176 1426 1245 1447 non
1277 1415 1320 1447 ad
1345 1415 1597 1457 antecedentis,
1633 1418 1695 1450 sed

960 1462 1133 1506 sequentis
1147 1461 1352 1494 substantiviv
1365 1473 1469 1504 genus
1488 1462 1692 1497 conformat.

962 1509 986 1540 Ῐ.
1012 1509 1065 1549 10,
1087 1507 1142 1541 20.
1180 1505 1237 1548 24,
1261 1508 1316 1541 55.
1352 1509 1409 1540 IV.
1437 1507 1490 1549 10,
1515 1508 1572 1543 23.

914 1554 1069 1587 Attractio
1102 1553 1155 1585 in:
1192 1555 1240 1585 his
1275 1553 1352 1586 dico
1376 1556 1506 1595 litteris,
1539 1567 1602 1598 pro
1636 1558 1695 1589 has

961 1599 1038 1633 dico
1060 1602 1198 1639 litteras,
1223 1599 1503 1643 praecedentibus
1524 1601 1691 1634 ablativis.

961 1646 1001 1678 V.
1026 1645 1082 1686 36,
1110 1645 1184 1679 105.

916 1693 1068 1724 Alci-aelio
1097 1691 1150 1724 in:
1188 1695 1217 1724 te
1247 1690 1402 1736 suspicor
1431 1691 1550 1725 iisdem
1582 1693 1694 1736 rebus,

961 1737 1080 1782 quibus
1102 1747 1151 1770 me
1172 1740 1297 1779 ipsum,
1321 1738 1453 1781 gravius
1475 1742 1692 1774 commoveri.

960 1785 986 1816 1.
1011 1783 1064 1824 17,
1089 1782 1144 1818 39.

915 1831 1080 1870 Αἰίνασιίο,
1100 1841 1164 1874 qua
1186 1829 1373 1862 enuntiatio
1394 1832 1531 1863 relativa
1552 1831 1691 1865 confor—

959 1882 1070 1908 matur
1103 1875 1147 1908 ad
1180 1875 1446 1909 enuntiationem
1481 1876 1545 1908 sibi
1576 1878 1693 1912 subie-

960 1929 1060 1955 ctam.
1083 1922 1110 1954 1.
1133 1919 1190 1963 34,
1214 1924 1270 1955 (54.

914 1970 1040 2009 Audio,
1076 1967 1131 2000 ubi
1165 1968 1238 2012 quis
1262 1967 1398 2001 alterius
1419 1968 1623 2002 sententiam
1657 1983 1694 2004 se

959 2014 1105 2058 probare
1124 2012 1268 2048 simulat.
1294 2015 1337 2047 ΙΙ.
1359 2015 1414 2055 20,
1439 2012 1496 2048 46.

915 2062 1035 2094 Audire
1056 2060 1165 2101 male,
1188 2059 1296 2101 bene,
1321 2056 1457 2096 ἀκούειν
1477 2061 1614 2102 κακῶς,
1640 2055 1691 2098 εὖ.

944 2108 1000 2139 'V.
1024 2104 1081 2146 40,
1107 2106 1184 2139 116.
1232 2107 1354 2139 Audire
1380 2116 1439 2148 ex,
1473 2108 1533 2149 de,
1566 2111 1607 2141 ab
1631 2111 1692 2142 ali-

958 2162 1030 2194 quo.
1056 2153 1114 2184 111.
1141 2148 1194 2192 14,
1218 2151 1274 2185 30.

916 2199 979 2231 Aut
1001 2216 1045 2222 —
1069 2201 1126 2230 aut
1148 2209 1388 2242 nonnunquam
1419 2198 1510 2232 dicta
1535 2199 1693 2234 videntur

961 2255 1024 2288 pro
1052 2245 1174 2284 partim
1198 2263 1241 2268 —
1263 2246 1394 2285 parlim.
1430 2245 1456 2276 1.
1482 2247 1513 2286 1,
1540 2245 1570 2280 1.
1628 2249 1693 2280 Aul

960 2288 1064 2322 semel
1087 2289 1246 2333 positum.
1273 2291 1299 2322 1.
1316 2290 1349 2331 3,
1369 2290 1401 2323 5.

916 2337 1030 2369 Autem
1062 2346 1304 2379 nonnunquam
1336 2347 1399 2379 pro
1433 2339 1516 2369 enim
1544 2338 1691 2382 positum

959 2381 1115 2423 videtur,
1139 2388 1177 2413 ut
1199 2380 1238 2417 δὲ
1258 2393 1320 2426 pro
1341 2380 1419 2425 γάρ.
1456 2383 1529 2424 112,
1555 2383 1586 2417 3.

916 2429 1030 2461 Autem
1051 2427 1152 2460 tertia
1174 2427 1254 2460 sede
1275 2427 1436 2471 positum.
1460 2429 1488 2460 I.
1513 2429 1569 2470 27,
1593 2428 1648 2463 66.

917 2475 1030 2507 Autem
1049 2473 1189 2506 inservit
1207 2472 1415 2514 transitioni,
1450 2480 1484 2506 et
1504 2486 1604 2519 saepe
1633 2475 1692 2516 ita,

963 2526 1000 2551 ut
1033 2519 1276 2552 sententiarum
1309 2530 1431 2552 nexum
1466 2519 1690 2564 interruptum

962 2571 1105 2609 repetat.
1130 2566 1155 2598 I.
1181 2565 1234 2606 18,
1255 2563 1310 2597 42.

916 2613 1029 2645 Autem
1052 2622 1152 2655 saepe
1176 2609 1395 2643 continuandi
1416 2610 1483 2643 vim
1506 2611 1621 2652 habet,
1644 2611 1692 2643 ita

961 2657 1109 2701 quidem,
1129 2662 1166 2688 ut
1180 2655 1404 2700 interruptam
1427 2655 1613 2689 orationem
1633 2668 1690 2689 re—

960 2709 1079 2735 sumat.
1104 2703 1132 2734 1.
1152 2701 1208 2742 21,
1233 2699 1290 2734 49.

915 2750 1188 2787 Autem=ilem,
1212 2749 1325 2787 eliam,
1347 2752 1508 2788 praeterea
1530 2760 1604 2781 cum
1624 2759 1689 2794 op—

960 2791 1135 2837 positionis
1155 2792 1307 2824 notione.
1332 2793 1358 2823 I.
1381 2791 1438 2833 33,
1461 2792 1517 2826 80.

916 2841 1028 2872 Autem
1044 2837 1185 2870 inservit
1205 2837 1366 2870 orationis
1386 2837 1577 2881 gradationi
1597 2840 1687 2874 indi-

962 2883 1107 2924 candae,
1141 2889 1178 2914 ut
1199 2882 1357 2927 explicari
1378 2883 1486 2927 possit
1507 2896 1585 2929 per:
1622 2889 1686 2921 im..

957 2932 1090 2970 primis,
1114 2929 1252 2962 demum.
1279 2930 1334 2960 IV.
1356 2930 1390 2969 2,
1414 2930 1448 2963 5.

917 2978 1000 3009 Aveo
1020 2973 1153 3015 audire,
1177 2974 1271 3007 scire.
1296 2976 1321 3007 Ι.
1345 2976 1378 3016 Η,
1408 2976 1456 3009 16.
