1843 3101
199 41 284 85 278
725 56 896 90 LIBER
919 58 961 92 v.
985 56 1024 101 6,
1051 57 1169 103 17.7,
1195 61 1248 96 18.

204 129 309 186 Quid
325 134 452 176 vero?
481 133 604 187 illum,
638 149 751 190 quem
771 136 993 180 libidinibus
1011 139 1290 183 inflammatum
1309 150 1349 184 et
1367 143 1561 186 furentem
1577 145 1772 200 videmus,

201 206 333 248 omnia
352 207 486 249 rabide
510 215 757 264 appetentem
791 225 878 252 cum
906 212 1133 268 inexplebili
1156 216 1392 271 cupiditate,
1438 233 1593 275 quoque
1617 222 1777 264 affluen-

202 279 281 321 tius
314 281 534 336 voluptates
565 284 733 339 undique
770 285 950 339 hauriat,
997 301 1044 330 eo
1077 290 1236 344 gravius
1257 291 1535 349 ardentiusque
1559 287 1773 349 sitientem,

205 367 336 395 nonne
360 363 467 396 recte
490 357 751 400 miserrimum
777 360 954 402 dixeris?
1013 361 1146 417 Quid?
1178 364 1302 406 elatus
1321 366 1386 407 ille
1407 367 1568 410 levitate
1590 369 1776 426 inanique

201 427 348 468 laetitia
367 430 571 472 exsultans
594 438 633 472 et
652 439 801 475 temere
823 437 997 490 gestiens
1019 453 1149 479 nonne
1170 446 1277 480 tanto
1298 440 1499 494 miserior,
1533 451 1677 497 quanto
1700 445 1775 486 sibi

199 501 354 542 videtur
380 503 562 545 beatior?
621 505 729 562 Ergo
746 541 757 559 ,
792 516 831 550 ut
853 510 888 550 lii
910 512 1058 563 miseri,
1093 513 1149 553 sic
1172 520 1309 554 contra
1329 514 1381 554 illi
1405 515 1523 568 beati,
1558 531 1656 572 quos
1678 519 1774 559 nulli

198 582 325 616 metus
350 583 524 630 terrent,
560 580 688 622 nullae
712 584 976 637 aegritudines
1001 587 1197 639 exedunt,
1232 587 1361 629 nullae
1384 589 1564 632 libidines
1590 591 1772 645 incitant,

199 649 328 690 nullae
363 651 492 693 futiles
526 653 697 697 laetitiae
723 658 970 700 exsultantes
1007 660 1200 716 languidis
1221 662 1474 717 liquefaciunt
1494 665 1772 719 voluptatibus.

198 721 250 764 Ut
272 725 390 766 maris
413 726 533 781 igitur
555 731 813 785 tranquillitas
836 733 1089 788 intelligitur,
1124 736 1229 777 nulla
1251 751 1299 777 ne
1324 738 1483 778 minima
1503 739 1657 793 quidem
1678 754 1775 781 aura

195 796 336 839 fluctus
364 811 660 856 commovente,
707 806 764 846 sic
800 807 918 848 animi
955 807 1109 863 quietus
1142 817 1182 850 et
1213 811 1387 866 placatus
1425 819 1549 853 status
1582 814 1771 868 cernitur,

196 886 310 926 quum
341 876 580 929 perturbatio
611 879 713 919 nulla
744 887 828 932 est,
874 896 948 936 qua
987 883 1137 923 moveri
1166 892 1296 938 queat.
1370 892 1437 926 17.
1473 885 1587 940 Quod
1623 888 1655 928 si
1693 896 1770 941 est,

194 946 257 1000 qui
281 947 359 988 vim
379 950 580 1002 fortunae,
627 953 689 1006 qui
712 954 841 994 omnia
865 955 1055 1007 bumana,
1100 970 1200 1010 quae
1221 957 1359 1012 cuique
1391 960 1569 1001 accidere
1590 970 1769 1016 possunt,
1827 1001 1830 1006 .

192 1020 409 1062 tolerabilia
439 1024 576 1077 ducat,
623 1041 677 1068 ex
703 1042 778 1082 quo
802 1041 874 1068 nec
899 1028 1015 1069 timor
1038 1043 1150 1081 eum,
1188 1045 1260 1071 nec
1286 1046 1411 1087 angor
1432 1034 1618 1089 attingat,
1651 1036 1773 1077 idem-

194 1107 292 1148 que,
326 1097 357 1135 si
384 1097 478 1138 nihil
503 1101 778 1156 concupiscat,
812 1102 918 1142 nulla
945 1103 1133 1144 efferatur
1160 1106 1279 1146 animi
1302 1107 1409 1148 inani
1433 1108 1648 1164 voluptate,
1681 1110 1772 1165 quid

193 1174 275 1219 est,
321 1184 392 1210 cur
424 1171 457 1212 is
484 1187 562 1214 non
584 1174 724 1216 beatus
749 1176 825 1217 sit?
869 1184 908 1217 et
935 1177 968 1218 si
994 1177 1090 1219 haec
1116 1179 1261 1222 virtute
1288 1181 1530 1234 efficiuntur,
1579 1184 1669 1238 quid
1693 1192 1768 1237 est,

193 1255 264 1283 cur
294 1243 419 1285 virtus
450 1246 535 1302 ipsa
566 1263 636 1303 pcr
665 1264 708 1291 se
741 1265 819 1290 non
851 1251 992 1292 efficiat
1020 1252 1184 1294 beatos?

304 1316 400 1358 VII.
461 1320 518 1361 Α.
552 1321 674 1377 Atqui
702 1324 866 1365 alterum
893 1325 967 1365 dici
990 1341 1068 1366 non
1090 1334 1239 1381 potest,
1287 1329 1378 1383 quin
1399 1329 1450 1380 ii,
1486 1330 1549 1385 qui
1573 1331 1668 1372 nihil
1687 1346 1766 1374 me·

191 1396 324 1442 tuant,
358 1392 453 1433 nihil
475 1403 690 1449 angantur,
726 1398 819 1438 nibil
845 1400 1147 1453 concupiscant,
1183 1402 1288 1443 nulla
1309 1403 1513 1458 impotenti
1535 1405 1684 1446 laetitia
1706 1421 1770 1448 ec-

191 1463 394 1518 ferantur,
440 1467 543 1509 beati
566 1470 667 1522 sint,
711 1472 843 1526 itaque
868 1473 905 1512 id
930 1473 995 1513 tibi
1023 1476 1224 1527 concedo3
1267 1477 1430 1518 alterum
1454 1485 1584 1520 autem
1609 1479 1685 1520 iam
1710 1481 1770 1522 in-

191 1543 344 1592 tegrum
382 1555 461 1582 non
500 1551 575 1584 est.
649 1543 930 1601 Superioribus
969 1549 1072 1589 enim
1109 1550 1434 1605 disputationibus
1472 1553 1652 1594 effectum
1691 1562 1767 1606 est,

1269 1631 1336 1666 18.
1372 1626 1436 1667 M.
1469 1626 1666 1668 Nimirum
1698 1629 1771 1684 igi-

190 1692 254 1726 tur
269 1689 449 1730 confecta
466 1704 531 1732 res
552 1699 635 1744 est,
667 1694 823 1736 videtur
841 1696 944 1736 enim
962 1698 1008 1737 ad
1029 1697 1176 1738 exitum
1193 1698 1351 1740 venisse
1371 1702 1564 1754 quaestio.
1598 1702 1652 1744 Α.
1670 1702 1770 1744 Pro-

189 1762 393 1814 pemodum
414 1763 453 1805 id
475 1765 645 1820 quidem.

189 1848 268 1876 non
292 1844 353 1878 est
374 1838 707 1895 philosophorum.
768 1843 872 1885 Nam
894 1852 1122 1900 geometrae
1142 1860 1258 1901 quum
1278 1847 1420 1902 aliquid
1446 1849 1589 1891 docere
1613 1851 1764 1904 volunt,

191 1625 336 1654 vacare
370 1616 474 1656 omni
505 1618 622 1658 animi
649 1622 941 1675 perturbatione
971 1625 1203 1678 sapientem.

708 1769 773 1811 M.
805 1768 1076 1811 Veruntamen
1099 1772 1458 1815 mathematicorum
1482 1775 1557 1816 iste
1580 1791 1665 1818 mos
1689 1785 1766 1829 est,

261 1952 336 1990 quid
359 1954 472 1996 vero?]
499 1955 539 1986 V.
562 1955 604 1987 ad
624 1954 680 1989 IV.
699 1957 740 1990 3⁴2
754 1983 762 1997 ‚
788 1956 842 1991 68.

249 1996 464 2041 liquefaciunt]
483 2001 587 2043 Supra
602 2003 657 2034 IV.
673 2001 723 2038 17,
745 2003 868 2046 princ.:
890 2006 962 2036 ala-

191 2041 299 2072 oritate
313 2043 396 2081 sutili
409 2047 538 2083 gestiens
551 2049 739 2088 deliquescit.
774 2050 815 2080 ΙΙ.
831 2052 884 2087 22,
899 2050 959 2081 52:

997 1958 1052 1991 Sic
1072 1959 1106 1991 h.
1125 1959 1147 1992 l.
1176 1961 1238 1993 dici
1266 1972 1328 1994 non
1350 1965 1462 2006 potest,
1484 1965 1559 2004 quin
1579 1963 1668 1996 idem
1693 1965 1765 1998 fere

997 2011 1066 2044 est,
1092 2005 1201 2049 quod:
1227 2008 1366 2039 dubitari
1389 2019 1451 2040 non
1472 2013 1588 2050 potest,
1612 2013 1697 2051 quin.

1062 2053 1222 2092 impotenti
1250 2052 1384 2096 laetitia]
1423 2054 1464 2085 H.
1487 2066 1514 2086 e.
1545 2055 1643 2096 laet.,
1680 2068 1764 2100 quae

193 2085 365 2127 voluptate
382 2089 577 2128 liquescimus
596 2092 789 2137 fluimusque
808 2094 960 2126 mollitia.

261 2134 360 2163 maris
384 2137 609 2180 tranquillitas]
637 2139 755 2171 Caesar
780 2141 813 2170 B.
840 2141 880 2171 G.
902 2141 959 2180 ΙΙΙ,

196 2174 254 2207 15;
289 2177 427 2210 malacia
451 2187 484 2211 et
504 2183 725 2226 tranquillitas
751 2185 874 2227 (maris)
900 2197 961 2217 ex—

194 2219 288 2254 stitit.
328 2223 436 2255 Etiam
453 2226 567 2258 Senec.
582 2240 633 2271 ep.
647 2229 702 2264 67.
719 2231 782 2262 hoc
798 2231 961 2264 vocabulo

195 2276 269 2298 usus
302 2274 362 2300 est.
421 2270 547 2303 Graece
579 2281 628 2304 est
663 2276 831 2317 μαλακία,
871 2276 960 2320 quod

195 2311 306 2344 Aurel.
328 2313 445 2346 Victor
465 2315 506 2347 de
528 2317 588 2348 vir.
610 2318 654 2350 ill.
679 2332 707 2352 c.
723 2324 777 2353 22.
798 2321 960 2353 imitando

195 2358 358 2400 expressit
370 2371 429 2403 per
440 2364 599 2394 mollitiem
613 2368 721 2396 maris.
768 2367 884 2399 Festus
899 2368 959 2399 ud-

196 2409 293 2435 notat
323 2404 410 2437 hanc
432 2407 597 2448 μαλακίαν
625 2410 713 2451 apud
739 2411 876 2444 Latinos
907 2413 963 2443 ‹li-

196 2454 282 2480 ctam
309 2462 378 2482 esse
399 2453 531 2493 flustra,
555 2464 663 2494 orum,
689 2466 787 2497 quum
816 2457 848 2488 in
881 2459 962 2490 mari

194 2493 311 2526 fluctus
334 2508 399 2528 non
424 2505 609 2530 moventur.

265 2540 316 2574 17.
343 2552 381 2574 ex
401 2544 475 2584 quo]
501 2555 580 2587 pro:
605 2547 650 2576 ila
672 2549 715 2577 ut.

260 2587 416 2630 idemque]
442 2588 673 2632 Repetendum
693 2597 743 2622 est
763 2594 835 2632 qui,
860 2604 958 2635 ergo:

193 2633 247 2671 qui
269 2633 363 2664 idem.

267 2676 343 2708 cip.
363 2679 434 2710 VII.
471 2681 534 2713 dici
556 2692 617 2714 non
635 2685 743 2722 potest,
768 2682 857 2723 quin]
885 2681 957 2714 Sic:

196 2731 259 2753 non
277 2725 407 2765 i9noro,
428 2728 521 2766 quin,
546 2730 656 2767 neyari
677 2738 738 2765 mm
754 2731 863 2768 potest,
886 2730 962 2767 quin

197 2765 330 2807 dicitur,
354 2780 454 2813 quum
472 2783 523 2803 res
544 2771 733 2804 dubitanter
752 2773 959 2812 enuntiatur-5

198 2819 314 2844 contra
333 2816 537 2848 accusativus
557 2829 583 2849 c.
600 2817 661 2851 inf.
682 2818 837 2861 sequitur,
862 2830 960 2862 quum

197 2867 250 2888 res
272 2865 329 2890 aut
349 2871 439 2900 esse,
465 2868 523 2894 aut
541 2862 643 2895 fuisse
655 2889 663 2904 ‚
689 2870 745 2895 aut
764 2864 876 2896 futura
890 2876 960 2896 esse

197 2899 392 2943 simpliciter
424 2907 623 2941 enuntiatur.
680 2909 778 2941 Plura
810 2909 960 2942 dedimus

196 2943 231 2978 in
245 2946 389 2981 Gramm.
400 2951 440 2983 L.
454 2954 482 2996 §.
496 2950 570 2987 143.
585 2954 666 2986 Not.
677 2953 709 2987 3.
732 2967 765 2998 p.
776 2954 852 2989 381.
866 2954 917 2987 ed.
928 2956 961 2988 2.

996 2096 1179 2140 imperare,
1205 2104 1392 2141 temperare
1419 2098 1481 2131 sibi
1506 2111 1573 2133 non
1594 2108 1719 2145 potest.

1063 2147 1217 2183 inteyricnz
1239 2154 1301 2175 non
1324 2146 1381 2186 est]
1408 2146 1448 2176 V.
1474 2145 1516 2177 ad
1540 2158 1566 2178 c.
1586 2147 1650 2186 21,
1676 2147 1731 2180 62.

1067 2190 1118 2220 15.
1144 2199 1360 2228 quavecunque
1382 2200 1447 2222 rem
1470 2193 1582 2224 habent
1602 2194 1636 2224 in
1657 2195 1766 2226 mani-

996 2232 1065 2276 bus]
1091 2233 1145 2265 Sic
1167 2245 1284 2276 graece
1307 2234 1392 2278 ἔχειν
1415 2235 1447 2269 ἐν
1469 2236 1594 2280 χερσίν.

1064 2280 1226 2318 disputata
1247 2279 1332 2322 sunt]
1358 2281 1397 2311 V.
1422 2281 1465 2312 ad
1485 2283 1544 2313 ΙΙΙ.
1566 2281 1605 2323 9,
1634 2282 1685 2316 18.

1064 2327 1119 2356 hoc
1133 2327 1171 2356 sit
1184 2326 1382 2368 consequens]
1407 2327 1537 2359 Mutata
1551 2334 1602 2359 est
1616 2334 1767 2361 constru-

999 2369 1086 2407 cti03
1111 2370 1204 2413 sequi
1226 2370 1312 2402 enim
1337 2371 1496 2404 debebat:
1523 2374 1580 2406 hoc
1601 2378 1676 2406 esset
1693 2385 1766 2407 con-

997 2425 1124 2455 sequens
1150 2434 1189 2438 —
1216 2419 1357 2448 contenta
1386 2421 1481 2458 esset,
1514 2421 1576 2451 m'si
1605 2421 1766 2451 honestum

997 2462 1080 2500 quod
1095 2464 1188 2499 esset,
1214 2463 1292 2493 nihil
1305 2464 1394 2494 aliud
1410 2467 1485 2495 esset
1500 2466 1624 2496 bonum.
1649 2464 1764 2496 Oratio

997 2512 1109 2537 autem
1129 2505 1176 2537 ita
1199 2506 1408 2539 conformata
1430 2515 1489 2547 est,
1515 2520 1554 2540 ac
1575 2508 1603 2540 si
1625 2509 1763 2541 verbum

995 2551 1075 2582 dicet
1095 2550 1254 2582 insertum
1277 2559 1375 2584 esset.
1421 2553 1496 2584 Hoc
1516 2553 1636 2585 modo:
1661 2559 1687 2586 et
1708 2555 1764 2587 di-

997 2601 1069 2634 cet,
1094 2598 1248 2635 quomodo
1270 2598 1326 2629 hoc
1346 2599 1385 2629 sit
1407 2608 1592 2639 consequens
1615 2601 1661 2631 illi
1676 2607 1739 2633 etc.

1065 2639 1117 2673 19.
1138 2643 1277 2681 propriis
1296 2646 1323 2673 et
1343 2643 1422 2684 suis]
1450 2643 1491 2674 V.
1513 2643 1555 2675 ad
1578 2645 1602 2675 Ι.
1615 2643 1669 2684 29,
1689 2645 1762 2680 init.

1062 2688 1095 2716 ut
1115 2690 1191 2717 esset
1204 2704 1249 2710 —
1262 2688 1418 2730 armatus]
1445 2687 1679 2722 Coniunctivus
1700 2691 1763 2723 im-

994 2729 1137 2771 perfecti
1160 2730 1286 2773 positus
1307 2738 1358 2763 est
1380 2738 1417 2764 ut
1437 2732 1471 2764 in
1493 2735 1658 2767 sententia
1683 2734 1763 2770 ὑπο·
1798 2770 1800 2774 .

995 2775 1142 2813 ὅετικῶς
1162 2775 1341 2808 enuntiata.
1389 2778 1532 2811 Protasis
1559 2780 1647 2813 enim
1677 2781 1763 2815 latet

994 2819 1027 2851 in
1048 2820 1278 2864 propositione
1299 2821 1437 2856 relativa
1457 2823 1527 2857 hoo‘
1541 2825 1662 2860 modo:
1687 2827 1762 2871 phi-

994 2864 1148 2909 losophia
1171 2866 1367 2909 profitetur,
1394 2869 1620 2912 perfecturam
1639 2883 1686 2912 se,
1712 2879 1759 2913 ut,

994 2913 1022 2943 si
1036 2911 1107 2955 quis
1124 2911 1251 2955 legibus
1266 2912 1331 2944 suis
1347 2914 1520 2957 paruisset,
1545 2917 1572 2949 is
1589 2921 1665 2951 esset
1680 2929 1761 2951 cou-

994 2962 1045 2989 tra
1068 2957 1238 2989 fortunam
1261 2969 1392 3002 semper
1413 2967 1569 2995 armatus.
