1811 3069
137 38 194 80 60

138 127 192 178 (id
214 126 315 168 enim
338 126 481 168 vitioso
504 137 615 165 more
636 123 733 164 effici
759 124 859 164 solet
874 123 906 177 ς)
945 136 1080 164 omnes
1100 129 1230 163 tamen
1255 136 1344 164 esse
1360 121 1441 164 vim
1466 129 1506 164 et
1526 129 1706 164 naturam

139 202 308 243 divinam
331 200 590 249 arbitrantur3
616 211 688 238 nec
707 212 804 238 vero
822 198 859 238 id
878 197 1084 238 collocutio
1108 196 1306 237 hominum
1324 204 1392 237 aut
1411 210 1628 238 consensus
1646 197 1706 237 ef-

137 275 255 327 fecit,
289 289 365 315 non
387 273 574 314 institutis
599 272 728 326 opinio
756 279 816 312 est
841 272 1092 321 confirmata,
1134 284 1213 310 non
1237 270 1414 325 legibu53
1447 270 1552 311 omni
1575 277 1706 311 autem

727 44 944 77 LIBERI.
971 41 1034 84 14,
1058 42 1114 77 31.

136 349 176 390 in
198 362 242 389 re
263 347 470 388 consensio
495 346 665 386 omnium
689 348 860 400 gentium
885 346 951 386 lex
975 351 1137 385 naturae
1159 344 1326 398 putanda
1345 351 1429 396 est,
1446 368 1504 375 —
1533 343 1619 399 quis
1646 350 1707 384 est

137 424 282 478 igitur,
316 421 378 475 qui
406 434 563 460 suorum
589 426 752 459 mortem
774 419 937 473 primum
960 433 1038 459 non
1067 432 1113 459 eo
1138 418 1293 471 lugeat,
1327 418 1429 472 quod
1450 432 1519 459 eos
1545 417 1706 458 orbatos

136 497 241 538 vitae
271 495 481 535 commodis
512 493 750 534 arbitretur?
809 493 926 533 Tolle
957 494 1056 534 hanc
1086 492 1331 548 opinionem3
1364 491 1510 532 luctum
1535 491 1706 532 sustule-

135 571 206 612 ris.
267 567 398 608 Nemo
423 567 525 607 enim
547 573 695 607 maeret
728 581 799 607 suo
828 567 1097 618 incommod03
1144 565 1277 606 dolent
1299 565 1469 605 fortasse
1494 571 1534 606 et
1553 578 1705 619 angun-

136 651 228 694 tur3
261 643 331 683 sed
357 642 422 682 illa
453 640 626 695 lugubris
656 640 882 680 lamentatio
916 640 1105 695 fletusque
1136 653 1317 680 maerens
1339 652 1390 679 ex
1415 651 1462 679 eo
1482 645 1568 689 est,
1600 637 1704 692 quod

135 732 251 768 eum,
293 729 407 771 quem
438 713 671 763 dileximus,
714 712 820 753 vitae
849 714 1060 754 commodis
1092 714 1284 769 privatum
1319 712 1553 753 arbitramur
1587 711 1704 765 idque

134 792 299 834 sentire.

135 880 209 922 que
240 863 432 906 doctrina.

360 789 492 843 Atque
521 787 616 828 haec
644 787 699 828 ita
722 787 910 828 sentimus
943 794 1080 829 natura
1107 788 1226 840 duce,
1272 785 1377 827 nulla
1399 785 1554 827 ratione
1581 784 1706 826 nulla-

246 936 367 979 XlV.
419 942 489 978 51.
521 933 741 976 Maximum
768 949 864 976 vero
891 942 1161 990 argumentum
1193 941 1280 986 est,
1312 941 1490 975 naturam
1512 933 1636 988 ipsam
1656 932 1705 972 de

135 1047 196 1079 per
223 1033 265 1066 ad
287 1039 411 1065 rectam
437 1030 569 1063 (licendi
590 1042 738 1062 normam
764 1031 904 1063 confor-

135 1087 259 1112 matam
281 1090 360 1109 esse.
410 1077 495 1108 Hinc
514 1088 612 1119 saepe
635 1076 760 1108 factum
783 1083 840 1115 est,
866 1083 905 1108 ut

136 1124 295 1159 orationis
318 1131 415 1155 tenor
438 1121 617 1153 interiectis
649 1133 732 1164 quae
763 1122 806 1153 ad
839 1122 903 1153 ali—

138 1171 227 1204 cuius
258 1170 304 1201 rei
324 1168 521 1200 inservirent
541 1166 793 1210 explicationem
823 1179 901 1198 sen-

136 1216 251 1249 tentiis
269 1216 582 1256 interrumperetur,
609 1219 643 1242 et
662 1213 800 1243 alterum
822 1224 903 1244 sen-

135 1262 260 1294 tentiae
283 1260 467 1292 membrum
487 1258 538 1289 vel
561 1257 658 1300 plane
681 1257 901 1298 omitteretur,

135 1308 190 1340 vel
209 1307 271 1338 alia
289 1312 387 1348 atque
409 1315 458 1342 ea,
481 1314 577 1345 quam
595 1303 785 1344 postulabat
801 1314 903 1333 enun-

134 1351 284 1385 tiationis
303 1349 522 1393 principium,
546 1347 720 1379 verborum
742 1359 904 1379 consecu—

135 1399 230 1430 tione
250 1395 494 1428 terminaretur.
543 1393 643 1431 Quod
665 1393 797 1436 quidem
818 1404 903 1435 neg-

134 1442 291 1487 ligentius
324 1438 456 1472 dicendi
488 1450 590 1481 genus
623 1450 699 1470 cave
734 1446 831 1481 putes
863 1449 903 1470 ex

135 1489 336 1531 scriptorum
360 1485 533 1517 oscitantia
555 1491 588 1515 et
606 1483 823 1526 incogitantia
844 1494 904 1515 or-

135 1542 207 1567 tum
231 1544 321 1570 esse3
357 1530 458 1562 immo
482 1540 561 1561 vero
585 1528 728 1561 dubitari
758 1529 813 1560 vix
835 1540 903 1572 po—

135 1586 222 1615 test,
262 1577 338 1620 quin
373 1575 490 1608 summi
523 1574 572 1605 illi
606 1575 784 1618 scriptores
817 1574 903 1605 hanc

135 1623 370 1667 negligentiam
383 1628 454 1652 arte
468 1620 607 1663 quadam
623 1632 660 1651 ac
675 1619 787 1651 dedita
803 1631 903 1662 opera

136 1668 367 1714 quaesiverint,
390 1678 430 1697 eo
450 1666 582 1709 quidem
602 1665 753 1707 consilio,
777 1672 813 1696 ut
827 1665 901 1696 dia-

135 1716 289 1758 logorum
310 1712 474 1744 rationem
508 1710 550 1743 ad
573 1722 761 1742 sermonum
791 1710 902 1753 quales

137 1761 363 1803 colloquentes
393 1757 480 1788 inter
511 1767 546 1787 se
577 1762 735 1799 spargunt
762 1756 902 1786 formam

136 1813 170 1838 et
189 1817 299 1837 veram
319 1810 468 1834 naturam
487 1802 660 1844 fingerent.
709 1801 760 1832 Cf.
783 1800 900 1832 Adno-

136 1858 208 1883 tata
237 1856 351 1881 nostra
380 1849 413 1880 in
436 1849 476 1879 ΙΙ.
499 1849 536 1886 1,
561 1847 593 1880 ὅ.
642 1845 707 1877 Sed
731 1845 901 1877 redeamus

136 1896 179 1928 ad
203 1894 291 1927 rem!
338 1894 440 1924 Huius
464 1892 564 1934 igitur
591 1891 657 1923 loci
681 1891 902 1934 impeditioris

137 1940 302 1973 sententia
336 1938 403 1969 hoc
440 1937 541 1968 modo
578 1936 784 1979 expedienda
818 1936 900 1968 erit:

134 1983 447 2026 „Quemadmodum
469 1982 684 2013 firmissimum
706 1982 771 2013 hoc
791 1981 902 2013 afferri

137 2031 291 2068 videtur,
318 2040 374 2060 cur
398 2028 478 2059 deos
502 2039 572 2058 esse
598 2026 787 2065 credamus,
812 2027 902 2069 quod

136 2087 252 2109 omnes
275 2080 389 2117 gentes
408 2073 475 2104 vim
497 2083 566 2103 esse
589 2078 621 2103 et
641 2078 791 2102 naturam
813 2072 902 2102 divi-

135 2133 213 2153 nam
235 2119 455 2155 arbitr-autum
490 2117 536 2149 ita
560 2117 742 2148 animorum
764 2116 902 2148 immor—

135 2167 301 2198 talitatem
319 2163 434 2195 eadem
447 2163 576 2194 ratione
597 2174 636 2193 ex
654 2161 798 2193 omnium
816 2173 900 2203 gen-

136 2212 221 2243 tium
238 2209 453 2241 consensione
471 2207 611 2250 probare
625 2212 833 2250 possumus.“
859 2208 901 2238 Et

137 2257 186 2289 sic
205 2256 292 2287 infra
313 2266 341 2286 e.
360 2253 411 2293 16,
432 2253 493 2287 ὃῡτ
518 2252 583 2283 Sed
598 2259 634 2283 ut
653 2252 732 2283 deos
749 2263 820 2283 esse
837 2263 900 2283 na—

136 2308 213 2334 tura
232 2300 423 2343 opinamur;
437 2317 481 2322 —
499 2297 546 2330 sic
562 2308 755 2340 permanere
773 2297 900 2328 animos

137 2347 334 2380 arbitramur
357 2355 517 2376 consensu
541 2342 711 2374 nationum
742 2342 898 2374 omnium.

137 2394 242 2425 Porro
264 2390 306 2422 ad
326 2390 425 2421 verba
446 2388 518 2426 ista,
545 2400 627 2431 quae
650 2387 901 2429 Teupzv‘szrtmssg

136 2436 335 2480 interposita
365 2434 526 2474 diximus,
566 2432 655 2476 quod
686 2433 826 2470 attinet,
863 2443 901 2463 ea

137 2483 262 2514 idcirco
285 2494 303 2513 a
325 2480 436 2513 Tullio
458 2479 612 2510 videntur
632 2477 777 2516 inserta,
803 2483 840 2508 ut
859 2477 902 2508 ad

137 2528 194 2567 id,
231 2526 320 2570 quod
352 2525 450 2558 facile
481 2523 641 2567 quispiam
675 2522 902 2555 contradicere

138 2579 265 2617 posset,
287 2570 512 2615 responderet.
551 2569 695 2610 Scilicet,
718 2579 788 2600 esse
808 2567 900 2606 deos,

139 2618 290 2651 omnibus
325 2626 514 2660 persuasum
547 2621 605 2645 est.
643 2633 686 2638 —
723 2616 767 2644 At
803 2612 901 2652 enim,

139 2663 218 2707 quid
239 2669 299 2702 est,
324 2674 379 2694 cur
397 2672 464 2693 non
484 2671 596 2692 omnes
613 2658 763 2691 homines
785 2658 899 2689 eadem

139 2715 286 2740 statuant
316 2707 358 2740 de
390 2706 453 2739 diis
479 2716 656 2748 eorumque
688 2703 830 2735 natura?
860 2721 897 2727 —-

140 2753 225 2791 Quia
255 2764 326 2784 mos
356 2752 410 2784 vel
440 2758 555 2784 natura
580 2749 749 2782 hominum
780 2748 900 2780 vitiosa

139 2797 193 2828 vel
208 2798 402 2839 imperfecta
423 2803 482 2829 est.
521 2794 684 2838 Quicquid
702 2794 802 2837 igitur
819 2805 899 2824 sen-

139 2841 227 2873 tiunt
249 2843 396 2874 homines
418 2842 461 2874 de
485 2841 620 2874 deorum
644 2846 780 2878 natura,
819 2837 901 2871 illud

140 2892 229 2918 certe
254 2897 367 2918 omnes
390 2887 612 2925 arbitrantur,
637 2895 700 2918 esse
722 2887 817 2925 deos;
838 2895 901 2916 ne-

141 2943 205 2976 que
226 2942 306 2964 vero
329 2932 410 2964 hacc
441 2932 483 2964 de
513 2931 574 2965 diis
601 2930 769 2976 persuasio
792 2928 900 2963 collo-

938 1030 1071 1064 cutione
1091 1031 1262 1063 hominum
1283 1036 1340 1063 aut
1363 1040 1525 1063 consensu
1547 1027 1702 1068 efficitur,

937 1088 1044 1120 neque
1068 1076 1228 1108 institutis
1262 1083 1295 1108 et
1318 1076 1444 1119 legibus
1470 1073 1703 1112 confirmatur;

937 1122 996 1154 sed
1018 1123 1063 1154 ita
1083 1122 1251 1159 sentimus,
1278 1128 1394 1153 natura
1417 1120 1510 1160 duce,
1535 1119 1627 1152 nulla
1645 1130 1704 1151 ra—

937 1167 1029 1199 tione
1053 1167 1206 1210 nullaque
1229 1166 1392 1198 doctrina.

1006 1215 1041 1244 id
1059 1214 1154 1254 enim]
1180 1212 1321 1255 Supplex
1342 1220 1438 1252 neque
1450 1212 1484 1242 id
1498 1210 1704 1252 mirandum,-

937 1258 971 1289 id
1006 1257 1093 1289 enim
1127 1265 1190 1289 etc.
1247 1258 1288 1289 V.
1314 1257 1483 1289 Adnotata
1510 1255 1545 1286 in
1574 1254 1614 1294 6,
1651 1253 1703 1287 11.

939 1303 1052 1335 Paullo
1075 1309 1152 1346 post
1177 1312 1342 1335 consensus
1367 1309 1416 1334 est
1437 1299 1622 1339 sententia,
1662 1299 1706 1331 de

939 1360 1001 1391 qua
1023 1355 1221 1380 conventum
1245 1354 1295 1379 est
1315 1347 1403 1379 inter
1423 1345 1594 1384 homines,
1620 1355 1707 1376 con-

937 1393 1063 1433 ventio,
1088 1400 1241 1436 pactum,
1268 1389 1434 1434 συνξῐήκη.
1480 1391 1587 1423 Aliam
1603 1389 1706 1433 igitur

936 1438 970 1470 h.
988 1439 1010 1471 1.
1033 1439 1098 1470 vim
1122 1438 1241 1478 habet,
1267 1445 1366 1481 atque
1385 1437 1473 1469 infra
1495 1448 1522 1469 c.
1539 1436 1598 1475 15,
1622 1435 1679 1469 55.

1004 1487 1072 1525 quis
1092 1488 1134 1516 est
1155 1485 1264 1525 igilur]
1292 1482 1484 1515 Sententiae
1506 1480 1554 1513 sic
1585 1492 1621 1512 se
1641 1491 1706 1512 ex-

938 1529 1083 1573 cipiunt:
1110 1529 1266 1561 Omnibus
1292 1527 1479 1561 hominibus
1505 1526 1548 1558 de
1571 1525 1704 1558 animo-

936 1587 1009 1606 rum
1042 1575 1292 1607 immortalitate
1324 1584 1515 1616 persuasum
1546 1578 1607 1603 est.
1665 1571 1705 1603 Id

937 1627 1075 1663 apparet
1097 1632 1136 1651 ex
1160 1631 1198 1651 eo
1213 1645 1220 1658 ‚
1242 1619 1331 1662 quod
1360 1619 1394 1650 in
1417 1617 1568 1650 omnibus
1593 1616 1705 1660 genti-

936 1666 995 1697 bus
1016 1677 1114 1697 nemo
1136 1665 1309 1708 reperitur,
1331 1664 1385 1707 qui
1405 1674 1539 1696 suorum
1559 1668 1704 1694 mortem

936 1722 1005 1742 non
1028 1721 1068 1742 eo
1091 1711 1222 1753 lugeat,
1260 1709 1349 1753 quod
1372 1721 1429 1741 eos
1455 1708 1590 1741 orbatos
1612 1707 1703 1740 vitae

938 1755 1120 1788 commodis
1140 1755 1327 1787 arbitretur.
1370 1753 1516 1786 Credunt
1528 1753 1629 1795 igitur
1640 1753 1702 1785 ho-

935 1801 1061 1841 mines,
1108 1800 1301 1832 amissorum
1332 1799 1419 1831 vitae
1452 1797 1703 1830 commodorum

936 1859 1067 1878 sensum
1091 1846 1132 1878 ad
1154 1853 1301 1877 mortuos
1323 1845 1512 1888 pertinere,
1536 1850 1635 1887 atque.
1651 1843 1701 1876 ita

935 1892 1062 1924 animos
1092 1898 1170 1934 post
1192 1897 1334 1923 mortem
1356 1900 1560 1933 permanere.
1608 1890 1702 1928 Quae

937 1937 1049 1980 opinio
1072 1936 1134 1968 nisi
1154 1936 1188 1968 in
1207 1936 1376 1968 hominum
1397 1934 1513 1966 animis
1534 1934 1701 1974 haereret,

937 1983 979 2014 ob
1003 1989 1151 2014 mortuos
1174 1981 1351 2013 maximum
1371 1980 1464 2012 illum
1488 1979 1613 2011 luctum
1633 1990 1702 2011 nou

935 2028 1151 2071 susciperent.

1000 2076 1139 2113 primum
1154 2083 1216 2105 ‘nort
1236 2082 1269 2104 eo
1289 2074 1404 2113 lugeat,
1425 2071 1521 2112 quod]
1546 2070 1624 2102 Non
1645 2080 1703 2101 se-

936 2118 1046 2161 quitur
1066 2120 1195 2158 deinde,
1219 2117 1403 2160 interrupta
1423 2115 1591 2154 oratione,
1617 2126 1701 2159 quae

934 2163 981 2194 sic
1002 2162 1139 2200 orditur,
1165 2174 1203 2193 ac
1225 2162 1253 2193 si
1274 2169 1448 2205 sequatur:
1471 2162 1594 2201 deinde,
1615 2161 1700 2201 quod

933 2218 1014 2247 eum,
1039 2218 1129 2248 quem
1148 2209 1325 2245 dileximus,
1349 2209 1431 2238 vitae
1448 2207 1619 2238 commodis
1633 2208 1701 2246 pri-

932 2257 1042 2285 vatum
1065 2262 1095 2283 se
1118 2254 1249 2292 sentire,
1272 2254 1469 2283 arbitremur.
1515 2251 1555 2284 V.
1579 2250 1700 2282 Adno-

933 2304 1004 2329 tata
1025 2297 1059 2328 in
1084 2298 1138 2328 lV.
1158 2296 1221 2333 ὃὸ,
1248 2294 1301 2328 7-1.

1000 2345 1116 2374 maeret
1132 2360 1176 2365 —
1197 2343 1314 2382 dolent]
1339 2343 1488 2381 Maerere,
1509 2350 1634 2372 maeror
1649 2346 1701 2372 est

934 2394 1084 2419 nostrum
1100 2389 1267 2427 Jammern,
1289 2388 1440 2426 Jammer,
1463 2397 1531 2418 non
1546 2388 1611 2417 sich
1623 2389 1700 2427 9νᾰ-

934 2443 1025 2472 πιεπ,
1063 2435 1182 2471 Gram;
1217 2443 1292 2463 nam
1323 2431 1388 2463 hoc
1415 2430 1518 2474 magis
1549 2430 1638 2463 cadit
1663 2430 1700 2462 in

936 2489 1019 2515 eum,
1042 2476 1095 2520 qui
1110 2478 1189 2508 dolet
1202 2483 1234 2508 et
1247 2479 1374 2516 angitur
1383 2487 1394 2517 ,·
1416 2476 1459 2508 cf.
1473 2476 1575 2508 verba
1586 2486 1699 2519 seqq.:

934 2525 991 2554 illa
1004 2523 1141 2562 zuyubris
1154 2524 1334 2554 lamentalio
1346 2521 1520 2565 [trauriges
1531 2520 1701 2553 Wehkla-

935 2569 1012 2610 gen]
1035 2570 1180 2608 fletusque
1196 2577 1341 2599 maerens·
1353 2565 1585 2610 (iammerndes
1600 2566 1702 2598 Wei-

935 2614 1026 2651 nen).
1062 2611 1154 2642 Lael.
1168 2613 1224 2644 111.
1240 2612 1277 2644 11
1293 2624 1298 2642 :
1324 2623 1422 2655 quum
1439 2618 1550 2643 antem
1571 2610 1700 2643 civitati

937 2669 1029 2690 carus
1051 2656 1171 2693 fuerit,
1207 2667 1346 2689 maerore
1377 2658 1494 2698 funeris
1516 2655 1700 2687 indicatum

934 2709 995 2735 est.
1044 2702 1134 2733 Infra
1159 2703 1214 2733 IV.
1229 2701 1271 2739 8,
1298 2701 1358 2735 18:
1395 2711 1495 2742 anyer
1517 2707 1567 2732 est
1589 2700 1700 2744 aegri-

933 2747 1016 2779 tudo
1037 2758 1188 2790 premens
1213 2748 1336 2788 [Anyst‚
1357 2748 1605 2787 Beiingstiyuny]
1617 2756 1628 2786 ‚·
1650 2748 1700 2778 lu-

934 2797 1000 2826 etus
1022 2791 1194 2834 aegritudo
1219 2803 1258 2823 ex
1280 2790 1368 2831 eius,
1394 2791 1449 2834 qui
1470 2802 1562 2823 carus
1584 2790 1699 2831 fuerit,

933 2837 1070 2870 interitu
1096 2837 1217 2869 acerbo
1239 2836 1388 2880 [Trauer]
1401 2847 1413 2877 ,·
1445 2846 1568 2868 maeror
1586 2835 1698 2879 aegri-

933 2883 1016 2916 tudo
1032 2882 1150 2914 flebilis
1165 2882 1334 2925 [Jammer]
1349 2904 1358 2913 .
1372 2905 1379 2913 .
1393 2892 1404 2923 ‚·
1426 2883 1516 2914 dolor
1526 2881 1698 2925 aegritudo

936 2928 1083 2962 crucians
1105 2928 1208 2971 [neser
1228 2929 1396 2968 Schmerz,
1420 2926 1546 2971 GramJ.
1569 2926 1613 2959 ad
1634 2929 1699 2959 At-
