1843 3101
189 65 274 110 238

300 155 422 199 XIV.
483 154 583 197 Illud
603 153 822 195 animorum
844 165 1131 209 corporumque
1155 151 1371 204 dissimile,
1417 151 1522 208 quod
1546 151 1667 194 animi
1696 165 1768 195 va-

186 235 314 276 lentes
340 231 476 273 morbo
514 229 659 272 tentari
692 242 771 269 non
809 235 999 283 possunt,
1043 241 1212 283 corpora
1235 233 1423 283 possunt3
1464 226 1536 268 sed
1558 240 1767 283 corporum
1802 280 1803 283 Ἴ

185 307 427 351 offensiones
449 306 535 346 sine
559 304 670 359 culpa
691 302 870 344 accidere
895 309 1074 358 possunt,
1107 301 1326 343 animorum
1349 315 1428 342 non
1449 301 1568 343 item:
1603 315 1769 357 quorum

730 72 897 106 LmER
920 73 978 107 1v.
1003 69 1067 114 14,
1090 69 1147 106 32.
1170 70 1226 107 33.

186 395 322 424 omnes
339 379 463 421 morbi
482 386 520 420 et
537 378 853 434 perturbationes
872 391 924 419 ex
940 376 1242 433 adspernatione
1262 376 1428 418 rationis
1445 376 1648 418 eveniunt.
1689 374 1770 417 Ita·

185 471 259 513 que
279 457 317 497 in
336 453 556 496 hominibus
576 453 701 494 solum
721 452 943 503 exsistunt,
977 466 1066 493 nam
1089 451 1240 492 bestiae
1260 439 1388 493 simile
1410 451 1589 507 quiddam
1607 450 1767 502 faciunt,

185 532 254 573 sed
295 531 334 571 in
375 528 691 585 perturbationes
732 541 811 568 non
854 527 1044 567 incidunt.
1118 532 1188 567 52.
1231 523 1342 567 Inter
1382 533 1520 567 acutos
1562 531 1692 566 autem
1731 531 1771 566 et

183 606 288 648 inter
315 604 476 645 hebetes
508 603 698 654 interest,
741 602 842 656 quod
873 601 1092 657 ingeniosi,
1136 607 1178 642 ut
1208 614 1277 642 aes
1312 597 1560 642 Corinthium
1593 599 1633 640 in
1653 612 1769 640 aeru-

183 681 340 736 ginem,
385 679 442 720 sic
474 677 527 718 illi
562 677 602 717 in
626 676 803 717 morbum
837 682 878 717 et
901 676 1077 716 incidunt
1101 675 1275 726 tardius,
1324 682 1364 716 et
1383 680 1617 716 recreantur
1638 673 1766 727 ocius,
1810 658 1812 674 ³

182 755 345 797 hebetes
376 767 455 795 non
485 752 595 792 item.
655 749 745 792 Nec
774 764 871 792 vero
904 751 943 791 in
975 763 1129 790 omnem
1155 749 1332 790 morbum
1364 762 1410 790 ac
1435 747 1770 803 perturbationem

183 830 337 871 animus
359 827 554 883 ingeniosi
575 826 701 877 cadit3
736 839 813 866 non
842 825 945 866 enim
967 824 1040 864 *in
1064 824 1141 866 ulla
1160 824 1324 864 efferata
1343 830 1383 864 et
1402 823 1606 875 immania3
1646 836 1771 878 quae-

183 904 271 946 dam
306 910 435 944 autem
461 900 712 942 humanitatis
749 913 902 954 quoque
938 898 1083 939 habent
1109 898 1270 954 primam
1301 897 1500 952 speciem,
1548 904 1591 938 ut
1616 896 1771 938 miseri-

183 979 340 1029 cordia,
374 976 594 1032 aegritudo,
628 981 771 1014 metus.
833 972 1143 1027 Aegrotationes
1165 979 1294 1012 autem
1319 970 1522 1026 morbique
1548 971 1767 1012 animorum

184 1053 374 1095 difficilius
400 1051 515 1093 evelli
535 1063 651 1106 posse
677 1054 886 1103 putantur,
933 1060 1047 1101 quam
1073 1059 1224 1087 summa
1249 1045 1314 1086 illa
1336 1045 1458 1096 vitia,
1491 1059 1591 1101 quae
1614 1045 1770 1088 virtuti-

181 1129 254 1170 bus
276 1134 367 1169 sunt
387 1125 601 1168 contraria.
663 1121 817 1164 Morbis
840 1122 942 1162 euim
964 1120 1237 1172 manentibus,
1270 1119 1366 1162 vitia
1390 1119 1543 1162 sublata
1567 1133 1658 1161 esse
1680 1133 1770 1176 pos-

182 1209 300 1254 sunt,
347 1201 435 1256 quia
476 1200 545 1240 *hi
590 1212 667 1239 non
709 1204 786 1237 tam
819 1196 1002 1237 celeriter
1041 1202 1252 1247 sanantur,
1301 1208 1415 1249 quam
1458 1194 1524 1235 illa
1561 1194 1767 1236 tolluntur.

183 1284 254 1320 55.
289 1275 423 1317 Habes
453 1288 522 1325 ea,
564 1285 663 1327 quae
693 1272 739 1312 de
775 1270 1134 1326 perturbationibus
1167 1269 1372 1310 enucleate
1406 1269 1606 1324 disputant
1626 1267 1770 1321 Stoici,
1812 1280 1813 1284 ¹

184 1366 282 1408 quae
302 1351 430 1405 logica
454 1347 666 1403 appellant,
700 1347 788 1401 quia
810 1346 1059 1387 disseruntur
1078 1344 1275 1386 subtilius.
1337 1341 1406 1384 Ex
1425 1343 1564 1398 quibus
1587 1343 1770 1398 quoniam

183 1435 362 1482 tanquam
400 1438 421 1465 e
455 1421 695 1477 scrupulosis
729 1420 882 1461 cotibus
917 1419 1144 1475 enavigavit
1175 1418 1327 1469 oratio,
1379 1417 1556 1473 reliquae
1596 1417 1770 1473 disputa-

184 1502 303 1542 tionis
326 1513 482 1540 eursum
508 1504 712 1538 teneamus
728 1527 738 1547 ,
772 1495 887 1536 modo
908 1494 1004 1535 satis
1025 1494 1090 1534 illa
1114 1493 1280 1534 dilucide
1301 1491 1519 1533 dixerimus
1542 1506 1611 1547 pro
1634 1505 1769 1533 rerum

184 1574 442 1618 obscuritate.
504 1571 561 1613 Α.
595 1569 767 1612 Prorsus
807 1569 929 1621 satis3
976 1568 1046 1609 sed
1091 1567 1124 1608 si
1166 1581 1264 1622 quae
1297 1567 1524 1624 diligentius
1556 1573 1673 1608 erunt
1703 1580 1770 1608 co-

989 1658 1157 1702 posterius
1188 1661 1286 1699 inter,
1323 1670 1432 1702 comp.
1466 1658 1510 1691 de
1539 1659 1670 1691 Invent.
1686 1658 1711 1690 Ι.
1735 1657 1768 1697 5,

990 1706 1030 1738 0':
1067 1704 1156 1736 inter
1186 1704 1335 1737 officium
1361 1711 1473 1736 autem
1509 1711 1542 1737 et
1566 1702 1667 1736 finem
1701 1702 1768 1736 hoc

990 1750 1139 1782 interest.
1200 1749 1292 1782 Alios
1326 1750 1419 1782 locos
1443 1749 1598 1783 *contulit
1633 1751 1702 1783 Otto
1736 1747 1772 1780 in

992 1808 1061 1829 exe.
1084 1797 1173 1828 VIII.
1196 1795 1239 1827 ad
1256 1795 1327 1828 Fin.
1345 1807 1378 1839 p.
1393 1794 1458 1829 405
1473 1806 1521 1839 sq.
1534 1820 1542 1833 ‚
1569 1794 1686 1839 quibus
1707 1793 1771 1826 de-

991 1849 1177 1874 monstrare
1204 1841 1338 1879 studet,
1377 1840 1663 1885 praepositionem
1692 1843 1771 1872 inter

991 1899 1057 1920 non
1080 1887 1198 1930 repeti,
1219 1886 1280 1919 nisi
1304 1886 1359 1919 ubi
1380 1886 1510 1931 aliquot
1531 1885 1693 1919 vocabula
1714 1885 1770 1917 in-

253 1666 442 1699 C.i1›.X1V.
477 1665 590 1696 lentari
611 1673 673 1695 nou
705 1665 856 1703 possunt,
889 1671 956 1694 cor-

179 1724 260 1756 pora
278 1711 422 1754 possunt]
445 1709 618 1742 Sententia
638 1707 732 1740 huius
753 1707 819 1740 loci
837 1707 885 1739 sic
901 1718 956 1738 ac-

182 1758 335 1803 cipienda
368 1764 444 1790 est·
476 1755 533 1787 Uti
567 1766 703 1798 corpus,
740 1754 786 1786 ita
811 1753 956 1784 animum

181 1805 304 1838 morbis
326 1802 506 1835 obnoxium
529 1813 620 1841 esse,
647 1812 674 1834 e.
699 1799 748 1833 13.
772 1798 957 1831 disertissi-

182 1852 244 1884 mis
270 1849 378 1883 verbis
407 1848 548 1884 dicitur3
585 1845 644 1878 sed
666 1845 747 1877 illud
771 1845 956 1877 animorum

184 1908 362 1940 corporum
383 1893 541 1926 dissimile
563 1899 633 1931 est,
660 1891 750 1935 quod
773 1890 874 1923 animi
895 1902 956 1922 va-

183 1943 301 1978 lentes,
323 1942 381 1973 i.e.
399 1952 475 1972 vere
496 1939 566 1971 sani
585 1945 641 1970 aut
657 1937 838 1981 sapientes,
863 1948 958 1968 mor-

184 1989 228 2020 bo
252 1987 454 2019 extrinsecus
489 1985 592 2016 allato
625 1983 750 2015 tentari
782 1994 847 2014 non
876 1994 957 2025 pos-

185 2040 281 2070 sunt;
317 2045 393 2064 nam
424 2043 539 2063 omnes
571 2029 756 2062 animorum
789 2028 894 2060 morbi
926 2034 960 2060 et

186 2078 452 2123 perturbationes
483 2088 550 2108 non
581 2075 784 2108 extrinsecus
810 2074 959 2106 afferun—

184 2132 259 2163 tur,
285 2124 343 2155 sed
368 2135 406 2154 ex
429 2121 688 2165 adspernatione
712 2121 850 2152 rationis
879 2132 960 2151 eve-

184 2170 280 2203 niunt
295 2176 394 2212 atque
407 2169 452 2200 ita
472 2180 602 2211 semper
618 2179 690 2199 cum
705 2166 800 2209 culpa
823 2165 960 2197 coniun-

188 2216 232 2249 cti
253 2222 349 2249 sunt3
376 2221 491 2246 contra
513 2225 653 2256 corpora
677 2212 820 2244 valentia
841 2211 960 2243 morbo

187 2261 390 2294 extrinsecus
416 2259 517 2290 allato
542 2258 664 2290 tentari
691 2265 849 2301 possunt:
887 2269 960 2288 nam

185 2306 282 2340 multi
306 2316 485 2348 corporum
514 2304 620 2335 morbi
647 2304 849 2335 extrinsecus
873 2302 960 2334 affe-

185 2359 302 2386 runtur
341 2358 441 2393 atque
476 2349 522 2380 ita
557 2349 627 2380 sine
663 2350 758 2392 culpa
793 2348 958 2380 accidunt.

252 2401 286 2431 in
310 2398 486 2429 hominibus
515 2396 628 2437 solum]
664 2396 704 2425 V.
730 2394 773 2426 ad
797 2406 823 2426 c.
841 2394 882 2433 Τ,
907 2394 958 2426 15.

254 2445 355 2477 simile
367 2443 519 2484 quiddam
531 2439 665 2482 faciunt]
683 2441 828 2471 Graece:
848 2439 959 2472 :0203-

189 2502 223 2525 σι
243 2487 391 2524 τοιοῦτόν
412 2498 453 2520 τε.
503 2488 608 2528 Saepe
644 2485 779 2516 verbum
811 2487 960 2525 faciendi,

187 2543 224 2569 ut
245 2545 400 2579 graecum
417 2535 528 2565 ποιεῖν
553 2538 587 2562 et
612 2538 762 2572 nostrum
786 2532 881 2569 thim,
915 2530 961 2562 ita

188 2582 344 2626 ponitur,
381 2585 417 2611 ut
443 2577 524 2610 alius
557 2575 649 2608 verbi
675 2575 762 2607 vices
796 2575 960 2606 sustinens

189 2628 258 2660 eius
289 2626 476 2657 universam
498 2622 563 2654 vim
585 2627 691 2655 notet.
747 2621 787 2651 V.
812 2619 899 2651 infra
920 2621 960 2651 V.

187 2673 242 2711 27,
260 2672 315 2706 7⁵5.
336 2672 392 2710 δὲ,
408 2670 462 2703 UO.
499 2668 598 2700 Corn.
620 2666 706 2710 Nep.
729 2665 886 2697 Chabrias
904 2666 959 2701 III,

188 2715 229 2751 4:
256 2718 375 2760 Neque
399 2727 478 2747 vero
503 2714 592 2746 solus
614 2711 669 2744 ille
690 2714 799 2744 aberat
826 2709 960 2741 Athenis

188 2763 353 2802 libenter,
379 2761 438 2793 sed
464 2771 579 2793 omnes
601 2759 672 2790 fere
694 2756 861 2800 principes
885 2758 963 2796 fece-

187 2813 262 2842 runt
274 2808 361 2840 idem
378 2807 422 2851 th.
439 2819 467 2838 e.
483 2806 626 2838 libenter
639 2803 775 2835 aberant.
790 2800 940 2836 Athenist
956 2812 962 2831 :

188 2854 245 2887 ubi
277 2866 308 2886 v.
339 2855 498 2887 Bremium
523 2863 556 2894 p.
582 2849 655 2884 177.
715 2849 763 2881 De
795 2860 841 2890 gr.
864 2849 968 2880 ποιεῖν

190 2912 221 2931 v.
247 2911 308 2933 nos
329 2899 372 2931 ad
390 2899 478 2930 Xen.
503 2898 726 2929 commentar.
747 2894 804 2926 III.
818 2896 859 2931 ὅ,
882 2894 914 2924 2.

262 2945 316 2978 32.
350 2947 432 2978 Inter
447 2947 554 2976 aczttos
572 2946 677 2974 autem
694 2944 721 2973 et
737 2942 817 2972 inter
835 2937 967 2982 hebetes]

191 2988 249 3021 Sic
283 2990 402 3032 optimi
435 2988 556 3025 codd.;
595 2990 652 3020 Or.
678 2998 706 3019 c.
731 2984 821 3027 vulg.
857 2983 970 3016 omisit

993 1934 1155 1978 terposita
1179 1933 1258 1974 sint,
1284 1939 1320 1964 ut
1334 1936 1448 1975 Agrar.
1465 1933 1506 1971 11,
1524 1932 1588 1966 33:
1615 1931 1765 1970 ‚,videte,

993 1986 1152 2025 quantum
1173 1978 1385 2011 intervallum
1408 1978 1453 2010 sit
1480 1977 1690 2010 interiectum
1714 1976 1770 2008 in·-

994 2035 1047 2058 ter
1066 2025 1227 2057 maiorum
1251 2032 1443 2057 nostrorum
1468 2023 1606 2056 consilia
1630 2030 1663 2055 et
1682 2023 1772 2054 inter

995 2073 1134 2105 istorum
1166 2070 1339 2103 hominum
1372 2070 1613 2102 dementiam.“
1673 2067 1772 2100 Ratio

996 2118 1097 2161 igitur
1116 2116 1280 2160 repetitae
1302 2115 1561 2160 praepositionis
1579 2114 1651 2147 siue
1669 2112 1771 2146 dubio

997 2164 1085 2196 nulla
1111 2163 1174 2194 alia
1200 2169 1261 2200 est,
1288 2162 1349 2194 nisi
1376 2170 1412 2195 ut
1433 2161 1500 2193 duo
1521 2160 1667 2198 nomina,
1694 2158 1773 2203 qui-

996 2210 1055 2241 bus
1081 2209 1164 2241 haec
1189 2207 1395 2251 praepositio
1419 2205 1596 2251 praemissa
1621 2212 1691 2245 est,
1716 2215 1772 2237 ac—

995 2254 1138 2287 curatius
1162 2253 1418 2296 distinguantur.
1468 2252 1535 2285 Ubi
1559 2251 1641 2284 nihil
1665 2251 1775 2283 inter-

995 2301 1151 2345 ponitur,
1179 2311 1235 2334 cur
1261 2298 1467 2343 praepositio
1491 2298 1599 2342 repeti
1623 2308 1689 2330 non
1712 2307 1773 2328 so-

994 2348 1082 2384 leat,
1120 2345 1218 2377 facile
1241 2344 1460 2387 intelligitur3
1497 2355 1574 2376 nam
1595 2351 1666 2375 tum
1691 2342 1773 2374 haec

995 2391 1182 2425 accuratior
1222 2390 1394 2433 distinctio
1438 2389 1545 2422 minus
1585 2387 1774 2421 necessaria

996 2445 1064 2475 est:
1091 2444 1125 2469 at
1149 2449 1205 2469 cur
1226 2436 1333 2480 repeti
1357 2447 1423 2467 non
1444 2434 1561 2479 possit,
1587 2445 1666 2466 sana
1686 2432 1772 2465 ratio

996 2482 1176 2526 excogitari
1208 2493 1275 2513 non
1306 2488 1427 2525 potest.
1478 2480 1644 2523 Cf.'quae
1673 2490 1774 2522 supra
1814 2475 1816 2483 '

996 2529 1037 2561 ad
1056 2531 1077 2560 l.
1102 2532 1147 2564 13,
1165 2527 1219 2561 27.
1244 2527 1286 2558 de
1309 2527 1453 2570 repetita
1476 2532 1510 2557 et
1532 2524 1651 2557 omissa
1670 2535 1772 2567 prae-

1000 2573 1169 2618 positione
1195 2572 1346 2604 diximus·

1063 2621 1235 2659 ingeniosi,
1261 2622 1294 2650 ut
1317 2636 1382 2657 —-‚
1407 2619 1452 2649 sic
1474 2615 1537 2659 illi]
1563 2614 1634 2647 Etsi
1657 2614 1769 2647 subie-

999 2671 1087 2696 ctum
1119 2663 1184 2694 iam
1209 2662 1408 2701 antecessit,
1445 2667 1558 2693 tamen
1583 2672 1703 2703 saepe,
1741 2661 1775 2692 in

998 2708 1111 2752 primis
1129 2708 1160 2739 in
1181 2707 1404 2751 oppositione,
1428 2717 1613 2750 pronomen
1634 2705 1773 2739 demon'-

997 2754 1173 2786 strativum
1184 2753 1368 2785 subiectum
1381 2763 1607 2796 praegressum
1620 2758 1775 2795 repetens

1004 2811 1077 2832 cum
1103 2799 1136 2830 vi
1167 2798 1307 2842 quadam
1340 2797 1485 2840 ponitur.
1535 2798 1639 2841 Legg.
1663 2798 1717 2829 111.
1741 2796 1774 2837 2,

1003 2847 1042 2878 5:
1070 2845 1196 2876 Noster
1217 2855 1298 2876 vero
1320 2844 1414 2876 Plato
1436 2844 1596 2876 Titanum
1616 2855 1634 2876 e
1654 2852 1777 2886 genere

1003 2890 1121 2923 statuit
1146 2901 1222 2927 eos,
1259 2892 1334 2930 qui,
1358 2897 1392 2921 ut
1415 2888 1463 2921 illi
1487 2888 1703 2928 caelestibus,
1727 2887 1776 2919 sic

1003 2938 1035 2969 hi
1059 2936 1126 2980 (vel
1147 2934 1258 2978 potius
1279 2935 1316 2978 ii)
1347 2935 1566 2968 adversentur
1597 2933 1775 2977 magistra-

1002 2982 1102 3015 tibus.
1136 2980 1228 3013 Idem
1252 2980 1289 3013 fit
1310 2992 1410 3025 saepe
1431 2980 1524 3025 apud
1547 2980 1713 3020 Graecos,
1738 2983 1778 3010 ut
