1859 3149
17 1254 29 1266 ⁶
82 1204 311 1246 commotio.

595 64 913 106 LIBERlv.5‚
942 61 1146 106 11.6,12.
1587 55 1682 99 227>

74 151 176 196 eiam
202 150 409 207 equidem3
449 155 492 190 tu
518 153 677 199 tamen,
710 153 752 188 ut
770 146 877 188 soles
894 179 905 198 ‚
947 145 1056 187 dices
1085 145 1163 187 ista
1187 144 1274 202 ipsa
1296 142 1468 186 obscura
1495 145 1666 200 planius,

76 241 193 284 quam
213 226 397 268 dicuntur
415 237 439 265 a
458 220 643 265 Graecis.
708 220 777 263 M.
807 219 952 262 Enitar
977 219 1185 276 equidem
1217 218 1286 262 sed
1307 218 1460 261 intento
1485 234 1583 276 opus
1610 232 1671 266 est

75 303 237 354 animo,
277 314 328 343 ne
365 298 498 340 omnia
528 296 777 348 dilabantur,
823 296 856 337 si
880 310 999 337 unum
1029 295 1175 351 aliquid
1205 295 1407 351 effugerit.
1471 292 1671 350 Quoniam

76 391 178 434 quae
198 374 345 419 Graeci
366 371 484 426 πάθη
506 379 666 423 vocant,
702 371 815 413 nobis
834 372 1153 428 perturbationes
1173 371 1363 427 appellari
1384 371 1508 427 magis
1528 372 1669 428 placet,

76 466 191 509 quam
225 450 387 493 morbos
404 482 416 502 ,
461 449 501 490 in
524 448 583 490 his
608 447 855 504 explicandis
882 455 1060 489 veterem
1085 447 1189 489 illam
1215 446 1397 502 equidem
1416 445 1672 505 Pythagorae

77 527 269 584 primum,
313 525 404 567 dein
431 523 611 566 Platonis
641 523 947 578 descriptionem
982 536 1152 578 sequar,
1198 522 1262 577 qui
1296 522 1467 563 animum
1506 523 1545 564 in
1577 524 1672 568 duas

11 647 19 658 ·
74 609 209 660 partes
239 601 442 643 dividunt:
484 600 647 641 alteram
676 598 842 639 rationis
869 598 1099 654 participem
1127 598 1299 650 faciunt,
1338 598 1502 640 alteram
1529 613 1675 655 exper-

78 684 185 730 tem3
216 677 256 718 in
277 675 465 733 participe
486 674 654 716 rationis
678 681 827 731 ponunt
845 673 1184 729 tranquillitatem,
1218 673 1257 714 id
1278 680 1340 715 est
1357 673 1547 729 placidam
1564 675 1674 730 quie-

77 759 234 809 tamque
253 750 541 802 constantiam3
567 750 607 791 in
628 749 692 791 illa
709 750 834 791 altera
856 757 985 790 motus
1003 748 1181 805 turbidos
1199 756 1278 790 tum
1300 749 1401 800 irae,
1429 755 1506 790 tum
1527 750 1675 806 cupidi-

79 827 189 878 tatis,
223 826 448 869 contrarios
468 826 729 881 inimicosque
748 825 909 867 rationi.
978 831 1045 866 11.
1079 823 1142 866 Sit
1159 824 1279 880 igitur
1295 824 1355 866 hic
1375 825 1489 877 sous,
1524 832 1678 867 utamur

77 908 211 946 tamen
243 903 283 945 in
311 902 371 945 his
396 901 758 959 perturbationibus
781 900 1051 943 describendis
1072 898 1299 941 Stoicorum
1321 899 1616 942 definitionibus
1639 907 1679 941 et

80 978 386 1036 partitionibus,
419 978 485 1033 qui
509 977 602 1018 mihi
624 977 810 1018 videntur
831 977 871 1017 in
895 976 964 1017 hac
996 976 1231 1032 quaestione
1251 975 1405 1017 versari
1430 975 1674 1017 acutissime.

196 1051 272 1096 VI.
302 1052 383 1095 Est
404 1053 526 1108 igitur
551 1051 730 1093 Zenonis
757 1052 853 1093 baec
881 1052 1074 1103 delinitio,
1108 1058 1150 1092 ut
1171 1050 1454 1106 perturbatio
1475 1050 1542 1102 sit,
1577 1050 1679 1105 quod

79 1125 220 1177 πάθος
254 1129 320 1170 ille
350 1129 469 1182 dicit,
516 1142 659 1169 aversa
692 1142 713 1168 a
753 1134 863 1168 recta
906 1127 1086 1178 ratione,
1133 1134 1272 1168 contra
1310 1134 1516 1178 naturam,
1561 1125 1680 1167 animi

374 1201 544 1258 Quidam
567 1203 729 1244 brevius
752 1202 1089 1259 perturbationem
1117 1216 1207 1243 esse
1230 1201 1444 1258 appetitum
1468 1201 1683 1243 vehemen-

59 1279 250 1342 'tiorem3
283 1279 354 1320 sed
376 1278 715 1320 vehementiorem
743 1292 833 1318 euni
860 1278 998 1319 volunt
1024 1292 1140 1330 esse,
1182 1277 1246 1332 qui
1270 1277 1425 1332 longius
1454 1277 1686 1317 discesserit

81 1367 107 1396 a
128 1361 296 1402 naturae
323 1354 563 1395 constantia.
625 1351 769 1394 Partes
808 1360 938 1394 autem
968 1352 1308 1408 perturbationum
1336 1352 1475 1394 volunt
1503 1365 1556 1393 ex
1589 1352 1686 1392 duo-

83 1429 157 1472 bus
182 1429 352 1486 opinatis
376 1429 491 1471 bonis
521 1429 629 1470 nasci
654 1436 693 1470 et
717 1442 769 1470 ex
792 1427 945 1469 duobus
978 1428 1147 1484 opinatis
1180 1427 1317 1478 malis,
1361 1427 1417 1468 ita
1451 1440 1541 1468 esse
1576 1435 1688 1482 quat-

86 1511 202 1546 tuor:
249 1519 303 1546 ex
332 1504 447 1547 bonis
474 1504 695 1546 libidinem
726 1511 765 1545 et
794 1504 1033 1556 laetitiam,
1077 1510 1118 1544 ut
1148 1503 1199 1544 sit
1235 1502 1385 1544 laetitia
1420 1503 1687 1558 praesentium

85 1579 308 1632 bonorum,
341 1580 459 1621 libido
490 1582 734 1630 futurorum
769 1593 822 1620 ex
850 1580 963 1620 malis
987 1584 1140 1621 metum
1166 1586 1205 1619 et
1232 1578 1547 1634 aeyritzulinem
1581 1578 1688 1637 nasci

87 1661 276 1705 censent,
318 1662 492 1708 metum,
535 1655 700 1707 suturis,
735 1655 1051 1710 aegritudinem,
1087 1653 1380 1710 praesentibus.
1445 1651 1559 1708 Quae
1585 1652 1689 1693 enim

85 1730 291 1772 venientia
308 1738 560 1781 metuuntur,
595 1731 732 1772 eadem
752 1731 926 1771 afficiunt
945 1730 1193 1786 aegritudine
1224 1728 1427 1769 instantia.
1482 1733 1552 1769 12.
1579 1725 1691 1768 Lue-

91 1851 146 1885 of.
167 1851 341 1885 Adnotata
357 1851 393 1884 in
418 1853 443 1885 1.
465 1853 518 1894 1,0‚
543 1854 598 1885 20.
622 1859 656 1884 et
681 1852 790 1889 11:21.
815 1850 869 1884 47.
907 1849 994 1884 κατὰ
1017 1847 1162 1892 Ζήνωνα
1184 1846 1208 1892 ἦ
1232 1845 1354 1892 ἄλογος
1387 1848 1447 1883 καὶ
1472 1846 1564 1891 παρὰ
1590 1845 1692 1892 φύσιν

89 1897 194 1931 St'eici
219 1905 338 1931 contra
363 1897 633 1942 perturbationes
657 1897 871 1930 collocabant
908 1897 1024 1941 ψυχῆς
1042 1896 1186 1939 κίνησις,
1209 1891 1233 1939 ἦ
1252 1893 1342 1939 &pp-r}
1357 1892 1598 1936 πλεονάζουσα.
1627 1895 1692 1926 Ce-

87 1943 123 1976 in
156 1943 275 1977 eadem
305 1944 406 1982 sede,
446 1945 497 1976 cui
522 1943 689 1976 rationem
712 1944 872 1987 adsigna-
908 1951 1017 1975 terum
1041 1950 1118 1986 post
1143 1942 1244 1974 verba
1265 1944 1341 1974 haec
1365 1943 1506 1983 definitio
1528 1949 1619 1973 recte
1642 1953 1693 1973 se-

88 1989 183 2023 bant.
230 1990 400 2023 Plutarch.
417 1990 534 2022 Placit.
553 1990 605 2021 lV.
631 1990 726 2022 csll.
767 1989 873 2021 Stoici
911 1989 1022 2033 quitur
1044 1993 1098 2029 ut,
1133 2000 1200 2021 non
1223 1988 1431 2021 accusativus
1453 2000 1480 2020 c.
1497 1987 1580 2024 inf„
1618 1987 1694 2030 quia

91 2035 209 2069 dicunt
232 2033 317 2070 εἶναι
338 2036 403 2078 τῆς
427 2036 544 2080 ψυχῆς
565 2031 735 2069 ἀνώτατον
761 2035 872 2078 μέρος.
911 2036 995 2068 haec
1019 2034 1224 2067 constructio
1241 2041 1430 2078 usurpatur,
1455 2045 1555 2078 quum
1569 2033 1697 2077 aliquid

92 2080 131 2117 τὸ
153 2079 376 2125 ἡγεμονικόν,
401 2080 438 2116 τὸ
466 2081 578 2116 ποιοῦν
597 2079 659 2120 τοὶς
685 2082 876 2123 φαντασίας
913 2094 983 2114 esse
1005 2089 1063 2114 aut
1087 2081 1214 2113 factum
1239 2092 1311 2113 esse
1333 2080 1581 2124 pronuntiatur,
1610 2091 1696 2111 con-

93 2127 154 2162 καὶ
185 2125 248 2165 ῒᾶζ
271 2127 543 2171 συγκαταῖέσεις
571 2127 630 2162 καὶ
652 2125 762 2170 ὁρμάς
818 2127 877 2162 καὶ
912 2128 1040 2160 iunctio
1057 2132 1215 2160 autemut
1233 2127 1380 2171 ponitur,
1405 2139 1506 2171 quum
1523 2126 1593 2171 quis
1611 2126 1697 2158 indi-

93 2173 194 2208 τοῦτο
221 2172 382 2218 λογισμὸν
406 2174 576 2208 καλοῦσιν.
638 2174 753 2206 Cicero
776 2174 878 2218 igitur
914 2186 988 2207 care
1021 2174 1111 2211 mit,
1148 2185 1220 2207 rem
1244 2173 1389 2218 aliquam
1423 2180 1517 2206 certo
1552 2172 1698 2217 quodam

94 2219 322 2264 Pythagoram
343 2227 377 2252 et
398 2219 574 2253 Platonem
599 2220 631 2252 in
655 2232 695 2250 eo
717 2221 876 2264 seqnitur,
912 2220 1015 2254 modo
1041 2220 1256 2264 cogitandam
1278 2231 1360 2252 esse.
1398 2219 1449 2251 Cf.
1474 2218 1572 2254 (5214.
1611 2218 1699 2250 Hinc

97 2265 189 2310 quod
208 2266 355 2298 animum
373 2266 407 2298 in
426 2265 506 2298 duas
526 2274 638 2310 partes
659 2266 878 2298 dividendum

97 2318 231 2351 censet,
256 2312 397 2344 alteram
416 2313 557 2345 rationis
582 2313 798 2356 participem,
826 2314 878 2346 al-

95 2364 204 2391 teram
223 2366 406 2403 expertem,
431 2359 466 2392 in
486 2371 550 2404 qua
566 2359 726 2392 exsistant
741 2368 879 2404 pertur-

98 2403 283 2443 badones,⁴
309 2405 344 2437 in
377 2405 505 2450 reliqua
536 2417 617 2439 vero
650 2405 880 2450 disputatione

96 2449 188 2483 redit
219 2450 263 2483 ad
287 2451 480 2484 Stoicorum
503 2451 726 2496 disciplinam.
752 2473 798 2478 ——
834 2454 882 2484 De

56 2504 60 2507 “
97 2508 168 2540 seq.
185 2496 280 2530 relat.
296 2499 350 2538 qui
371 2510 401 2529 v.
426 2497 514 2531 Adn.
532 2499 566 2531 in
591 2499 647 2530 ΙΙΙ.
664 2503 720 2538 24,
741 2499 804 2533 527:
831 2501 885 2539 qui

97 2544 213 2581 laudat
237 2553 352 2576 senem.

170 2593 236 2622 turn
255 2591 338 2632 irae]
374 2591 468 2622 Unus
492 2591 532 2622 D.
564 2597 598 2622 et
622 2602 705 2623 unns
737 2593 796 2622 Ox.
821 2589 886 2622 ha·-

101 2634 184 2669 bant
207 2646 296 2668 cum
318 2638 406 2668 irae:
442 2636 532 2680 quod
561 2636 588 2668 si
612 2637 755 2679 plurium
780 2636 888 2669 libro—

105 2691 179 2713 rum
202 2681 407 2714 auctoritate
430 2683 664 2716 confirmatum
698 2689 803 2716 esset.
832 2695 889 2715 re—

107 2725 300 2769 cipiendum
325 2740 494 2761 censerem
520 2728 564 2761 ob
588 2740 644 2765 ea.
678 2738 762 2773 qnae
783 2728 826 2762 ad
849 2730 890 2761 V.

109 2770 166 2823 ἓξ),
191 2772 246 2806 72.
268 2774 428 2818 exposui3
454 2774 513 2807 sed
532 2774 670 2807 defendi
694 2783 808 2819 potest
827 2779 894 2808 tum

110 2822 170 2855 lta,
194 2824 233 2850 ut
252 2818 337 2852 haec
355 2820 399 2853 sit
418 2821 604 2854 sententia:
631 2822 663 2853 in
687 2821 793 2854 altera
817 2833 895 2853 mo·-

116 2868 172 2894 tus
190 2863 361 2906 turbidos,
398 2866 454 2910 qui
475 2869 569 2910 modo
589 2867 637 2900 ira
651 2893 658 2907 ,
684 2870 778 2901 modo
799 2866 895 2911 cupi-

119 2905 228 2940 ditate
253 2911 473 2945 concitantur.

195 2954 273 2987 Cu.
288 2956 344 2988 VI.
369 2958 421 2991 11.
455 2961 588 2992 Zenonis
609 2958 764 3001 definitio]
801 2957 899 3010 D'iog.

915 2268 1037 2299 diritur
1059 2270 1103 2299 sic
1125 2266 1178 2299 vel
1200 2270 1245 2299 ita
1269 2268 1421 2307 definire,
1445 2259 1497 2300 ῑιίζ
1537 2265 1588 2297 cf.
1612 2264 1701 2296 infra

917 2326 944 2346 c.
959 2316 999 2346 ’ΔΙ
1015 2339 1022 2353 ,
1046 2313 1101 2346 47.
1127 2325 1154 2345 c.
1173 2312 1206 2352 9,
1231 2314 1291 2346 20:
1321 2314 1378 2345 hoc
1397 2314 1491 2344 modo
1510 2313 1699 2349 describunt,

915 2365 960 2392 ut.
987 2371 1014 2391 c.
1036 2360 1095 2398 ll,
1120 2358 1176 2393 27.
1240 2358 1471 2391 Offensionum
1507 2359 1702 2398 definitiones

917 2410 989 2439 sunt
1012 2406 1185 2447 eiusmodi,
1210 2409 1254 2437 ut.
1302 2405 1343 2436 V.
1370 2404 1455 2436 Adn.
1480 2403 1514 2435 in
1538 2403 1595 2434 111.
1610 2402 1641 2438 3„
1667 2402 1699 2432 ὀ.

922 2451 1008 2484 Alibi
1044 2446 1152 2484 solum
1184 2450 1411 2484 accusativum
1443 2449 1559 2481 Cicero
1593 2446 1701 2490 pouit,

921 2498 968 2530 uti
989 2498 1078 2530 infra
1100 2502 1143 2538 Β,
1171 2499 1232 2531 Ῑὸε
1271 2509 1309 2529 ea
1329 2500 1374 2528 sic
1396 2497 1568 2535 definiunt:
1602 2494 1703 2533 pigri-

921 2547 1020 2585 tiam,
1067 2548 1184 2576 metum
1221 2544 1433 2584 consequentis
1469 2541 1586 2572 laboris
1622 2543 1702 2570 cett.

923 2590 986 2622 Vel
1004 2590 1104 2623 etiam
1127 2592 1235 2623 dicunt
1259 2601 1286 2620 c.
1302 2588 1362 2620 inf.
1386 2586 1554 2629 sequitur,
1584 2583 1630 2615 uti
1649 2583 1702 2615 in-

924 2637 976 2669 fra
991 2649 1018 2669 c.
1030 2646 1060 2669 ἡ.
1076 2636 1182 2672 princ.
1219 2636 1308 2666 Haec
1327 2632 1490 2664 definiunt
1507 2630 1573 2662 hcc
1590 2628 1704 2662 modo.

922 2685 1134 2717 Invidentiam
1157 2691 1220 2714 esse
1243 2682 1350 2712 dicunt
1372 2678 1601 2719 aegritudinem
1624 2683 1704 2708 cett.

996 2729 1122 2772 Partes]
1158 2728 1199 2757 V.
1224 2725 1395 2758 Adnotata
1428 2723 1461 2754 in
1486 2724 1543 2756 111.
1563 2723 1599 2755 tt
1615 2747 1624 2764 ‚
1648 2723 1704 2754 24.

996 2774 1148 2816 opinatis]
1176 2773 1215 2803 V.
1237 2770 1281 2802 ad
1304 2771 1360 2801 111.
1381 2767 1440 2806 14,
1466 2767 1522 2802 30.

1002 2823 1113 2853 eadem
1145 2819 1291 2858 afficiunt
1314 2816 1511 2857 ae9ritudine
1538 2816 1708 2854 instantia]

931 2864 1258 2907 Arri-..n.-Ep÷ct.111.
1285 2861 1382 2900 0:26,
1408 2859 1543 2904 9360:
1570 2853 1617 2894 ὧν
1643 2857 1708 2903 γὰρ

932 2908 1220 2955 προςδοκωμένων
1241 2904 1352 2952 φόβος
1371 2906 1518 2950 γίνεται,
1541 2904 1601 2940 καὶ
1621 2904 1710 2949 λύπη

933 2956 1118 3001 παρόντων.
1177 2955 1335 2987 Instantia
1370 2951 1557 2997 respondet
1591 2963 1713 2996 graeco

75 3054 80 3057 Ι
121 2998 237 3033 Laert.
249 3000 323 3042 VII,
338 3003 422 3036 110:
440 2999 550 3040 Ἔστι
567 3002 607 3040 δὲ
629 3000 714 3039 α’,ῗτό
733 3001 772 3038 τὸ
789 3005 901 3043 παῇος
935 2998 1093 3041 ἐνεστώς.
1127 3000 1171 3033 de
1185 3001 1240 3032 Or.
1255 3000 1299 3032 11.
1315 2999 1467 3040 25,105:
1488 2998 1525 3032 in
1545 2997 1715 3032 delibera-

1286 3055 1386 3098 15*
