1843 3101
175 61 257 105 228

176 153 274 194 titia
294 157 423 193 autem
447 158 487 193 et
509 150 642 192 libido
665 150 705 190 iu
729 149 920 190 bonorum
944 148 1127 204 opinione
1148 156 1358 192 versantur
1373 181 1384 202 ,
1417 163 1533 204 quum
1559 149 1676 192 libido
1699 151 1746 192 ad

176 227 238 278 id,
283 226 384 281 quod
415 225 569 267 videtur
609 223 752 265 bonum
770 255 781 274 ,
828 223 955 263 illecta
991 230 1030 264 et
1056 223 1294 265 inflammata
1333 223 1534 280 rapiatur,
1580 223 1744 277 laetitia,

1468 296 1624 339 Natura
1643 299 1748 339 enim

761 68 926 102 mnan
954 69 1009 102 1v.
1035 66 1077 110 6,
1106 69 1157 103 15.

175 308 219 343 ut
241 301 378 355 adepta
396 299 471 339 iam
494 298 636 353 aliquid
658 298 904 353 concupitum
919 330 930 349 ,
964 298 1164 339 ecferatur
1189 305 1227 338 et
1249 298 1407 353 gestiat.

175 389 311 418 omnes
349 388 421 424 ea,
468 385 568 428 quae
609 372 711 413 bona
750 373 958 425 videntur,
1007 380 1225 427 sequuntur
1267 357 1496 428 fugiuntque
1533 373 1745 414 contraria.

176 447 441 503 Quamobrem
474 446 588 488 simul
614 445 766 487 obiecta
794 447 946 502 species
985 453 1047 488 est
1081 446 1319 501 cuiuspiam,
1356 447 1475 501 ,quod
1507 446 1650 487 bonum
1688 446 1748 488 vi-

176 524 339 574 deatur,
381 521 428 562 ad
449 521 486 562 id
511 521 801 576 adipiscendum
832 521 992 577 impellit
1020 521 1103 576 ipsa
1132 528 1287 562 natura.
1349 518 1392 560 Id
1419 535 1534 575 quum
1564 528 1749 562 constan-

175 603 236 637 ter
257 596 545 652 prudenterque
568 596 630 647 lit,
664 595 854 636 eiusmodi
879 596 1154 651 appetitionem
1178 594 1303 653 Stoici
1327 591 1514 646 βούλησιν
1534 595 1746 650 appellant,

176 684 248 711 nos
270 670 510 726 appellamus
535 670 816 710 voluntatem.
877 668 978 710 Eam
1002 670 1056 710 illi
1087 676 1222 725 putant
1248 669 1286 709 in
1318 669 1402 709 solo
1429 682 1518 710 esse
1541 669 1745 723 sapiente3

655 744 838 784 voluntas
863 750 947 794 est,
992 757 1090 798 quac
1126 743 1214 798 quid
1242 757 1328 784 cum
1351 743 1504 784 ratione
1534 743 1746 785 desiderat.

1560 831 1607 858 ea
1631 817 1750 860 libido

902 905 1000 945 quae
1047 892 1086 931 in
1131 891 1311 932 omnibus
1357 891 1486 932 stultis
1532 891 1748 934 invenitur.

175 758 288 799 quam
317 744 373 785 sie
404 743 614 784 deliniunt:

175 802 289 874 Quae
325 826 476 869 autem,
520 819 673 859 ratione
700 819 892 868 adversa,
934 818 1095 858 incitata
1134 825 1194 858 est
1220 816 1518 871 vehementius,

175 900 237 935 est
279 893 343 934 vel
383 892 573 947 cupiditas
626 892 847 943 effrenata,

177 974 243 1009 15.
277 965 453 1021 Itemque
479 981 593 1021 quum
620 967 672 1007 ita
700 980 929 1016 movemur,
963 973 1006 1006 ut
1027 965 1065 1005 in
1086 965 1188 1006 bono
1213 965 1335 1006 simus
1359 964 1514 1019 aliquo,
1548 966 1753 1021 dupliciter

173 1041 211 1082 id
238 1040 444 1095 contingit.
506 1039 611 1081 Nam
641 1054 756 1095 quum
780 1040 934 1080 ratione
959 1039 1111 1080 animus
1138 1045 1319 1079 movetur
1342 1038 1491 1094 placide
1515 1045 1631 1094 atque
1658 1055 1752 1081 con-

173 1122 351 1166 stanter,
395 1121 474 1155 tum
507 1114 599 1155 illud
624 1115 831 1169 gaudium
865 1114 1029 1165 dicitur3
1072 1127 1188 1168 quum
1222 1119 1351 1154 autem
1374 1111 1544 1154 inaniter
1565 1121 1606 1155 et
1625 1115 1751 1157 effuse

603 1195 682 1230 tum
712 1189 779 1230 illa
811 1189 981 1230 laetitia
1009 1189 1196 1243 yesliens
1234 1187 1298 1228 vel
1328 1187 1462 1228 nimia
1502 1187 1577 1228 diei
1603 1196 1748 1244 potest,

1405 1259 1681 1317 Quoniamque
1712 1270 1754 1304 ut

174 1189 326 1231 animus
361 1189 559 1240 exsultat,

175 1278 288 1319 quam
321 1264 376 1304 ita
411 1263 625 1304 deliniunt:

175 1339 278 1379 bona
308 1345 448 1378 natura
474 1337 691 1392 appetimus
709 1368 719 1387 ,
763 1338 818 1377 sie
844 1351 867 1377 a
892 1337 1004 1377 malis
1038 1343 1175 1376 natura
1203 1335 1442 1376 declinamus
1460 1367 1471 1387 ,
1505 1349 1604 1390 quae
1633 1337 1752 1378 decli-

671 1263 756 1304 sine
786 1263 941 1304 ratione
972 1263 1091 1303 animi
1119 1262 1342 1302 elationem.

175 1413 283 1454 natio
299 1444 310 1464 ,
348 1411 382 1453 si
413 1425 500 1451 eum
523 1411 677 1451 ratione
709 1411 772 1450 liet
788 1442 798 1461 ,
848 1412 992 1451 cautio
1016 1410 1231 1465 appelletur
1247 1442 1257 1459 ‚
1300 1422 1424 1464 eaque
1447 1409 1687 1465 intelligatur
1710 1411 1752 1452 in

177 1486 262 1529 solo
291 1499 381 1528 esse
403 1485 604 1541 sapiente,
638 1498 737 1540 quae
759 1491 889 1525 autem
914 1485 999 1525 sine
1024 1485 1175 1525 ratione
1197 1491 1236 1524 et
1256 1498 1342 1524 cum
1364 1483 1657 1526 exanimatione
1682 1485 1752 1526 hu-

177 1599 321 1632 tionibus
339 1598 533 1642 plerumque
547 1610 587 1630 ex
608 1597 722 1637 futuri,
749 1610 823 1631 raro
847 1598 947 1631 etiam

177 1657 217 1678 ex
240 1647 386 1678 instantis
405 1651 462 1676 aut
485 1644 577 1676 facti.
627 1647 663 1676 A.
686 1644 728 1676 ad
742 1645 888 1677 Herenn.
905 1646 947 1685 11,

177 1692 215 1725 5:
252 1691 287 1723 id
308 1689 467 1722 dividitur
497 1690 530 1721 in
555 1697 706 1734 tempora
729 1690 811 1722 tria:
847 1702 947 1733 prae-

178 1737 334 1775 teritum,
368 1739 508 1775 instans,
543 1747 757 1779 consequeus.
807 1736 945 1775 Quintil.

178 1784 217 1820 V,
239 1783 295 1815 10:
322 1781 557 1826 praeteritum,
583 1785 722 1823 instans,
747 1782 904 1813 futurum.

236 1828 287 1860 12.
314 1831 348 1860 ut
372 1827 502 1870 adepta]
529 1827 692 1859 l'articula
715 1831 748 1860 n!
772 1827 947 1870 participio

177 1873 290 1905 addita
312 1884 457 1905 caussam
470 1898 478 1911 ‚
517 1884 614 1916 quam
631 1872 795 1916 significat
815 1873 948 1916 partici-

178 1919 286 1962 p‚ium
311 1919 414 1962 magis
436 1918 544 1950 effert.

248 1967 340 1996 simul
363 1965 495 2006 obiecta]
532 1975 611 2006 pro:
650 1965 752 1996 Simul
776 1969 867 2004 atque
881 1963 947 1996 obi.

180 2010 219 2041 V
240 2009 355 2041 nosiu
375 2010 433 2041 Gr.
449 2010 488 2041 L.
510 2010 536 2050 ξ.
556 2009 636 2049 1ὐο,
664 2010 740 2052 1..ρ
755 2007 947 2041 409.ε’(1.).

248 2050 342 2098 βοιῖ
335 2068 350 2086 Λ
362 2067 384 2097 η
398 2066 439 2089 σι
449 2056 480 2097 ν]
502 2055 599 2086 Hauc
615 2055 715 2098 igitur
731 2055 897 2097 opponeb
891 2062 947 2086 int

180 2070 285 2131 Stoici
308 2102 450 2140 libidini,
475 2112 527 2143 qu
519 2112 570 2132 im
595 2100 810 2144 appellabant
834 2099 947 2134 2⁵:2⁵2-

183 2144 272 2187 μίαν.
309 2144 404 2186 Diog.
419 2146 531 2177 Laert.
545 2147 617 2182 V,11
642 2146 722 2179 116:
750 2146 805 2189 Τῇ
828 2144 866 2179 δὲ
880 2145 948 2179 ἐπ.-

179 2190 263 2234 Ξυμί
266 2202 287 2235 α
307 2190 452 2223 ἐναντίαν
470 2190 572 2233 φασιν
592 2189 674 2225 eim.
692 2203 753 2234 τη)
776 2194 814 2236 βε
818 2189 914 2234 ύλήσ
909 2203 947 2233 ιν,

179 2225 282 2270 οὖσαν
307 2230 452 2277 εὔλογον.

254 2283 375 2313 ratione
408 2281 567 2322 adversa]
603 2288 639 2312 ut
673 2282 702 2323 (ἰ.
723 2279 781 2314 14:
821 2289 856 2313 ut
886 2293 947 2314 ae-

178 2325 312 2370 gritudo
335 2325 377 2357 sit
399 2325 498 2357 animi
519 2327 706 2358 adversante
723 2330 843 2360 ratione
861 2339 946 2359 eon-

178 2371 310 2404 tractio.
356 2372 397 2403 V.
419 2370 462 2403 ad
485 2371 611 2411 111.16,
637 2370 699 2404 34:
726 2374 868 2405 adversis
887 2384 946 2405 ca-

176 2420 272 2451 sibus.

260 2462 310 2495 13.
345 2465 390 2494 ita
420 2461 595 2504 movemur]
640 2462 681 2492 H.
707 2473 735 2492 e.
771 2462 944 2495 afficimur.

177 2510 322 2549 „Moneri
348 2507 428 2551 geht
458 2506 511 2538 oft
534 2506 595 2539 auf
614 2506 946 2540 Seelenbesehaffen-

179 2553 270 2592 hest,
296 2552 613 2595 Seelenstimmungz
647 2551 750 2583 daher
773 2559 847 2595 sagt
869 2565 945 2584 man

178 2599 264 2631 auch
298 2610 364 2631 von
398 2598 505 2630 einem
541 2597 690 2640 Witzigen
726 2597 828 2660 Kopf
858 2602 946 2630 acute

176 2648 319 2677 movetur
342 2644 392 2687 (C.
407 2644 531 2676 Famm.
542 2644 618 2676 XV.
633 2645 697 2681 ¹1,
721 2642 806 2685 5.).‘
833 2645 923 2682 Wolf.

245 2689 414 2733 gaudium]
451 2700 550 2732 quarn
573 2687 787 2732 appellabant
818 2685 945 2731 χαράνς

179 2746 252 2766 eam
275 2734 491 2789 opponebant
511 2737 670 2774 laetitiae,
703 2744 800 2783 quam
824 2733 944 2787 appel-

177 2779 292 2811 labant
294 2776 445 2833 ηδονῆν.
493 2780 606 2812 Laert.
619 2780 700 2817 Vn,
731 2775 811 2811 114.
835 2775 943 2821 ηδονη

179 2820 310 2858 ἐστιν”
288 2827 348 2859 αλο
351 2837 407 2868 γος
426 2824 565 2867 ἔπαρσις
587 2821 640 2869 ἐ’φ
662 2825 697 2858 αἱ
699 2824 785 2880 ρετῶ
807 2824 944 2859 δοκοῦν-

178 2880 211 2902 τι
242 2866 412 2925 υπάρχειν.
483 2871 519 2919 §.
531 2870 612 2904 116;
647 2868 709 2925 τὴ)
743 2881 802 2913 μεν
836 2867 943 2923 χαρὰν

178 2911 325 2948 ἐναντίαν
355 2914 458 2957 φασὶν
489 2913 573 2950 εἶναι
603 2927 647 2961 τῃ
672 2913 802 2960 ηδονῇ,
838 2925 942 2949 ουσαν

180 2953 314 3001 εὔλογον
332 2958 479 3002 ἔπαρσιν.
513 2961 602 2994 Hinc
618 2973 718 3006 saepe
736 2962 890 3003 gaudium
907 2966 940 2992 et

981 1601 1098 1631 laetitia
1111 1598 1298 1640 iunguntur,
1322 1604 1358 1629 ut
1372 1597 1450 1630 Sall.
1466 1598 1535 1630 Cat.
1547 1599 1704 1638 XLVIII,
1722 1600 1751 1632 l.

981 1646 1031 1676 De
1055 1643 1161 1675 verbis
1182 1646 1313 1683 yestiens
1330 1645 1408 1686 (sich
1426 1645 1619 1685 gyebc'irdend)
1636 1651 1670 1676 et
1689 1647 1755 1678 sinc

980 1693 1099 1722 ratione
1121 1691 1220 1721 animi
1240 1691 1332 1721 elatio
1352 1691 1571 1731 (vernunftlose
1586 1692 1753 1732 Erlzebuny

981 1738 1034 1767 des
1057 1735 1214 1775 Gemmas)
1239 1734 1282 1766 cf.
1307 1746 1405 1777 supla
1427 1735 1564 1776 1¹1.10‚
1589 1736 1653 1769 ¹¹3:
1679 1736 1751 1768 lae—

981 1781 1174 1824 titi1‚quae
1199 1786 1249 1811 est
1270 1779 1423 1823 voluptas
1441 1779 1542 1811 animi
1559 1783 1642 1812 elata
1658 1783 1751 1824 (aus-

983 1826 1086 1869 gelasis
1076 1828 1144 1858 en*⁴
1170 1832 1204 1858 et
1228 1828 1368 1866 9estiens.
1416 1824 1478 1867 11,
1503 1822 1565 1857 24.
1596 1826 1751 1870 voluptas

981 1874 1123 1913 gestiens,
1147 1871 1181 1902 id
1203 1877 1252 1903 est
1274 1877 1406 1914 piaeter
1422 1870 1557 1903 modum
1574 1873 1657 1903 elala
1678 1874 1751 1905 lae-

980 1918 1055 1949 titia
1079 1917 1234 1960 opinione
1259 1915 1440 1960 praesentis
1470 1916 1581 1959 magni
1614 1917 1751 1950 alicuius

983 1963 1072 1995 boni.
1121 1963 1264 1995 Fin.111.
1282 1962 1341 2002 10,
1366 1962 1429 1995 35:
1449 1973 1518 2016 ego
1541 1961 1630 1994 malo
1652 1963 1752 1996 laeti-

982 2009 1061 2040 tiam
1082 2008 1252 2060 appellare
1274 2009 1331 2052 (sc
1349 2004 1488 2051 ηδσνην)
1512 2007 1602 2051 quasi
1620 2011 1751 2049 yestt'en-

981 2057 1020 2086 tis
1043 2054 1141 2086 animi
1164 2056 1326 2086 elationem
1347 2053 1579 2107 voluptariam.

1052 2103 1095 2132 ita
1120 2099 1286 2142 definiunt]
1323 2096 1569 2138 cs.Fm.11.4‚
1603 2098 1661 2132 13:
1695 2100 1750 2144 qui

983 2157 1053 2177 eun
1076 2145 1310 2188 (voluptatem)
1335 2147 1378 2177 sic
1398 2146 1571 2185 definiunt,
1601 2148 1750 2178 sublatio-

981 2202 1051 2224 nem
1074 2190 1173 2222 animi
1195 2191 1264 2222 sine
1279 2190 1419 2222 ratione.
1445 2191 1484 2221 V.
1499 2189 1541 2222 ad
1554 2191 1611 2222 III.
1629 2192 1679 2230 15,
1695 2189 1749 2224 41.

1048 2238 1226 2276 declinatio,
1249 2239 1276 2268 si
1297 2246 1367 2268 cum
1386 2238 1505 2268 ratione
1525 2237 1591 2278 fiet]
1617 2236 1752 2268 Verbo-

982 2294 1052 2314 rum
1076 2281 1159 2313 ordo
1181 2293 1248 2313 non
1271 2288 1361 2313 recte
1384 2280 1558 2324 procedit,
1592 2288 1627 2314 at
1655 2282 1749 2314 huius

981 2328 1028 2360 rei
1051 2328 1146 2370 culpa
1172 2326 1404 2359 transferenda
1424 2338 1490 2358 non
1513 2334 1563 2358 est
1582 2327 1625 2359 ad
1646 2327 1751 2360 libra-

981 2374 1066 2412 rios,
1090 2372 1149 2404 sed
1169 2372 1211 2404 ad
1230 2372 1338 2416 ipsum
1364 2371 1578 2413 Ciceronem,
1602 2372 1676 2416 qui,
1702 2373 1750 2404 uti

980 2419 1043 2451 iam
1063 2418 1193 2461 saepius
1214 2417 1411 2458 monuimus,
1435 2417 1467 2448 in
1491 2417 1540 2449 his
1559 2418 1638 2461 ipsis
1658 2417 1749 2450 libris

979 2464 1171 2507 saepissime
1205 2462 1348 2506 vulgaris
1380 2463 1540 2495 sermonis
1572 2461 1747 2506 negligen-

979 2510 1060 2541 tiam
1093 2515 1239 2541 sectatus
1272 2514 1333 2540 est.
1381 2507 1515 2539 Scilicet
1542 2507 1615 2539 sine
1646 2507 1748 2541 dubio

980 2554 1191 2586 statuendum
1216 2561 1266 2585 est
1287 2553 1321 2585 h.
1343 2553 1365 2586 l.
1387 2551 1683 2595 anantapodoton,
1709 2565 1749 2587 ea

980 2598 1101 2641 figura,
1143 2610 1241 2642 quam
1268 2598 1334 2630 iam
1358 2609 1456 2640 supra
1477 2597 1595 2630 adm.
1618 2598 1669 2637 17,
1690 2599 1745 2633 36.

980 2644 1140 2682 vidimus,
1179 2655 1242 2687 qua
1271 2642 1429 2687 apodosis
1463 2654 1535 2674 cum
1558 2643 1748 2686 parenthesi

980 2688 1111 2720 coaluit.

1046 2735 1164 2775 cautio]
1203 2729 1373 2790 ευλοὶβεια.
1409 2732 1506 2777 Diog.
1532 2734 1645 2767 Laert.
1671 2737 1743 2776 VII,

981 2777 1064 2812 116:
1101 2790 1163 2820 την
1195 2778 1234 2812 δὲ
1256 2776 1431 2835 ευλάῗβειαν
1448 2778 1622 2833 (ἐναντίαν
1643 2761 1747 2823 φασὶν

979 2821 1074 2865 εἶναι)
1096 2824 1146 2868 τῷ
1167 2822 1277 2868 φόβῳ,
1303 2826 1406 2858 ουσαν
1427 2820 1561 2879 εὔλογον
1579 2825 1743 2860 ἔκκλισιν·

976 2869 1244 2924 φοβηῇησεσὶῖαι
1268 2881 1326 2912 μεν
1347 2867 1411 2912 γὰρ
1440 2868 1496 2905 τὸν
1519 2869 1623 2915 σοφόν
1643 2868 1745 2907 euca-

978 2916 1074 2959 μῶς,
1099 2911 1404 2961 εὐλαβηῆησεσὲἲαι
1428 2914 1478 2949 δέ.

1046 2958 1096 2994 14.
1116 2970 1174 3002 ea,
1197 2960 1276 3005 qua]
1301 2961 1342 2995 V.
1361 2959 1583 2995 Adnotatain
1603 2973 1632 2995 c.
1653 2963 1692 3001 1,
1712 2961 1745 2996 2.
