1827 3133
165 88 246 131 102

163 177 264 220 blice
286 179 595 233 gratulabantur.
656 174 835 232 Ineptum
864 190 960 218 sane
986 177 1186 231 negotium
1212 184 1252 218 et
1275 176 1511 218 Graeculum
1527 209 1538 230 ,
1583 177 1653 218 sed
1675 184 1734 218 ta·

163 266 253 293 men
274 254 527 294 fortunatum.
589 249 728 292 Utrum
752 250 890 304 igitur,
925 250 959 291 si
982 257 1061 291 tum
1085 258 1191 291 esset
1215 252 1457 303 exstinctus,
1489 265 1513 292 a
1532 250 1646 292 bonis
1666 265 1732 292 re-

162 325 260 378 bus,
305 340 355 367 au
379 341 400 366 a
426 327 535 367 malis
563 325 838 366 discessisset?
879 322 1000 365 Certe
1027 339 1050 365 a
1073 325 1245 365 miseris.

163 414 256 441 cero
282 401 423 441 bellum
450 400 664 454 gessisset3
707 412 786 439 non
807 399 1018 454 imparatus
1043 412 1149 439 arma
1178 398 1434 454 sumpsisset3
1476 413 1555 439 non
1579 399 1734 439 domum

752 96 919 129 LIBER
943 98 968 130 1.
994 95 1056 138 36,
1080 95 1137 131 87.

1306 324 1402 366 Non
1428 325 1530 367 enim
1556 339 1643 366 eum
1668 338 1734 366 so-

162 474 411 529 reliquissetg
454 489 530 515 non
555 488 608 515 ex
632 471 745 513 Italia
768 472 955 527 fugisset,
1000 487 1077 513 non
1093 504 1103 524 ,
1138 472 1315 513 exercitu
1342 471 1512 525 amisso,
1546 472 1671 513 nudus
1692 472 1734 513 in

160 562 365 588 servorum
387 549 531 588 serrum
553 555 591 589 et
609 562 743 589 manus
769 547 997 589 incidisset:
1025 561 1102 586 nou
1125 546 1236 587 liberi
1260 545 1415 597 delleti3
1449 559 1528 586 non
1554 547 1733 587 fortunae

162 635 298 661 omnes
325 635 346 661 a
369 621 583 663 victoribus
607 622 916 678 possiderentur.
980 618 1082 673 Qui,
1127 620 1159 660 si
1183 627 1349 661 mortem
1373 627 1452 660 tum
1480 618 1652 671 obisset,
1691 619 1733 660 in

160 695 408 749 amplissimis
433 696 598 736 fortunis
623 695 857 746 occidisset,
899 695 931 735 is
956 694 1236 750 propagatione
1262 694 1368 736 vitae
1392 700 1487 749 quot
1503 724 1514 745 ,
1547 699 1730 748 quantas,

161 782 273 824 quam
305 769 553 814 incredibiles
586 770 714 810 bausit
744 769 1007 809 calamitates!

269 841 478 885 XXXVI.
527 843 636 884 Haeo
675 851 800 884 morte
837 843 1098 897 effugiuntur,
1145 841 1261 882 etiam
1302 840 1335 882 si
1375 855 1454 882 non
1493 849 1728 894 evenerunt,

161 923 306 968 tamen,
340 917 427 971 quia
449 924 614 973 possunt
636 917 821 967 evenire3
854 916 924 956 sed
947 916 1123 956 homines
1147 929 1192 956 ea
1216 914 1289 956 sihi
1313 915 1492 956 accidere
1513 929 1628 970 posse
1652 929 1732 956 non

159 991 347 1045 cogitant.
407 990 559 1032 Metelli
596 997 728 1046 sperat
763 990 836 1030 sihi
867 989 1029 1043 quisque
1062 991 1280 1029 fortunam:

1037 1069 1104 1103 aut
1124 1062 1221 1103 certi
1247 1061 1449 1117 quiequam
1474 1062 1524 1103 sit
1551 1062 1590 1103 in
1613 1062 1732 1104 rebus

1312 1142 1383 1178 87.
1411 1134 1491 1179 Sed
1514 1137 1586 1178 hoo
1606 1137 1731 1192 ipsum

1322 988 1484 1043 proinde
1520 989 1629 1043 quasi
1665 996 1733 1030 aut

156 1064 288 1119 plures
315 1064 501 1105 fortunati
528 1065 630 1115 sint,
666 1078 778 1118 quam
800 1063 1002 1114 infelices,

157 1137 350 1190 humanis,
379 1145 618 1194 autsperare
637 1138 688 1178 sit
705 1137 950 1193 prudentius,
973 1151 1086 1192 quain
1109 1137 1260 1178 timere.

156 1227 281 1260 teolani
305 1229 455 1261 coronati
482 1230 627 1261 fuerunt.
675 1228 776 1260 Ridet
799 1229 926 1260 Puteo—

155 1272 308 1306 lanosum
339 1275 490 1307 imitandi
525 1274 688 1313 studium,
738 1284 801 1318 quo
837 1273 926 1304 idem

155 1319 217 1350 sibi
239 1320 427 1352 faciendum
448 1320 702 1357 existimabant,
725 1319 815 1362 quod
839 1318 926 1350 cives

157 1364 335 1408 Neapolis,
374 1366 572 1408 Campaniae
593 1365 727 1408 capitis,
766 1365 925 1396 facerent.

157 1409 208 1441 De
239 1410 382 1448 ironica,
418 1423 501 1453 quae
533 1411 566 1441 in
599 1423 630 1442 v.
655 1412 804 1442 nimirum
828 1409 925 1447 inest,

156 1454 189 1486 vi
210 1455 348 1487 diximus
370 1456 411 1487 ad
437 1469 463 1488 c.
487 1457 549 1494 2⁴2,
589 1456 642 1488 52.
694 1456 846 1487 Ceterum
871 1455 926 1486 fa-

156 1500 217 1532 cile
249 1501 319 1544 quis
342 1501 467 1533 ofl'endi
492 1501 597 1543 possit
618 1508 806 1544 temporum
830 1500 925 1531 enal—

154 1544 247 1589 lage3
269 1546 409 1589 primum
427 1547 570 1590 positum
589 1552 637 1577 est
656 1546 841 1589 perfectum
858 1548 925 1585 fue-

155 1596 239 1632 runt,
264 1593 327 1623 iam
344 1593 764 1635 seqtiitu1·9ra!ulabanltzr;
787 1591 844 1622 sed
864 1592 925 1622 hac

155 1642 344 1679 temporum
382 1637 627 1681 permutatione
664 1637 779 1668 Cicero
818 1636 926 1678 aptis-

155 1682 237 1713 sime
273 1695 347 1714 usus
381 1690 441 1716 est.
490 1684 553 1715 Res
578 1682 733 1725 primaria
759 1682 925 1724 signitica—

157 1733 211 1759 tur
239 1729 392 1771 perfecto
417 1731 561 1769 fuerunt,
590 1728 783 1760 secundaria
800 1729 926 1770 irnper-

156 1773 247 1805 fecto
279 1777 542 1814 gratulabamur,
580 1773 672 1816 quasi
704 1772 829 1804 dictum
863 1772 923 1803 sit:

155 1822 293 1850 coronati
317 1822 353 1851 N.
375 1822 517 1860 suerum,
555 1820 632 1850 dum
656 1821 750 1859 vulyo
783 1828 821 1850 ex
854 1828 926 1858 opp.

152 1874 185 1904 p.
207 1867 459 1904 gratulabantur.
509 1865 561 1895 Cf.
587 1864 628 1895 ad
653 1865 730 1900 L‘L,
756 1861 787 1895 4.

228 1912 321 1950 vulgo
343 1929 388 1934 —
411 1909 667 1953 gratulabantur]
693 1909 735 1940 H.
757 1920 785 1940 e.
815 1907 926 1940 omnia

155 1953 210 1984 vel
234 1962 324 1986 certe
343 1955 499 1998 pleraque
521 1954 644 1998 oppida
664 1954 924 1997 gratulabantur.

158 1998 250 2030 Caes.
268 2000 302 2030 B.
320 2001 354 2031 C.
375 2002 397 2033 Ι.
412 2003 473 2032 ‘lt-5:
499 2003 593 2041 vulgo
614 2012 653 2031 ex
676 1999 775 2031 tectis
798 1999 927 2041 signifi-

158 2043 288 2076 cabant.
329 2045 427 2076 Corn.
443 2045 529 2087 Nep.
543 2045 768 2077 Alcib.V1.3:
795 2044 926 2076 coronis

157 2089 263 2121 aureis
291 2090 465 2133 aeneisque
489 2093 583 2130 vulgo
608 2090 651 2132 (h.
681 2101 708 2120 e
729 2090 871 2132 passim,
908 2103 926 2121 a

157 2146 276 2177 magna
294 2137 400 2178 partel
424 2135 627 2166 donabatur.
652 2134 707 2165 ubi
727 2147 756 2165 v.
770 2136 928 2166 Bremium

158 2181 271 2223 p-115.
284 2181 326 2211 Ν.
342 2181 380 2212 D.
394 2181 449 2212 111.
466 2180 515 2218 17,
530 2177 592 2212 4³.-
614 2191 709 2222 quem
725 2181 925 2220 (Saturnuml

157 2228 252 2267 vulyo
275 2226 414 2257 maxime
439 2204 552 2257 cotu’nt
573 2225 615 2256 ad
641 2224 861 2256 occidentem.
884 2224 927 2257 ad

136 2306 139 2308 ,
158 2273 230 2303 Att.
247 2271 339 2307 XVt,
357 2272 413 2304 10:
438 2272 531 2310 vulyo
549 2269 778 2313 loquebantui.
805 2269 888 2302 Ibid.
900 2272 926 2309 I,

161 2316 196 2349 1:
217 2323 341 2359 negant
356 2318 461 2357 vulyo.
491 2314 540 2347 Cf.
559 2327 619 2347 nos
634 2315 665 2346 in
682 2316 738 2346 Gr.
753 2316 792 2347 L.
811 2313 927 2359 §.r-14.

158 2361 240 2393 Not.
257 2361 353 2401 13.b)
371 2373 403 2403 p.
419 2361 496 2394 ’λζ-50.
510 2359 561 2392 ed.
574 2361 605 2392 2.
636 2361 687 2392 De
706 2372 740 2392 re
761 2360 833 2403 ipsa
844 2361 927 2392 Vel-

159 2406 214 2438 lei.
231 2408 359 2439 Paterc.
376 2408 416 2445 ΙΙ,
441 2403 503 2438 lit-5:
530 2405 593 2445 Qui
615 2407 671 2448 (se.
686 2406 874 2448 Pompeius)
899 2405 926 2437 si

160 2471 202 2476 —-
215 2452 407 2495 gravissima
426 2457 574 2482 tentatus
597 2450 786 2482 valetudine
807 2450 926 2482 deces—

161 2497 256 2529 sisset
276 2498 310 2529 in
325 2495 502 2540 Campania
524 2499 602 2539 (quo
625 2495 757 2538 quidem
775 2502 927 2539 tempore

161 2543 313 2575 universa
324 2543 418 2575 Italia
437 2548 516 2574 vota
536 2552 597 2585 pro
611 2541 716 2572 salute
730 2541 809 2579 eius,
830 2541 928 2584 primi

162 2588 308 2621 omnium
321 2588 450 2626 civium,
462 2586 642 2630 suscepit):
667 2586 828 2617 defuisset
841 2587 927 2618 For-

161 2639 262 2666 tunae
288 2613 480 2666 destruenili
504 2632 571 2664 eius
592 2632 682 2664 locus
697 2656 705 2672 ‚
744 2637 794 2668 et,
832 2643 929 2674 quam

161 2679 250 2721 apud
296 2691 433 2723 superos
465 2678 626 2710 habuerat
657 2675 927 2719 magnitudinem,

160 2724 323 2756 illibatam
347 2724 521 2756 detulisset
545 2723 587 2755 ad
609 2722 697 2754 infe}
700 2733 746 2754 os

225 2772 363 2811 ineptum
395 2780 468 2803 sane
490 2771 647 2810 negotium
674 2772 701 2800 et
726 2768 926 2809 Graeculum]

163 2814 361 2846 Graeculum
380 2815 550 2858 negotium
569 2812 787 2856 contemptim
810 2811 930 2843 dicitur

161 2857 203 2889 de
226 2871 353 2892 summo
377 2862 578 2892 Graecorum
601 2857 755 2901 Pompeio
774 2856 929 2901 placendi

160 2908 195 2933 et
218 2902 411 2937 blandiendi
440 2905 562 2938 studio.
612 2907 815 2938 Fortunatam
838 2913 930 2943 nego-

159 2949 237 2979 tium
270 2956 319 2980 est
352 2962 405 2982 res
438 2951 560 2983 bonam
593 2949 728 2982 alicuius
760 2949 930 2981 fortunam

156 2992 343 3036 significans
358 3019 366 3031 ,
392 2995 445 3027 vel
465 2995 660 3040 simpliciter
681 3006 734 3028 res
753 2993 853 3035 felix,
878 3005 930 3026 res

960 1228 1080 1259 fausta.
1124 1229 1277 1260 Kernius:
1300 1229 1443 1260 indessen
1465 1229 1543 1260 doch
1564 1237 1624 1260 von
1644 1231 1735 1268 ,auter

959 1275 1150 1313 Bedeutuny.

1027 1329 1097 1350 cum
1120 1317 1237 1361 socero]
1277 1317 1311 1349 G.
1337 1317 1422 1350 Iulio
1447 1318 1605 1356 Caesare,
1643 1317 1733 1349 cuius
1755 1341 1758 1344 -

961 1363 1026 1394 filia
1049 1363 1128 1394 Iulia
1157 1362 1316 1406 Pompeio
1338 1370 1442 1407 nupta
1465 1370 1547 1395 erat.
1592 1365 1732 1396 Neidius.

1026 1420 1088 1441 non
1122 1411 1208 1441 liberi
1247 1410 1362 1451 defleti]
1410 1409 1475 1441 Alii
1516 1420 1589 1441 cum
1620 1408 1732 1452 paucis

961 1453 1180 1485 deterioribus
1217 1453 1315 1485 codd.
1356 1454 1442 1486 male
1474 1454 1589 1497 legunt
1628 1455 1730 1486 deleti.

960 1499 1136 1530 Enimvero
1151 1499 1265 1531 Cicero
1287 1499 1320 1532 h.
1336 1499 1358 1531 l.
1380 1499 1526 1543 loquitur
1546 1499 1587 1532 de
1609 1499 1649 1531 iis
1673 1510 1730 1531 ca-

959 1545 1176 1582 lamitatibus,
1213 1556 1291 1588 quas
1315 1545 1387 1588 ipse
1412 1546 1520 1577 hausit
1543 1543 1731 1588 Pompeius.

960 1593 1002 1622 At
1026 1590 1081 1621 lilii
1099 1591 1258 1634 Pompeii,
1285 1591 1417 1623 Gnaeus
1439 1597 1473 1622 et
1493 1593 1630 1629 Sextus,
1653 1596 1732 1632 post

960 1636 1084 1667 obitum
1099 1637 1201 1678 patris
1216 1635 1348 1668 demum
1361 1636 1460 1668 deleti
1475 1643 1568 1668 sunt:
1592 1646 1733 1679 quorum

962 1681 1055 1719 alter,
1082 1684 1197 1712 Sextus
1214 1681 1396 1724 Pompeius,
1421 1681 1572 1714 Ciceroni
1591 1680 1654 1724 ipsi
1673 1692 1732 1712 su-

961 1734 1087 1769 perstes
1111 1727 1174 1757 snit
1197 1733 1229 1758 et
1254 1738 1313 1770 per
1342 1727 1465 1759 multos
1496 1738 1599 1759 annos
1623 1737 1733 1758 rerum

960 1779 1125 1814 gestarum
1154 1772 1260 1814 gloria
1286 1772 1406 1804 floruit.
1457 1773 1545 1804 Hinc
1568 1771 1733 1814 intelligi-

959 1825 1035 1856 tur,
1072 1817 1249 1849 lectionem
1280 1819 1370 1849 deleti
1393 1829 1411 1848 a
1436 1817 1603 1849 Ciceronis
1634 1828 1733 1849 manu

961 1862 1123 1906 proficisci
1138 1875 1203 1895 non
1219 1862 1374 1906 potuisse.
1403 1863 1525 1894 Contra
1541 1865 1643 1904 defleti
1658 1874 1734 1894 sen-

960 1908 1098 1939 tentiam
1116 1908 1192 1940 huic
1209 1909 1282 1940 loco
1298 1908 1436 1951 praebet
1450 1907 1733 1940 accommodatis—

960 1953 1088 1985 simam.
1134 1956 1243 1995 Defleti
1262 1954 1348 1986 enirn
1368 1959 1444 1985 sunt
1465 1965 1483 1985 a
1506 1953 1666 1995 Pompeio
1686 1953 1732 1984 li-

961 1999 1050 2038 beri,
1077 2006 1193 2042 utpote
1214 1999 1280 2031 iam
1301 1999 1451 2031 omnibus
1472 1997 1645 2042 praesidiis
1667 2009 1734 2030 nu-

963 2044 1031 2076 dati
1054 2052 1087 2076 et
1107 2044 1207 2076 ruinis
1230 2044 1331 2088 patris
1350 2045 1421 2076 sine
1439 2044 1539 2076 dubio
1559 2043 1733 2075 obruendi.

963 2090 1169 2121 Sententiam
1199 2097 1309 2122 autem
1337 2102 1404 2122 non
1434 2090 1514 2121 satis
1543 2095 1624 2133 apto
1655 2089 1733 2122 loco

963 2136 1127 2178 prolatam
1151 2147 1240 2174 esse,
1279 2135 1380 2168 caede
1400 2135 1527 2167 scilieet
1547 2135 1614 2167 iam
1638 2145 1731 2167 com-

961 2188 1143 2212 memorata
1170 2181 1338 2224 Pompeii,
1375 2181 1411 2213 id
1441 2181 1574 2224 quidem
1598 2179 1732 2222 largior,

962 2225 1022 2257 sed
1054 2225 1085 2256 in
1120 2225 1169 2257 his
1195 2227 1393 2258 festinanter
1414 2225 1610 2269 conscriptis
1640 2225 1733 2258 libris

962 2282 1028 2302 non
1054 2270 1233 2303 admodum
1259 2271 1437 2303 curandum
1462 2271 1626 2303 existimo.

1030 2317 1133 2347 [bausit
1151 2316 1360 2359 calamitates]
1380 2316 1519 2348 Pulchra
1538 2316 1735 2358 metaphora

961 2361 1097 2393 verbum
1134 2363 1299 2394 hauriendi
1335 2361 1456 2393 dicitur
1487 2361 1530 2393 de
1563 2361 1733 2398 doloribus

962 2413 994 2438 et
1017 2406 1269 2443 calamitatibus,
1296 2418 1378 2450 quae
1399 2407 1579 2439 subeuntur
1599 2413 1632 2438 et
1651 2417 1733 2449 per-

962 2452 1122 2484 seruntur.
1183 2452 1287 2484 Cicer.
1312 2454 1401 2484 Sext.
1417 2453 1480 2491 29,
1506 2452 1570 2485 63:
1607 2451 1733 2484 luctum

962 2509 1021 2528 nos
1042 2497 1206 2529 hausimus
1223 2497 1393 2537 maiorem,
1417 2497 1569 2529 dolorem
1586 2497 1642 2529 ille
1657 2497 1732 2529 ani-

962 2543 1005 2574 mi
1022 2554 1089 2574 non
1110 2543 1282 2575 minorem.
1303 2554 1365 2586 pro
1379 2544 1475 2575 Dom.
1495 2542 1621 2581 11‚30:
1646 2543 1733 2574 hau-

962 2588 1025 2619 rire
1042 2600 1094 2619 me
1109 2600 1206 2620 unum
1223 2588 1482 2631 indignissimam
1499 2587 1732 2620 calamitatem.

961 2634 1001 2664 V.
1018 2635 1150 2665 Erneslii
1172 2634 1263 2666 Clav.
1286 2634 1435 2665 Ciceron.
1453 2634 1486 2665 h.
1499 2645 1530 2665 v.
1566 2633 1652 2665 Alibi
1669 2633 1733 2665 hac

962 2677 995 2708 vi
1027 2678 1161 2719 ponitur
1194 2678 1330 2710 verbum
1362 2677 1581 2721 compositum
1613 2680 1732 2711 exhau-

962 2725 1086 2764 riendi,
1112 2729 1148 2753 ut
1167 2722 1279 2754 Livius
1298 2724 1396 2755 XXI.
1421 2723 1484 2756 21:
1521 2723 1611 2766 quies
1643 2722 1732 2755 inter

963 2767 1094 2798 labores
1115 2774 1171 2799 aut
1190 2767 1256 2799 iam
1278 2768 1475 2807 exhaustos,
1499 2774 1556 2799 aut
1574 2779 1651 2800 mox
1671 2779 1731 2800 ex·-

963 2812 1161 2844 hauriendos
1178 2813 1351 2844 renovavit
1368 2824 1520 2866 corpora.
1546 2813 1601 2846 Sic
1615 2813 1734 2846 Graeci

965 2857 1078 2889 dicunt
1103 2854 1199 2891 ἀντ)ε
1204 2861 1251 2898 ἰν,
1287 2856 1450 2898 ἐξαντλεῖν
1473 2855 1588 2897 πόνον,
1613 2870 1730 2903 τυχην,

967 2902 1052 2948 βίον.
1091 2903 1179 2934 unde
1211 2903 1356 2935 manavit
1376 2903 1514 2935 latinum
1538 2884 1658 2936 laliores
1680 2915 1734 2936 ex-

966 2950 1117 2989 anelare,
1141 2954 1177 2980 ut
1201 2960 1227 2981 c.
1249 2946 1314 2988 49,
1342 2949 1416 2982 1Ῑὸ-
1431 2950 1486 2981 ΙΙ.
1511 2949 1551 2991 8,
1576 2949 1631 2982 20.
1679 2949 1734 2981 Sic

967 2993 1080 3038 Eurip.
1107 2993 1243 3038 Cyclop.
1267 2995 1327 3028 10·
1360 2993 1505 3035 ἐξαντλῶ
1529 2992 1638 3029 πόνον.
1680 2993 1731 3027 cf.
