1859 3117
706 74 1057 108 PRoLEGoMENA.
1645 67 1674 111 9

90 162 133 200 in
152 159 431 213 philosophiae
453 157 800 210 disquisitionibus
820 157 906 195 eius
929 171 1058 196 sermo
1076 156 1225 210 placidi
1245 156 1423 196 fluminis
1443 157 1573 197 instar
1597 159 1671 198 de-

91 230 235 279 currit,
265 242 418 281 semper
440 234 570 266 tamen
590 226 814 279 prudenter
837 226 973 264 stilum
998 226 1051 264 ad.
1072 226 1131 264 rei
1155 239 1272 277 quam
1296 228 1563 278 pertractavit
1581 242 1671 266 ino-

91 304 269 337 mentum
303 297 540 349 composuit.
606 296 650 335 In
685 294 968 333 subtilioribus
1006 295 1110 333 enim
1149 295 1390 348 argumentis
1423 297 1673 347 exponendis

92 367 223 405 oratio
245 367 328 404 fere
345 379 451 417 pura
470 371 530 404 est
550 371 668 416 atque
688 363 879 412 dilucida,
910 363 1031 401 nullis
1050 363 1242 402 adhibitis
1261 363 1453 402 serni-onis
1475 365 1672 404 illecebris

92 449 138 474 ac
161 434 389 485 lenociniis,
421 447 544 486 quum
571 439 702 471 autem
728 432 776 470 de
804 433 924 470 rebus
954 433 1261 484 grandioribus,
1292 433 1419 471 veluti
1450 433 1498 471 de
1529 434 1671 473 divino

91 503 254 542 numine
273 503 437 555 eiusque
457 502 693 551 virtutibus,
723 501 773 540 de
791 500 932 539 mundi
949 500 1269 553 pulchritudine,
1294 501 1438 540 ordine
1456 509 1577 553 atque
1598 517 1671 542 or-

91 579 211 622 natu,
242 572 291 610 de
312 572 472 610 moralis
495 571 701 609 doctrinae
725 570 965 622 gravissimis
991 570 1233 622 argumentis
1259 571 1382 608 verba
1407 571 1521 620 facit,
1553 578 1673 623 atque

92 641 200 693 ipsae
220 654 283 679 res
305 641 429 679 verba
451 640 635 691 rapiunt,
666 646 752 677 tum
775 639 906 678 oratio
927 638 1160 677 sublimiore
1184 638 1297 689 quasi
1320 639 1468 690 spiritu
1493 640 1673 693 exsurgit

93 716 133 747 et
153 723 304 747 summo
328 708 485 748 romani
505 708 695 746 sermonis
718 708 932 760 splendore
953 722 998 747 ac
1016 708 1230 757 maiestate,
1261 713 1300 746 et
1321 707 1542 748 beatissima
1568 723 1671 761 qua-

93 777 183 816 dam
211 778 362 831 ingenii
391 778 575 817 ubertate
604 778 748 816 elucet.

195 1053 845 1132 'rUSCLJLANARUiil
898 1084 1567 1132 DISPUTATIONUM

742 1188 864 1220 LIBRI
887 1188 1025 1228 PRIMI,

484 1265 555 1301 QUl
583 1265 662 1295 EST
688 1266 741 1293 DE
768 1266 1089 1294 CONTEMNENDA
1114 1267 1278 1303 MORTE,

645 1340 1112 1379 CONSPECTUS.

205 1465 235 1503 Ι.
293 1466 554 1516 ΡΒοοΕΜωΜ,
584 1466 627 1504 in
655 1481 735 1518 quo
759 1467 899 1506 Cicero
929 1480 1090 1519 graecae
1121 1465 1403 1519 philosophiae
1432 1465 1568 1505 latinis
1598 1466 1670 1505 lit-

92 1533 188 1572 teris
207 1534 468 1572 illustrandae
489 1535 698 1573 consilium
722 1536 891 1588 exponit
912 1538 1263 1586 Romanorumque
1283 1534 1498 1587 ingenium,
1528 1549 1671 1584 mores,

92 1615 176 1640 rem
215 1610 254 1641 et
283 1602 534 1641 domesticam
576 1611 615 1642 et
642 1605 862 1656 publicam,
901 1605 1056 1643 litteras
1092 1611 1275 1656 artesque
1306 1618 1396 1642 cum
1425 1605 1671 1642 Graecorum

93 1677 319 1723 comparat.
343 1686 430 1724 cap.
454 1666 596 1712 1—42

205 1740 253 1778 Il.
311 1741 570 1780 DisPU'rA'rIO.
634 1742 807 1780 Ponitur
843 1743 892 1781 ab
931 1742 1136 1781 auditore:
1180 1755 1329 1780 MALUM
1367 1754 1459 1778 ESSE
1490 1755 1674 1779 MORTEM.

93 1808 332 1858 Quaeritur,
362 1809 462 1864 iisne
483 1824 589 1849 mors
616 1811 762 1849 malum
784 1811 855 1862 sit,
887 1811 957 1862 qui
980 1811 1059 1849 iarn
1089 1810 1240 1848 mortui
1265 1810 1365 1859 sint,
1397 1823 1449 1847 an
1476 1809 1545 1859 iis,
1576 1810 1671 1861 qui-

91 1876 167 1914 bus
186 1878 436 1916 moriendum
462 1879 527 1917 sit.
571 1881 736 1918 stlalum
758 1887 887 1918 autem
909 1894 991 1917 eam
1013 1880 1095 1918 vim
1118 1878 1249 1927 habet,
1280 1884 1327 1916 ut
1348 1878 1449 1916 idem
1475 1878 1540 1928 sit,
1561 1879 1673 1929 quod

93 1948 304 1991 miserum,
337 1947 526 1998 quoniam
541 1962 648 1985 mors
669 1962 719 1986 ex
741 1949 790 1986 iis
815 1948 927 1985 malis
951 1954 1020 1997 est,
1053 1961 1152 1999 quae
1170 1947 1348 1985 sensibus
1371 1947 1672 1999 percipiantur.

92 2013 216 2061 Quod
244 2014 278 2052 si
307 2015 433 2066 igitur
456 2029 563 2053 mors
592 2016 772 2066 utrisque
803 2016 948 2054 malum
971 2023 1042 2054 aut
1071 2016 1258 2054 miserum
1280 2022 1357 2065 est,
1387 2017 1592 2066 sequitur,
1623 2022 1672 2054 ut

92 2096 226 2120 omnes
255 2083 389 2120 miseri
418 2083 517 2132 sint,
556 2090 594 2121 et
624 2098 706 2122 non
743 2084 871 2122 solum
905 2085 1055 2135 miseri,
1095 2085 1164 2123 sed
1194 2085 1313 2123 etiam
1343 2098 1497 2136 semper
1525 2085 1672 2135 miseri,

95 2150 284 2200 quoniam
316 2165 399 2188 non
429 2151 558 2189 solum
588 2152 616 2190 ii
646 2153 779 2191 miseri
802 2160 917 2204 sunt,
955 2154 1026 2206 qui
1056 2154 1221 2204 vivunt,
1263 2154 1331 2192 sed
1361 2154 1478 2192 etiam
1508 2154 1559 2204 ii,
1603 2154 1673 2205 qui

94 2219 245 2256 mortui
273 2225 382 2257 sunt.
411 2234 445 2258 c.
465 2224 504 2258 5.
532 2219 574 2272 §.
595 2225 634 2260 9.

205 2287 408 2326 Sententia
436 2289 648 2341 proposita
677 2290 889 2330 refellitur.
946 2291 1124 2330 Primum
1154 2292 1468 2341 demonstratur,

211 2359 248 2394 1.
309 2357 483 2402 Allonem,
514 2373 594 2396 non
617 2374 700 2397 esse
723 2361 882 2397 malum
909 2375 1035 2412 neque
1060 2363 1139 2406 iis,
1173 2363 1246 2412 qui
1272 2362 1360 2398 iam
1383 2362 1537 2397 mortui
1560 2365 1671 2403 sunt,

94 2439 219 2476 neque
238 2427 316 2470 iis,
348 2428 421 2476 qai
448 2425 587 2464 adhuc
619 2430 777 2468 vivunt.
837 2429 935 2467 Nam
964 2427 1007 2480 α)
1032 2443 1132 2480 quae
1155 2430 1202 2467 de
1223 2429 1423 2468 deteriore
1446 2434 1539 2480 post
1559 2439 1672 2463 mor-

94 2499 172 2530 tem
192 2499 299 2531 statu
326 2493 533 2544 feruntur,
562 2502 773 2547 poetarum
793 2503 833 2535 et
858 2497 1061 2548 pictorum
1085 2504 1304 2536 commenta
1333 2504 1427 2535 sunt
1452 2503 1490 2534 et
1519 2494 1673 2532 idcirco

94 2561 209 2599 nobis
228 2575 311 2599 non
328 2563 552 2601 metuenda.
582 2578 616 2603 c.
629 2569 669 2603 5.
689 2563 730 2617 §.
744 2569 809 2605 10.
830 2586 889 2594 —-
918 2564 958 2618 b)
977 2567 1113 2616 Neque
1135 2573 1221 2604 tum
1238 2580 1344 2604 mors
1364 2565 1550 2602 miserum
1570 2560 1671 2614 (nia-

95 2628 192 2681 lum)
213 2637 346 2681 potest
366 2644 458 2681 esse,
488 2631 520 2669 si
538 2631 716 2671 homines
737 2640 830 2685 post
850 2641 1017 2672 mortem
1038 2635 1140 2672 nulli
1163 2641 1270 2673 sunt.
1329 2635 1365 2672 N
1368 2646 1429 2669 am
1459 2634 1497 2678 α)
1521 2632 1674 2668 mortui

96 2697 130 2734 si
150 2698 252 2735 nulli
271 2705 383 2749 sunt,
413 2713 488 2738 nec
506 2701 647 2739 mortis
669 2716 825 2740 sensum
852 2709 1023 2754 possunt
1044 2702 1211 2752 habere,
1253 2716 1324 2740 nec
1350 2700 1456 2738 vitae
1485 2699 1671 2737 fortunas

97 2766 319 2806 recordari:
349 2768 417 2817 ita,
448 2769 542 2820 quia
561 2770 721 2808 omnino
744 2785 826 2809 non
845 2777 952 2821 sunt,
983 2786 1032 2809 ne
1053 2771 1189 2809 miseri
1210 2770 1366 2822 quidem
1387 2757 1467 2805 esse
1486 2773 1670 2820 possunt.

98 2833 201 2885 Ergo
227 2838 400 2874 mortuis
422 2851 527 2876 mors
556 2853 639 2876 non
661 2846 718 2877 est
732 2840 889 2877 malum.
921 2854 956 2878 c.
970 2844 1009 2879 6.
1035 2838 1076 2892 §-
1093 2843 1224 2879 11.-—
1258 2852 1291 2875 C·
1307 2841 1345 2876 7·
1375 2837 1511 2888 Neque
1533 2835 1575 2888 β)
1598 2839 1670 2874 νί-

100 2908 248 2947 ven'tes,
281 2916 403 2953 quum
423 2905 675 2944 moriendum
694 2908 765 2957 sit,
795 2908 927 2946 miseri
946 2915 1061 2957 sunt,
1092 2907 1202 2957 quia,
1234 2904 1424 2956 quoniam
1444 2912 1535 2957 post
1554 2919 1667 2944 mor-

105 2974 178 3005 tem
196 2969 297 3008 nihil
321 2978 379 3010 est
398 2974 510 3023 mali,
539 2988 589 3014 ne
614 2989 721 3015 mors
742 2976 902 3028 quidem
923 2982 982 3015 est
1004 2976 1161 3014 malum.
1218 2973 1341 3013 Morti
1361 2980 1492 3014 autem
1523 2976 1667 3027 proxi-
