1811 3053
143 63 198 107 32
748 65 1097 99 PROLEGOMENA.

254 155 312 193 ita
333 151 545 192 dicendum
567 156 643 199 est,
674 148 836 187 eandem
859 148 939 188 vim
968 148 1011 186 in
1038 148 1192 187 virtute
1215 161 1296 187 esse
1324 148 1374 186 ad
1399 143 1552 188 beatam'
1574 150 1697 189 vitam
1706 165 1717 200 5

256 221 554 262 contrariorum
575 218 677 256 enim
700 216 905 255 contraria
929 222 1024 254 sunt
1046 217 1341 267 consequentia.
1379 215 1421 269 ᾗ.
1443 220 1514 256 50.
1564 218 1720 257 Vitium

257 298 389 329 autem
413 295 451 326 et
478 288 611 326 virtus
642 285 844 324 contraria
874 291 984 322 sunt:
1028 285 1197 322 alterum
1218 285 1381 323 alteram
1413 285 1541 335 tollit,
1579 291 1646 336 ut,
1676 286 1720 324 in

257 373 371 411 quem
392 357 534 395 cadant
555 353 834 405 aegritudineS,
866 353 1028 391 virtutis
1048 367 1206 404 compos
1225 366 1305 391 esso
1324 367 1407 391 non
1426 353 1567 404 possit.
1596 351 1637 405 ᾗ.
1651 357 1720 393 50.

257 430 372 465 c.18.
413 426 443 462 Ε
466 424 548 461 τίω
574 422 910 467 nobilissimorum
932 420 1136 458 hominum
1160 422 1338 472 exempla
1358 422 1597 471 afferuntur,
1623 421 1719 473 qui-

255 496 330 533 bus
353 492 598 541 ostendatur,
628 490 773 529 vitium
793 489 984 538 miseram,
1015 489 1208 527 virtutem
1229 490 1382 527 beatam
1406 490 1531 528 vitam
1555 490 1721 529 efficere.

256 578 290 600 c.
319 564 518 600 19—25.

177 642 225 696 θ)
257 642 338 690 Qui
357 642 485 679 bonus
512 646 587 688 est,
618 639 645 677 i.
663 653 696 677 e.
723 637 888 677 virtutis
915 651 1094 689 cotnpOS,
1124 637 1226 674 idem
1249 636 1406 687 sapiens
1430 638 1457 674 i.
1480 649 1513 674 e.
1536 636 1720 688 philoso-

255 711 362 762 phus
385 715 455 747 est.
514 700 674 759 Sapiens
694 714 823 745 autem
850 713 886 743 et
911 705 1258 757 praestantissimis
1280 705 1401 743 animi
1421 705 1538 743 bonis
1561 705 1720 756 gaudet,

256 786 295 817 et
320 792 441 828 quum
466 777 505 814 in
534 777 676 823 otiosa,
708 783 792 813 tum
821 775 861 811 in
884 775 1045 825 publica
1070 774 1153 811 vita
1182 787 1201 810 e
1226 773 1421 824 sapientia
1446 772 1721 825 pulcherrima

255 847 398 898 gaudia
427 845 611 897 percipit.
671 843 866 895 Sapientis
898 843 1023 893 igitur
1052 842 1135 880 vita
1166 841 1267 879 nihil
1292 841 1509 891 desiderat,
1553 855 1634 892 quo
1668 841 1721 879 sit

254 916 422 953 beatior.
481 913 730 964 Exprinzitur
765 911 842 949 xiri
877 911 1082 948 cuiusdam
1109 910 1271 961 optimis
1301 910 1456 947 artibus
1483 909 1720 960 praestantis

250 984 401 1033 imago,
442 983 589 1033 partini
617 981 799 1017 omnibus
823 978 1100 1030 philosophiae
1126 977 1346 1029 disciplinis
1371 978 1541 1026 exculti,
1572 978 1721 1028 partim

253 1052 295 1089 in
319 1051 523 1102 republica
546 1049 716 1096 rei-sati,
748 1047 1004 1096 amicitiisque
1025 1046 1236 1083 doctorum
1258 1052 1297 1083 et
1321 1046 1561 1097 sapientium
1584 1045 1719 1082 homi-

254 1133 351 1158 num
371 1118 570 1166 florentis,
602 1116 928 1165 ostenditurque,
959 1115 1029 1165 qui
1051 1115 1099 1152 iis
1123 1114 1275 1165 gaudiis
1301 1115 1476 1163 fruatur,
1508 1127 1596 1152 eum
1622 1115 1717 1152 bea-

254 1196 339 1226 tum
371 1201 470 1235 esse,
502 1187 621 1236 idque
651 1197 804 1223 necesse
834 1196 915 1220 esse
946 1196 1076 1220 omnes
1108 1182 1306 1220 confiteri.
1351 1196 1383 1220 c.
1408 1186 1476 1221 24.
1500 1187 1568 1220 25.
1646 1173 1649 1179 ¹

281 1293 318 1330 g.
378 1276 643 1315 Adversarius
668 1275 845 1325 quaerit,
877 1289 1078 1325 semperne
1104 1276 1269 1324 Sapiens
1293 1273 1436 1310 beatas
1462 1288 1545 1310 esa-e
1562 1275 1716 1324 poss-it,

141 1350 265 1387 etiam
286 1350 329 1384 m
356 1348 544 1383 cruciatu
566 1352 599 1381 et
628 1345 850 1380 tormentis.
904 1342 1008 1379 Huic
1027 1342 1164 1378 Cicero
1188 1341 1415 1392 respondet,
1443 1341 1483 1378 id
1503 1354 1585 1378 non
1605 1354 1718 1392 egere

139 1414 501 1467 argumentatione,
532 1413 746 1463 sapientem
768 1412 925 1448 beatum
951 1412 1054 1458 sore,
1086 1410 1118 1447 si
1142 1410 1183 1446 in
1204 1410 1288 1447 vita
1315 1409 1499 1446 omnibus
1522 1409 1715 1447 iucundi-

137 1485 287 1523 tatibus
310 1484 457 1520 referta
484 1481 767 1519 constituatur.
826 1480 867 1516 Si
899 1478 976 1529 ipsi
1000 1478 1195 1528 Epicure,
1234 1477 1304 1528 qui
1327 1477 1574 1528 voluptatem
1604 1491 1716 1515 sum-

137 1567 243 1591 mum
266 1553 428 1599 bonum,
461 1550 638 1587 dolorem
662 1561 854 1586 summum
876 1547 1020 1584 malum
1039 1560 1118 1583 esse
1136 1546 1254 1594 dicat,
1287 1546 1419 1583 dicere
1442 1546 1587 1594 licebit,
1619 1546 1715 1583 nul-

138 1622 222 1660 lum
252 1619 422 1672 sapienti
443 1632 522 1656 esse
548 1625 718 1669 tempus,
751 1616 821 1654 etsi
838 1606 1030 1653 ‘maximos
1054 1615 1255 1652 cruciatus
1275 1615 1468 1665 patiatur,
1501 1614 1599 1664 quin
1620 1614 1715 1651 bea-

136 1697 202 1728 tus
227 1689 294 1726 sit:
339 1688 463 1725 multo
488 1686 609 1737 magis
633 1685 841 1723 dicendum
874 1691 932 1721 est
960 1684 1026 1731 iis,
1065 1683 1133 1733 qui
1160 1682 1262 1720 nihil
1287 1682 1569 1733 expetendum,
1610 1681 1716 1719 nihil

136 1759 179 1796 in
201 1757 316 1795 bonis
342 1755 586 1803 ducendum,
619 1754 726 1804 quod
753 1753 960 1790 honestate
987 1758 1135 1799 careat,
1167 1751 1409 1788 existimant.
1438 1772 1496 1778 -—-
1554 1750 1714 1802 Optan-

138 1827 233 1865 dum
267 1838 359 1862 sane
387 1823 501 1871 dicit,
542 1829 589 1860 ut
613 1822 730 1859 etiam
760 1819 1015 1872 Peripatetici
1045 1826 1277 1868 veteresque
1307 1819 1528 1857 Academici
1558 1819 1716 1856 tandein

139 1893 354 1944 aliquando
387 1898 521 1942 aperte
551 1897 589 1928 et
613 1890 718 1927 clara
742 1903 840 1927 voce
865 1903 953 1927 cuni
978 1887 1120 1925 Stoicis
1151 1889 1325 1924 audeant
1346 1887 1496 1936 dicere,
1526 1887 1716 1939 sapientis

136 1962 261 2001 vitain
293 1961 409 1998 etiam
439 1959 479 1996 in
511 1958 690 1996 maximis
722 1958 965 1995 cruciatibus
995 1957 1147 1994 beatam
1170 1969 1263 1993 esse.
1301 1969 1334 1993 c.
1353 1960 1420 1994 26.
1439 1959 1506 1995 27.

250 2040 291 2077 h.
333 2040 412 2076 Iam
436 2038 571 2075 Cicero
596 2038 701 2074 redit
722 2037 771 2074 ad
792 2051 874 2074 eam
897 2036 1140 2084 sententiam,
1164 2049 1242 2086 qua
1261 2035 1569 2086 disputationem
1589 2047 1713 2072 exor-

138 2123 206 2148 sus
231 2114 300 2156 est,
332 2113 369 2144 et
394 2119 510 2156 quam
530 2106 703 2156 probare
724 2112 888 2142 conatus
914 2112 983 2153 est,
1012 2105 1135 2142 vitam
1159 2105 1310 2142 beatam
1333 2104 1504 2142 virtutes
1526 2104 1641 2141 etiam
1665 2103 1715 2141 ad

138 2177 309 2215 maxima
344 2180 540 2212 tormenta
578 2173 876 2222 cruciatumque
907 2173 1111 2223 prosequi.
1176 2174 1256 2209 Nec
1289 2172 1391 2209 enim
1429 2172 1596 2209 virtutes
1628 2172 1714 2209 sine

138 2246 251 2284 beata
274 2244 357 2281 vita
381 2241 593 2279 cohaerere
614 2247 805 2292 possunt,
836 2253 908 2277 nec
933 2240 1001 2276 illa
1024 2240 1106 2276 sine
1127 2239 1364 2277 virtutibus.
1421 2240 1465 2277 [d
1485 2240 1714 2278 illustratur

137 2312 396 2365 imaginibus,
428 2310 574 2360 quibus
597 2308 721 2346 Stoici
746 2314 921 2345 utuntur
943 2308 992 2345 ad
1015 2307 1211 2345 virtutum
1240 2307 1515 2357 amplissimam
1536 2308 1713 2359 dignita-

137 2389 215 2420 tem
242 2378 540 2418 describendam
572 2377 638 2428 (cf.
662 2391 694 2414 c.
718 2381 757 2414 5.
782 2375 950 2427 §.15.)‚
981 2390 1013 2413 c.
1037 2378 1105 2413 28.
1134 2373 1175 2426 §-
1194 2378 1262 2414 80.
1280 2378 1347 2413 81.
1374 2375 1713 2427 confirmaturque

139 2450 366 2488 Stoicorum
397 2445 663 2484 conclusione.
700 2443 740 2496 §-
763 2448 830 2482 82.

250 2539 317 2578 ΙΙΙ.
377 2536 618 2585 Quaestione
645 2534 853 2587 proposita
885 2534 934 2572 ad
963 2534 1113 2572 exitum
1143 2534 1355 2586 perducta,
1397 2534 1475 2572 alia
1499 2535 1712 2573 subiicitur

140 2608 382 2660 disputatio,
413 2619 508 2656 qua,
538 2603 860 2642 Academicorum
893 2603 1076 2640 libertate
1104 2616 1218 2652 usus,
1262 2617 1522 2654 quaecunque
1549 2604 1711 2641 diss-en-

141 2679 331 2714 tientium
352 2673 693 2727 philosophorum
724 2673 924 2708 sententia
957 2675 1012 2708 sit
1036 2672 1084 2709 de
1112 2686 1268 2708 summo
1295 2672 1418 2714 bono,
1460 2678 1596 2708 tamen
1619 2673 1709 2710 vir-

142 2752 267 2782 tutem
293 2746 400 2781 satis·
425 2741 570 2779 habere
598 2740 657 2779 ad
678 2742 810 2776 vitam
835 2739 998 2775 beatam
1017 2739 1247 2789 praesidii,
1286 2738 1555 2776 demonstrare
1583 2752 1708 2776 cona—

141 2816 224 2848 tur.
264 2826 296 2849 c.
322 2815 390 2850 29.
447 2811 584 2860 Itaque
608 2807 786 2846 breviter
816 2813 1102 2844 enumerantur
1127 2805 1473 2857 philosophorum
1493 2806 1709 2845 sententiae

144 2876 193 2914 de
216 2891 364 2917 summo
395 2880 520 2917 bono:
551 2890 650 2929 quae
679 2882 749 2914 aut
778 2874 973 2927 simplices
1001 2880 1113 2922 sunt,
1143 2880 1214 2912 aut
1242 2873 1404 2912 mixtae:
1435 2880 1475 2912 et
1503 2874 1679 2926 quidem:
