1843 3101
162 16 247 61 304

163 116 296 167 putat,
341 123 459 165 quum
483 121 613 149 rerum
633 120 796 149 caussas
829 106 929 148 alias
960 120 1014 148 ex
1044 107 1132 148 aliis
1152 114 1266 164 aptas
1296 114 1337 149 et
1361 97 1604 151 necessitate
1629 122 1760 152 nexas

164 186 297 238 videt,
346 184 486 239 quibus
523 183 571 224 ab
607 190 772 224 aeterno
804 189 982 239 tempore
1012 182 1223 224 fluentibus
1253 182 1293 224 in
1321 190 1528 225 aeternum
1563 183 1667 226 ratio
1698 191 1760 226 ta-

163 275 256 302 men
277 272 466 313 meusque
491 257 736 299 moderatur.
800 264 870 300 71.
905 256 1018 300 Haec
1043 257 1107 299 ille
1130 257 1290 299 intuens
1313 265 1433 318 atque
1455 258 1677 315 suspiciens
1694 259 1761 302 vel

164 335 294 392 potius
317 347 456 374 omnes
482 340 614 388 partes
637 346 808 388 orasque
829 332 1154 388 circumspiciens
1177 340 1324 388 quanta
1346 347 1487 376 rursus
1507 333 1629 376 animi
1651 340 1762 376 tran-

163 410 357 466 quillitate
389 408 559 449 humana
588 415 628 449 et
661 408 848 449 citeriora
881 408 1133 449 considerat!
1181 407 1287 449 Hinc
1310 407 1378 450 illa
1400 408 1576 465 cognitio
1602 409 1761 451 virtutis

162 484 348 535 exsistit,
383 484 636 524 efflorescunt
659 497 808 538 genera
833 490 1043 539 partesque
1068 483 1284 535 virtutum,
1317 483 1544 537 invenitur,
1577 483 1669 540 quid
1689 484 1758 537 sit,

717 24 886 58 Linea
910 26 952 59 v.
977 23 1042 68 25,
1067 23 1122 60 71.
1146 23 1202 60 72.

162 559 265 615 quod
289 566 429 600 natura
458 565 612 614 spectet
631 565 852 599 extremum
873 558 1073 610 inbonis,
1119 558 1209 613 quid
1245 559 1284 599 in
1307 558 1422 600 malis
1440 558 1642 611 ultimum,
1682 573 1760 615 quo
1810 614 1813 618 ,

1661 631 1762 688 Qui-

159 709 233 752 bus
257 717 296 751 et
318 709 461 750 talibus
483 708 604 750 rebus
627 708 837 764 exquisitis
862 708 936 750 hoc
959 709 1023 749 vel
1044 708 1220 749 maxime
1241 708 1433 760 eflicitur,
1467 708 1570 764 quod
1588 708 1661 751 hac
1681 708 1761 751 dis-

158 634 374 676 rel'ereuda
409 634 489 674 sint
522 633 671 685 officia,
716 647 817 688 quae
842 633 1045 688 degendae
1078 633 1219 675 aetatis
1250 633 1352 675 ratio
1377 632 1599 690 deligenda.

160 784 543 842 putatione-'igimus
560 816 572 836 ‚
617 791 660 824 ut
685 784 811 824 virtus
839 783 886 824 ad
914 783 1029 824 beate
1053 783 1265 825 vivendum
1295 783 1349 825 sit
1380 797 1425 825 se
1444 783 1532 840 ipsa
1552 790 1756 826 contenta.

160 867 232 903 72.
268 857 460 914 Sequitur
479 859 594 901 tertia
610 892 620 911 ,
664 872 765 914 quae
790 872 860 914 per
883 872 1021 899 omnes
1045 865 1175 913 partes
1201 858 1422 914 sapientiae
1446 865 1581 900 manat
1605 866 1647 901 et
1672 860 1760 901 sun-

160 937 291 987 ditur,
334 949 433 989 quae
458 948 542 975 rem
571 934 730 983 delinit,
773 947 922 987 genera
949 933 1155 988 dispertit,
1198 934 1406 987 sequentia
1426 932 1628 989 adiungit,
1670 947 1761 990 per-

161 1014 264 1053 fecta
291 1009 512 1055 concludit,
558 1022 654 1049 vera
678 1015 718 1048 et
745 1009 844 1049 salsa
869 1008 1080 1059 diiudicat,
1130 1006 1353 1048 disserendi
1384 1007 1486 1049 ratio
1510 1014 1550 1050 et
1571 1007 1757 1051 scientia.

158 1086 228 1128 Ex
254 1100 328 1141 qua
351 1099 468 1139 quum
503 1097 655 1124 summa
682 1083 831 1124 utilitas
858 1082 1021 1124 exsistit
1047 1082 1094 1122 ad
1124 1096 1190 1124 res
1220 1082 1522 1138 ponderandas,
1568 1090 1649 1125 tum
1676 1098 1761 1126 ma-

159 1162 267 1204 xime
299 1160 473 1215 ingenua
504 1158 714 1200 delectatio
746 1166 786 1199 et
814 1158 933 1213 digua
961 1157 1171 1213 sapientia.

158 1245 225 1280 eat
248 1237 349 1277 idem
376 1235 450 1276 iste
476 1235 637 1290 sapiens
664 1234 709 1275 ad
734 1247 818 1275 rem
842 1233 1035 1289 publicam
1059 1233 1258 1276 tuendam.

156 1343 199 1375 tis
220 1340 302 1373 locis
321 1352 338 1372 a
356 1338 500 1372 librariis
516 1338 607 1371 salsis
623 1336 822 1369 lectionibus
838 1336 939 1368 oblit-

156 1395 265 1421 terata
297 1392 358 1418 est.
417 1384 515 1417 Unde
549 1398 586 1416 eu
619 1391 695 1416 nuta
729 1383 771 1415 sit
804 1390 838 1414 et
872 1395 938 1427 quo

157 1433 262 1467 modo
285 1431 504 1475 explicanda,
540 1430 682 1461 diximus
714 1429 746 1461 in
782 1429 839 1460 Gr.
862 1431 937 1461 Lat.

157 1483 186 1527 §.
204 1479 277 1513 ¹31.
300 1479 381 1510 Not.
401 1478 450 1511 15.
476 1488 506 1520 p.
521 1476 598 1509 310.
622 1476 721 1508 (ηιξ).
772 1475 936 1507 Substan-

157 1527 264 1559 tivum
289 1536 408 1567 regens
441 1534 515 1555 cum
539 1522 689 1564 genitivo
721 1521 873 1563 gerundii
904 1521 936 1554 in

156 1584 254 1605 tinam
265 1570 437 1602 notionem
451 1570 603 1612 (studium
612 1570 761 1600 imitandi
771 1583 815 1595 =
829 1568 939 1600 Nach-

155 1616 419 1660 ahmungseil‘er)
447 1614 571 1648 coaluit
602 1621 635 1646 et
666 1613 744 1646 inde
766 1614 851 1646 alter
875 1626 938 1657 ge-

155 1665 278 1698 nitivus
305 1661 441 1706 pendet.
476 1660 576 1693 Locis
594 1673 611 1692 a
628 1660 724 1692 nobis
741 1659 771 1692 iu
790 1661 937 1692 Gramm.

156 1712 177 1744 l.
191 1710 223 1742 (l.
246 1708 372 1743 allatis:
403 1706 503 1740 Acad.
520 1708 560 1738 Il.
576 1705 613 1739 41
632 1732 639 1743 ,
662 1706 735 1739 128.
766 1707 860 1738 Verr.
881 1707 937 1738 lv.

155 1757 211 1796 47,
240 1758 313 1790 104.
341 1756 410 1786 inv.
434 1755 474 1785 ll.
496 1757 536 1792 ζ’,
558 1753 590 1786 5.
617 1752 700 1784 Phil.
724 1753 763 1785 V.
785 1753 818 1792 3,
839 1753 869 1786 6.
895 1752 937 1784 de

157 1806 214 1836 Or.
241 1803 296 1834 Ill.
322 1801 385 1836 55.
416 1799 489 1833 156.
510 1798 596 1831 addc
619 1799 707 1830 Tim.
725 1798 804 1831 c.9:
839 1801 938 1839 „reli-

154 1858 287 1892 quorum
322 1847 460 1878 siderum
495 1856 579 1889 quae
614 1855 729 1877 caussa
763 1846 939 1877 collocandi

156 1895 258 1928 fuerit
281 1903 430 1938 quaeque
450 1903 565 1923 eorum
590 1889 806 1923 collocutio.“
855 1892 934 1924 Ter.

156 1942 239 1974 Hec.
265 1941 321 1971 Ill.
338 1939 380 1976 3,
408 1938 464 1971 13:
504 1949 566 1980 ego
590 1939 656 1969 eius
682 1936 863 1979 &feminind
889 1940 937 1970 vi-

155 1988 251 2020 denda
272 1985 407 2024 cupidus
430 1985 506 2027 (pro
530 1983 598 2015 eius
621 1981 786 2015 videndae
810 1984 913 2027 cup).

226 2044 339 2084 quibus
363 2060 407 2064 —
432 2041 628 2082 moderatur]
669 2051 749 2083 quas
780 2060 825 2064 —
849 2040 936 2073 ratio

155 2097 268 2123 tamen
290 2085 402 2119 divina
426 2098 585 2130 mensque
609 2086 695 2129 regit
712 2093 745 2117 et
759 2086 934 2130 gubernat.

156 2137 250 2169 Haec
272 2132 373 2167 verba
399 2131 554 2164 videntur
574 2131 706 2164 adiectu
728 2144 747 2164 a
774 2132 935 2164 Cicerone

157 2189 275 2216 contra
298 2178 487 2211 Stoicorum
518 2177 722 2221 opinionem.
749 2178 803 2222 qui
829 2178 934 2210 fatum

156 2239 229 2261 esse
260 2223 464 2258 statuebant.
513 2225 553 2255 V.
578 2235 639 2255 nos
663 2223 695 2256 in
723 2223 810 2256 libro
841 2224 934 2257 dicto

156 2277 194 2308 de
219 2275 316 2307 Cicer.
338 2272 370 2302 in
393 2270 472 2309 phil.
499 2279 575 2301 mer.
598 2269 711 2312 p.20›5
723 2282 772 2314 sq.

225 2330 280 2365 71.
291 2327 451 2369 citeriora]-
466 2325 508 2358 H.
522 2337 550 2357 e.
565 2325 747 2359 terrestria.
765 2327 817 2358 Cf.
830 2327 935 2370 Legg.

156 2379 215 2411 111.
235 2378 276 2415 2,
298 2373 336 2407 4:
365 2380 402 2405 ut
423 2371 466 2404 ad
484 2371 568 2403 haec
591 2374 737 2404 citeriora
760 2373 902 2405 veniam.

223 2429 414 2474 extremum]
450 2428 531 2461 fines
564 2428 729 2460 bonorum
761 2436 795 2460 et
821 2429 934 2462 malo-

154 2493 237 2515 rum.
276 2478 328 2510 Cf.
350 2476 439 2508 infra
463 2487 490 2508 c.
508 2474 564 2511 28,
585 2474 639 2507 bl.
657 2481 691 2505 et
706 2485 767 2506 nos
790 2474 823 2506 in
845 2475 932 2508 libro

155 2528 188 2560 d.
210 2524 308 2571 p.53.
332 2521 479 2564 Adn.3).
530 2519 683 2552 Ceterum
703 2519 934 2562 significantur

154 2574 188 2606 h.
202 2573 224 2604 l.
247 2578 317 2603 tres
337 2575 460 2612 partes,
485 2567 518 2599 in
541 2577 621 2610 quas
643 2565 749 2598 Stoici
771 2566 933 2598 moralem

154 2615 405 2664 philosophiam
426 2612 687 2651 distribuerunt,
713 2611 867 2644 doctrina
889 2612 932 2644 de

155 2663 250 2698 bonis
282 2662 338 2706 (de
364 2670 494 2693 summo
519 2657 649 2701 bono),
683 2656 725 2690 de
753 2656 932 2689 virtutibus

484 2705 527 2739 V.

155 2718 190 2744 et
225 2709 268 2741 de
304 2706 436 2740 officiis.
564 2715 626 2737 nos
658 2703 693 2736 in
717 2702 804 2736 libro
837 2702 931 2736 dicto

181 2782 188 2789 .
220 2756 276 2789 25.

154 2768 177 2801 p
197 2756 398 2853 2exquisitis]
424 2807 612 2852 indagatis,
638 2804 830 2851 exploratis.

222 2868 276 2903 72.
301 2869 449 2908 Sequitur
465 2866 570 2909 tertia]
601 2863 742 2903 Gaudia,
767 2874 852 2912 quae
872 2873 930 2895 re-

154 2913 306 2947 dundant
323 2912 368 2946 ad
385 2923 447 2945 nos
463 2923 481 2945 e
497 2909 682 2944 disserendi
703 2909 848 2951 ratione,
861 2908 884 2943 i.
896 2921 926 2944 e.

154 2958 341 2993 dialectica.

1235 1156 1317 1201 Sed
1344 1158 1442 1200 haec
1472 1157 1543 1200 oti.
1605 1157 1759 1202 Trans·

1322 1231 1429 1288 Quid
1448 1246 1497 1275 eo
1517 1234 1644 1290 possit
1666 1248 1758 1278 esse

1044 1339 1143 1379 diyna
1165 1339 1338 1380 sapientie]
1365 1336 1524 1370 Graviter
1542 1343 1577 1370 et
1597 1337 1759 1382 exquisite

974 1384 1178 1417 abstractum
1212 1383 1350 1428 ponitur
1387 1394 1452 1428 pro
1483 1390 1653 1418 concreto.
1702 1385 1756 1418 Cf.

977 1443 1003 1463 c.
1024 1431 1068 1463 25
1080 1456 1088 1469 ‚
1116 1430 1158 1464 75
1174 1437 1259 1463 extr.

1044 1498 1141 1528 quum
1162 1485 1343 1531 consitium]
1377 1485 1433 1520 Sic
1465 1485 1618 1532 plerique
1641 1487 1756 1531 codd.,

975 1533 1076 1566 etiam
1099 1533 1230 1577 optimi,
1255 1544 1320 1577 pro
1339 1537 1426 1566 tum
1447 1544 1531 1567 cons.
1568 1533 1630 1567 illa
1651 1534 1755 1568 lectio

975 1579 1070 1611 unim·
1092 1591 1170 1611 vera
1192 1578 1358 1612 censenda
1380 1586 1441 1612 est.
1491 1578 1691 1624 Saepissime
1713 1580 1756 1614 ab

973 1625 1158 1657 editoribus
1181 1625 1427 1669 permiscentur
1441 1625 1532 1659 inter
1553 1637 1590 1658 se
1603 1626 1757 1671 particu-

973 1672 1025 1704 lae
1049 1676 1116 1704 tum
1129 1690 1174 1697 —
1194 1675 1261 1703 tum
1283 1678 1318 1703 et
1338 1682 1436 1713 quum
1450 1689 1497 1696 —
1513 1676 1593 1708 tum.
1638 1673 1757 1718 Nuper

972 1720 1206 1759 sturenburqus
1227 1716 1270 1749 ad
1286 1728 1334 1749 or.
1353 1727 1417 1761 pro
1434 1717 1532 1750 Arch.
1550 1729 1582 1761 p.
1599 1715 1663 1752 164
1678 1731 1753 1764 sqq.

972 1763 1088 1796 harum
1104 1763 1339 1807 particularum
1352 1762 1531 1796 discrimen
1543 1765 1752 1798 accuratissi-

973 1821 1026 1841 me
1036 1822 1074 1841 ac
1086 1809 1273 1842 firmissime
1282 1808 1468 1842 constituit.
1493 1809 1629 1843 Scilicet
1640 1815 1754 1843 tum-—

971 1860 1038 1888 tum
1050 1867 1218 1900 nunquam
1230 1854 1420 1899 significant
1429 1858 1580 1888 sou-ol—
1593 1858 1643 1889 als
1658 1859 1752 1898 auch,

970 1902 1030 1934 sed
1050 1914 1201 1946 semper,
1227 1908 1262 1933 ut
1282 1902 1378 1935 modo
1397 1918 1443 1926 -—-
1461 1903 1575 1943 modo,
1599 1913 1682 1936 nunc
1700 1922 1747 1929 —-

973 1959 1075 1989 nunc,
1101 1949 1291 1980 reseruntur
1313 1947 1356 1979 ad
1375 1951 1498 1989 tempus
1523 1947 1752 1992 respondent-

973 2005 1036 2038 que
1061 1994 1159 2038 plane
1184 1993 1307 2026 nostris
1328 1995 1404 2026 bald
1427 2013 1472 2018 —
1494 1995 1590 2035 bald,
1615 1993 1752 2027 Graecis

973 2038 1049 2074 τοτὲ
1075 2039 1136 2083 μέν
1161 2059 1201 2064 -
1224 2037 1300 2076 τοτὲ
1324 2038 1374 2074 δέ,
1421 2039 1608 2072 particulae
1639 2047 1753 2074 autem

971 2096 1068 2127 quum
1088 2105 1132 2111 —
1152 2090 1219 2118 tum
1249 2084 1411 2130 temporis
1436 2084 1605 2130 quandam
1628 2097 1752 2120 conse-

972 2132 1140 2166 cutionem
1158 2131 1319 2172 indicant,
1345 2137 1381 2163 ut
1395 2131 1450 2164 vel
1469 2138 1548 2175 post
1565 2143 1663 2165 unam
1679 2144 1751 2166 rem

972 2177 1115 2217 factam,
1143 2178 1194 2209 vel
1217 2189 1290 2209 cum
1312 2189 1378 2210 una
1397 2189 1433 2210 re
1455 2177 1546 2210 facta
1565 2177 1672 2211 altera
1693 2179 1750 2212 fa-

971 2232 1024 2256 cta
1061 2235 1133 2256 esse
1168 2223 1309 2256 dicatur.
1371 2224 1440 2255 Iam
1477 2234 1559 2256 vero
1591 2224 1751 2268 quoniam

969 2270 1166 2314 temporalis
1190 2268 1438 2303 consecutionis
1465 2269 1562 2304 notio
1581 2269 1626 2303 ad
1649 2281 1750 2303 cans-

969 2315 1046 2348 salis
1062 2315 1308 2348 consecutionis
1324 2315 1497 2348 notionem
1510 2315 1672 2350 translata
1684 2323 1748 2357 est,

971 2361 1126 2395 caussalis
1165 2368 1277 2394 autem
1313 2360 1508 2394 consecutio
1545 2373 1565 2394 a
1597 2362 1748 2406 generali

970 2407 1107 2440 notione
1131 2407 1174 2439 ad
1199 2407 1382 2451 specialem
1407 2406 1613 2441 descendere
1637 2408 1746 2442 solet:

970 2454 1096 2486 sactum
1119 2460 1190 2493 est,
1225 2460 1262 2486 ut
1285 2453 1349 2485 liae
1367 2452 1553 2497 particulae
1576 2453 1623 2487 ibi
1650 2465 1748 2486 usur-

967 2499 1040 2542 pari
1070 2499 1240 2539 solerent,
1278 2499 1335 2533 ubi
1367 2498 1481 2543 priore
1511 2499 1664 2532 membro
1694 2510 1748 2532 res

967 2545 1131 2588 generalis
1163 2544 1215 2577 vel
1239 2556 1292 2577 res
1315 2544 1423 2577 minus
1454 2544 1587 2588 gravis,
1624 2551 1747 2588 poste—-

968 2590 1057 2622 riore
1076 2602 1128 2622 res
1150 2590 1304 2634 specialis
1326 2589 1380 2622 vel
1402 2601 1455 2623 res
1475 2590 1612 2633 gravior
1631 2591 1748 2624 conti-

967 2642 1104 2667 neretur
1117 2637 1161 2679 (v.
1175 2636 1343 2669 Adnotata
1353 2635 1386 2667 in
1400 2646 1428 2668 c.
1439 2635 1495 2676 39,
1511 2635 1600 2677 113.)
1615 2648 1623 2675 3
1642 2648 1748 2681 quan-

968 2691 1067 2725 quam
1080 2680 1169 2713 haud
1186 2681 1285 2725 pauci
1300 2681 1459 2725 leguntur
1474 2680 1551 2722 loci,
1576 2680 1611 2714 in
1628 2682 1749 2727 quibus

966 2726 1136 2770 utriusque
1156 2727 1299 2759 membri
1322 2737 1428 2770 aequa
1450 2725 1552 2770 plane
1574 2734 1626 2761 est
1646 2729 1746 2770 ratio,

966 2778 1004 2804 ut
1024 2783 1124 2816 supra
1148 2783 1175 2804 e.
1195 2770 1257 2814 14,
1277 2769 1354 2813 41„
1379 2782 1442 2805 nec
1463 2771 1586 2806 desunt
1606 2773 1687 2815 loci,
1711 2775 1749 2809 in

965 2817 1086 2863 quibus
1121 2817 1220 2850 certis
1260 2816 1458 2862 quibusdam
1496 2818 1748 2854 conditionibus

964 2863 1055 2908 prius
1074 2862 1261 2897 membrum
1279 2862 1469 2908 specialem,
1493 2865 1662 2909 posterius
1681 2878 1748 2911 ge-

964 2909 1113 2944 neralem
1132 2908 1306 2942 notionem
1330 2916 1447 2952 notet,
1482 2916 1522 2945 ut
1544 2910 1588 2944 de
1606 2913 1700 2946 Orat.
1722 2913 1746 2947 1.

964 2953 1029 2998 45,
1049 2956 1136 2992 211:
1169 2958 1415 2995 innumerabiles
1437 2958 1521 2992 alios
1548 2967 1675 3002 quum
1706 2968 1748 2992 ex
