1859 3149
1623 52 1708 98 327

97 163 212 206 quam
237 147 481 198 honorarius
499 146 651 188 arbiter
672 144 851 186 iudicare
877 141 1128 187 Carneades.
1190 142 1298 186 Nam
1322 157 1441 199 quum
1458 176 1470 196 ,
1504 159 1704 199 quaecun-

687 63 858 96 LIBER
885 64 926 96 V.
949 62 1013 102 41,
1042 61 1117 96 121.

97 239 174 281 que
208 225 311 266 bona
334 221 640 279 Peripateticis,
687 221 826 262 eadem
852 218 1001 263 Stoicis
1034 220 1240 262 commoda
1269 219 1529 272 viderentur3
1574 234 1702 275 neque

96 307 229 342 tamen
257 297 511 355 Peripatetici
537 297 623 352 plus
652 295 874 337 tribuerent
894 295 1069 347 divitiis,
1115 296 1244 337 bonae
1269 294 1512 347 valetudini,
1556 295 1702 337 ceteris

96 375 217 418 rebus
239 373 401 432 generis
425 372 601 415 eiusdem
617 403 627 423 ,
663 386 778 427 quam
805 369 959 422 Stoici3
993 385 1110 426 quum
1134 385 1180 412 eu
1197 403 1208 422 ,
1243 385 1312 422 re,
1348 385 1428 412 non
1452 370 1586 413 verbis
1605 385 1699 427 pon-

95 452 356 500 derarentur,
401 462 585 503 caussam
619 461 708 488 esse
742 445 957 488 dissidendi
995 446 1181 502 negabat.
1256 445 1394 500 Quare
1431 446 1534 488 huuc
1571 446 1700 488 locum

95 533 317 569 ceterarum
357 523 649 581 disciplinarum
692 522 912 579 philosophi
946 522 1273 578 quemadmodum
1316 521 1498 562 obtinere
1529 521 1698 578 possint,

94 602 168 659 ipsi
194 601 384 643 viderint.
449 597 549 641 Mihi
575 606 705 640 tamen
731 605 887 654 gratum
917 605 1002 650 est,
1046 598 1149 653 quod
1176 598 1223 639 de
1249 597 1485 654 sapientium
1511 604 1698 653 perpetua

48 731 51 735 Ι
94 677 198 720 bene
226 675 388 719 vivendi
421 675 606 717 facultate
638 674 799 729 dignum
829 673 1012 729 quiddam
1041 672 1362 729 philosophorum
1390 686 1490 713 voce
1513 673 1700 727 proliten-

95 761 174 794 tur.
240 758 339 794 121.
373 749 455 794 Sed
478 750 662 806 quoniam
690 762 806 790 mane
834 755 896 790 est
918 748 1114 800 eundum,
1160 748 1229 790 has
1251 749 1422 804 quinque
1443 747 1594 789 dierum
1618 747 1699 789 dis-

96 827 320 885 putationes
342 825 533 868 memoria
552 824 950 881 comprehendamus.

93 918 181 946 rum
206 902 404 953 arbitror,
449 900 532 956 (ubi
554 900 659 942 euim
694 900 834 941 melius
867 900 922 941 uti
954 914 1164 956 possumus
1200 899 1298 951 hoc,
1344 898 1580 940 cuicuimodi
1617 905 1694 950 est,

1016 823 1211 879 Equidem
1232 838 1294 865 me
1315 824 1431 864 etiam
1452 822 1699 879 conscriptu-

94 978 176 1021 otio
189 979 224 1034 ?)
254 978 302 1019 ad
324 975 571 1031 Brutumque
598 983 775 1016 nostrum
802 975 873 1016 hos
899 975 1023 1016 libros
1045 975 1194 1017 alteros
1215 975 1387 1031 quinque
1414 974 1639 1025 mittemus,
1673 987 1696 1014 a

93 1069 171 1111 quo
210 1068 290 1095 non
328 1053 445 1094 modo
479 1050 634 1108 impulsi
675 1065 811 1092 sumus
851 1051 899 1091 ad
932 1050 1204 1106 philosophiae
1241 1050 1507 1106 scriptiones,
1554 1063 1694 1091 verum

93 1130 211 1172 etiam
234 1128 425 1171 lacessiti.
488 1125 536 1168 ln
566 1141 642 1182 quo
675 1133 863 1182 quantum
886 1126 1031 1167 ceteris
1055 1125 1252 1183 profuturi
1273 1126 1421 1178 simus,
1468 1140 1546 1166 non
1578 1124 1693 1166 l'acile

168 1257 243 1290 121.
267 1256 422 1298 curidum]
449 1253 674 1288 aTusculuuo
695 1253 728 1285 in
748 1253 875 1285 urbem.
913 1255 995 1297 (non
1027 1251 1261 1296 φιλολογικός,
1295 1253 1541 1295 philoloyicus)‚
1581 1263 1691 1296 comp.

163 1304 233 1346 ubi]
259 1298 407 1347 po'situm
430 1300 565 1334 videtur
592 1312 671 1344 pro:
709 1301 878 1340 quomodo,

94 1356 131 1384 at
152 1348 288 1382 videtur
309 1355 461 1386 tantum3
486 1354 538 1380 est
559 1346 666 1379 enim:
692 1349 725 1379 in
745 1356 810 1387 qua
831 1356 876 1385 re,

93 1400 129 1431 in
151 1406 213 1438 quo
235 1396 350 1429 studio.

162 1444 278 1475 alteros
298 1439 450 1484 quinque]
486 1445 622 1484 praeter
652 1437 800 1483 quinque
830 1437 876 1469 li-

96 1489 175 1522 bros
211 1486 255 1520 de
278 1486 414 1520 Finibus
438 1487 608 1518 Bonorum
641 1492 674 1518 et
696 1484 877 1524 Malorum,

95 1546 180 1580 quos
203 1533 419 1567 dedicaverat
443 1533 557 1565 Bruto.

161 1583 206 1614 ad
224 1581 441 1622 philosophiae
457 1579 654 1620 scriptiones]
681 1576 737 1609 Sic
755 1576 873 1621 scripsi

94 1639 170 1661 cum
191 1629 315 1660 Klotzio
337 1633 371 1658 et
393 1626 547 1667 Tregdero
569 1636 587 1656 e
606 1623 718 1656 Nonio
731 1649 738 1661 ,
765 1623 820 1667 qui
840 1630 874 1656 et

95 1686 128 1719 p.
153 1670 237 1710 174.
260 1675 311 1707 16.
339 1671 510 1705 Ciceronis
534 1670 635 1703 verba
660 1672 790 1711 impulsi
820 1681 873 1702 su-

94 1730 166 1753 mus
187 1721 230 1752 ad
250 1720 467 1760 philosophiae
482 1719 677 1758 scriptiones,
697 1723 730 1748 et
749 1729 780 1760 p.
798 1713 871 1755 154,

92 1766 127 1800 2:
147 1767 280 1807 impulsi
297 1775 407 1798 sumus
430 1765 475 1797 ad
495 1764 713 1805 philosophiae
730 1765 874 1803 scriptio-

94 1823 178 1854 nem,
200 1822 311 1845 vnum
331 1814 427 1845 etiam
449 1812 586 1843 lacessiti
607 1808 718 1841 alli-rt.
752 1810 792 1840 D.
814 1809 872 1840 w'.

911 1299 955 1332 ad
982 1302 1051 1332 Att.
1076 1300 1180 1338 Xlll,
1207 1299 1269 1332 29:
1298 1311 1398 1343 quum
1419 1299 1512 1343 quasi
1536 1298 1615 1331 alins
1637 1310 1691 1331 res

912 1357 1105 1389 quaererem
1139 1345 1182 1377 de
1210 1347 1378 1386 philologis
1405 1345 1604 1387 sphi101090,
1647 1343 1691 1379 τὰ

910 1390 1089 1435 φιλόλογαΙ
1125 1404 1142 1422 ι·
1175 1391 1280 1423 Nicia.
1338 1391 1466 1423 Primus
1495 1391 1692 1424 Lactantius

914 1437 989 1470 Div.
1008 1437 1115 1470 lustit.
1135 1438 1192 1469 lll.
1213 1435 1265 1476 l-l,
1286 1435 1338 1471 19.
1387 1449 1484 1470 ausus
1506 1444 1557 1470 est
1579 1437 1691 1470 dicere

907 1486 1130 1526 philosophice.
1166 1483 1346 1516 Lectiones
1360 1485 1605 1526 philosophicas,
1619 1486 1690 1525 phi-

907 1533 1054 1572 losophas
1079 1530 1149 1562 siue
1165 1529 1268 1562 dubio
1284 1542 1324 1562 ex
1348 1542 1389 1562 eo
1412 1530 1575 1574 originem
1596 1542 1689 1572 suam

909 1576 1088 1615 duxerunt,
1107 1575 1196 1620 quod
1210 1575 1436 1619 imperitiores
1451 1576 1590 1615 librarii,
1610 1588 1688 1609 vera

909 1635 947 1655 ac
981 1623 1117 1667 propria
1154 1622 1186 1653 vi
1219 1622 1363 1654 nominis
1400 1625 1584 1663 scriptiones
1621 1634 1688 1655 uon

908 1676 1070 1713 percepta
1084 1695 1091 1705 ,
1126 1668 1160 1700 id
1185 1679 1247 1711 pro
1268 1671 1412 1709 scriptis,
1437 1670 1524 1701 libris
1545 1680 1687 1713 accepe-

909 1723 1008 1749 runt;
1035 1726 1142 1759 neque.
1168 1714 1281 1757 negari
1304 1721 1418 1757 potest
1437 1713 1613 1747 durissime
1634 1714 1691 1747 di-

909 1769 999 1794 ctum
1026 1761 1128 1793 fuisse
1147 1763 1364 1802 philosophiae
1387 1763 1518 1802 scripta,
1540 1763 1612 1794 libri
1634 1761 1691 1794 id-

910 1820 974 1852 que
999 1807 1098 1851 plane
1122 1807 1304 1839 abhorrere
1329 1819 1347 1839 a
1369 1806 1611 1840 consuetudine
1630 1807 1688 1840 Ci—

95 1865 132 1892 et
155 1860 212 1891 Or.
235 1857 416 1891 ediderunt
435 1857 663 1898 philosophas,
695 1853 786 1898 quod
812 1865 874 1885 ex·-
910 1853 1062 1891 cerouis,
1099 1853 1154 1897 qui
1176 1853 1289 1885 dicere
1308 1853 1395 1886 solet
1417 1855 1508 1894 libri,
1542 1856 1597 1895 qui
1617 1858 1690 1887 suni

92 1903 212 1939 hibent
235 1903 389 1937 nonnulli
420 1901 521 1935 codd.
571 1900 780 1933 Adiectivum
802 1901 875 1941 phi·
909 1902 947 1932 de
964 1901 1163 1941 philosophia
1184 1899 1235 1931 vel
1257 1899 1355 1932 simili
1377 1899 1501 1937 mod03
1527 1899 1587 1932 sed
1604 1899 1689 1934 haec

92 1953 242 1993 Iosephus
259 1949 382 1994 legitur
402 1949 437 1981 iu
461 1947 596 1981 Pacuvii
615 1946 693 1979 loco
709 1958 763 1991 ap.
787 1945 877 1978 Gell-
907 1945 1108 1990 significatio
1129 1945 1171 1978 ab
1193 1946 1258 1979 hoc
1277 1946 1355 1979 loco
1375 1945 1475 1989 plane
1492 1945 1602 1980 aliena
1619 1953 1690 1985 θεὶς

94 1997 140 2031 N.
151 2000 193 2030 A.
210 1997 308 2036 xm,
327 1996 370 2029 δε
409 1996 481 2038 Ego
505 1993 560 2027 odi
580 1993 733 2026 homines
756 1992 876 2037 ignava
909 2004 987 2024 nam
1011 1992 1077 2025 dici
1100 2004 1167 2024 nou
1193 1998 1327 2036 potest:
1364 1994 1494 2033 impulsi
1513 2003 1623 2025 sumus
1644 1994 1690 2026 ad

95 2054 202 2088 opera
222 2048 257 2075 et
274 2043 464 2084 philosopha
480 2039 660 2073 sententia.
706 2042 751 2072 At
771 2051 789 2071 e
810 2040 876 2071 Pa-
909 2041 1026 2079 libros,
1060 2038 1121 2071 sed
1145 2037 1327 2071 dicendum
1351 2046 1423 2071 erat
1446 2038 1490 2071 ad
1511 2041 1691 2072 scribendos

97 2089 196 2124 cuvio
214 2087 299 2122 nihil
317 2086 474 2121 concludi
493 2092 609 2132 potest
638 2085 681 2118 ad
707 2085 877 2118 Ciceronis
908 2086 1014 2117 libros.
1061 2087 1282 2126 Philosophiae
1316 2087 1500 2126 scriptiones
1527 2091 1606 2118 sunt
1639 2087 1690 2119 die

96 2147 204 2169 usum.
250 2133 351 2179 Apud
377 2133 489 2179 ipsum
519 2132 656 2178 quidem
679 2132 877 2165 Ciceronem
908 2133 1118 2172 schriftlichen
1148 2133 1432 2173 Beschaftiyunyen
1455 2134 1514 2164 mit
1535 2133 1592 2164 der
1608 2133 1690 2166 Phi-

95 2182 133 2216 in
153 2193 215 2227 ep.·
227 2180 272 2214 ad
295 2181 338 2222 Q.
349 2180 377 2214 F
379 2193 406 2214 r.
425 2181 485 2213 111.
500 2191 552 2223 ep.
571 2180 600 2212 1.
618 2190 646 2211 c.
663 2179 684 2211 ¹.)
697 2204 705 2219 ,
730 2179 763 2212 5.
787 2177 876 2222 legi-
909 2179 1058 2218 losophie.
1095 2176 1153 2210 Uti
1172 2177 1324 2210 Ciceroni
1340 2177 1463 2210 dicitur
1473 2179 1692 2219 philosophiae

97 2235 172 2262 tur:
198 2238 412 2272 „quanquam
427 2238 465 2259 ea
485 2225 575 2266 villa,
601 2236 686 2269 quae
704 2236 792 2257 nunc
812 2231 874 2262 est,
909 2227 1077 2264 tractatio,
1101 2223 1148 2256 ita
1177 2223 1250 2267 pari
1278 2224 1350 2257 iure
1387 2223 1417 2256 ei
1452 2224 1566 2257 dicere
1596 2224 1690 2257 licuit

95 2281 257 2320 tanquam
283 2274 472 2316 philosopha
494 2271 630 2304 videtur
660 2282 753 2310 esse,
792 2282 876 2315 quae
906 2271 1125 2322 philosophiae
1137 2273 1332 2312 scriptiones,
1355 2269 1486 2303 ratione
1499 2269 1614 2303 habita
1634 2282 1691 2303 va-

98 2321 254 2366 obiurget
273 2325 459 2354 ceterarum
488 2317 643 2351 villarum
669 2317 876 2354 insauiam;“

96 2366 159 2401 sed
180 2378 224 2400 ne
247 2366 316 2400 hoc
337 2365 473 2411 quidem
494 2364 573 2397 loco
594 2363 771 2408 quicquam
795 2374 876 2407 pro-

97 2413 219 2452 batur3
255 2423 335 2446 nam
356 2411 404 2445 ibi
425 2413 613 2454 philosopha
635 2421 704 2443 non
739 2417 791 2442 est
814 2409 879 2442 ad-

98 2459 278 2498 iectivum,
311 2458 373 2491 sed
395 2457 663 2495 substantivum3
703 2456 824 2489 festive
847 2462 881 2488 et

100 2505 213 2551 lepide
233 2505 348 2538 villam
368 2504 497 2538 Tullius
520 2510 680 2547 tanquam
703 2514 882 2546 personam

100 2551 232 2586 inducit
275 2562 415 2595 eamque
459 2549 609 2594 appellat
649 2551 880 2591 philosopham.

101 2597 258 2632 Omnium
291 2596 428 2630 minime
462 2595 648 2641 probabilis
686 2602 738 2628 est
777 2595 880 2628 lectio

101 2644 238 2689 vulgata
268 2645 524 2686 philosophicas,·
568 2654 646 2675 narn
679 2641 881 2674 adiectivum

98 2692 335 2733 philosophicus
368 2701 436 2723 non
473 2688 579 2732 magis
613 2688 704 2732 apud
739 2688 880 2720 Latinos

103 2737 286 2781 scriptores
303 2736 339 2769 in
358 2748 419 2769 usu
437 2735 516 2775 fuit,
540 2746 638 2779 quam
657 2733 882 2779 φιλοσοφικός

102 2782 195 2827 apud
216 2783 378 2825 Graecos,
403 2782 459 2827 qui
479 2781 543 2815 etsi
564 2778 752 2826 φιλόσοφος
771 2778 880 2825 λόγος,

103 2825 288 2872 φιλόσοφον
322 2827 535 2873 σύγγραμμα
556 2834 592 2861 et
611 2827 731 2860 similia
754 2826 882 2865 dicunt,

104 2881 220 2906 tamen
251 2885 421 2926 nunquam
443 2872 669 2920 φιλοσοφικὸς
697 2871 797 2916 λόγος
817 2879 882 2904 etc.

109 2919 193 2952 Cum
223 2918 391 2953 adiecnvo
423 2918 630 2964 φιλόσοφος,
668 2920 885 2961 philosophus,

108 2964 285 2999 contendit
314 2967 449 3000 oremus
467 2965 667 3010 φιλόλογος,
708 2966 886 3005 philologus

912 2328 1038 2349 riorum
1054 2316 1290 2361 philosophiae
1308 2323 1583 2360 argumentorum
1604 2328 1688 2349 scn-

913 2362 1026 2395 bendo
1052 2362 1105 2395 vel
1130 2362 1250 2396 litteris
1276 2363 1596 2408 persequendorum.

982 2411 1143 2450 profuturi
1160 2410 1274 2451 simus]
1311 2409 1447 2442 Plurimi
1470 2407 1567 2440 codd.
1592 2407 1689 2440 exhi-

914 2454 996 2487 bent
1026 2466 1159 2497 sumus,
1196 2455 1287 2499 quod
1311 2454 1548 2499 grammaticae
1567 2453 1690 2486 rationi

914 2509 1090 2545 repugnat.
1135 2503 1221 2534 Nam
1241 2513 1408 2544 nunquam
1431 2500 1548 2532 Cicero
1568 2499 1691 2544 aliique

915 2547 1093 2591 diligentes
1124 2548 1289 2592 pedestris
1323 2545 1485 2579 orationis
1508 2546 1691 2589 scriptores

915 2594 949 2626 in
964 2594 1129 2627 eiusmodi
1142 2591 1463 2635 interrogationibus
1477 2603 1562 2635 quae
1575 2591 1691 2624 dicun-

914 2647 970 2673 tur
990 2641 1134 2685 obliquis
1151 2638 1368 2672 indicativum
1386 2636 1603 2670 admiserunt.
1629 2637 1696 2677 Qui

916 2694 1034 2720 contra
1055 2686 1240 2719 afferuntur
1263 2684 1350 2723 loci,
1386 2683 1484 2715 aliter
1506 2682 1694 2727 accipiendi

916 2740 1014 2772 sunt,
1042 2740 1077 2764 ut
1102 2732 1156 2764 ubi
1179 2741 1365 2774 pronomen
1390 2728 1693 2762 demonstrativum

916 2786 996 2812 ante
1023 2778 1198 2811 relativum
1222 2775 1371 2818 suppleri
1394 2781 1528 2818 potest,
1563 2781 1601 2807 ut
1617 2774 1691 2808 Fin.

917 2826 974 2857 IV.
995 2822 1040 2857 24
1054 2851 1061 2863 ,
1087 2822 1150 2857 67:
1182 2832 1243 2863 quo
1266 2824 1408 2854 nituntur
1427 2819 1582 2853 homines
1604 2822 1694 2855 acuti

917 2876 1116 2913 argumento
1136 2886 1200 2906 —‚
1227 2878 1350 2910 operae
1370 2866 1518 2910 pretium
1537 2874 1589 2900 est
1609 2879 1695 2901 con-

918 2916 1067 2948 siderare
1092 2914 1138 2958 (h.
1151 2925 1180 2945 e.
1194 2917 1427 2954 aryumentum,
1444 2913 1534 2958 quo).
1559 2912 1602 2947 de
1617 2916 1695 2950 Seu.

921 2962 988 2999 IV,
1014 2961 1075 2995 12:
1114 2958 1197 2991 nihil
1219 2957 1470 3000 admirabilius,
1505 2971 1604 3004 quam
1636 2971 1698 3003 quo
