1843 3101
159 31 244 76 ’246
701 43 872 77 [ABER
897 44 953 78 1v.
978 42 1044 86 21,
1068 41 1124 77 47.
1149 41 1206 77 48.

163 123 338 166 stiment.
402 122 516 178 Quae
548 138 664 179 quum
689 131 921 179 exponunt,
955 123 1103 166 nihilne
1124 123 1196 165 tihi
1214 124 1416 178 videntur,
1449 139 1501 167 an
1526 125 1672 182 aliquid
1695 126 1753 168 d-i-

164 199 285 240 cere?
344 197 397 239 A.
428 197 530 239 Mihi
553 212 651 239 vero
675 198 808 240 dicere
832 199 991 255 aliquid.
1054 197 1192 255 Itaque
1215 207 1406 256 exspecto
1421 231 1433 252 ,
1465 200 1558 256 quid
1587 200 1635 242 ad
1657 201 1750 243 ista.

275 270 400 313 XXI.
444 279 514 315 47.
561 274 628 315 M.
662 273 876 330 Reperiam
910 276 1105 328 fortasse3
1149 276 1219 317 sed
1251 275 1343 316 illud
1376 282 1484 317 ante.
1554 272 1750 328 Videsne,

163 353 307 402 quanta
330 347 446 387 fuerit
466 348 566 403 apud
590 348 850 391 Academicos
871 350 1138 391 verecundia?
1181 351 1294 406 plane
1317 350 1420 391 enim
1444 350 1601 402 dicunt,
1648 350 1751 405 quod

163 421 212 462 ad
234 434 315 461 rem
344 422 553 476 pertineat.
616 421 894 478 Peripateticis
917 425 1181 481 respondetur
1200 440 1221 466 a
1251 423 1414 466 Stoicis.
1476 423 1757 481 Digladientur

164 494 246 546 illi,
289 508 358 550 per
381 510 442 536 me
465 496 580 548 licet,
615 498 677 538 cui
698 499 790 539 nihil
813 506 875 540 est
895 514 1062 541 necesse
1077 532 1088 551 ,
1123 499 1200 541 nisi
1222 499 1286 540 ubi
1310 500 1362 540 sit
1388 499 1481 540 illud
1498 531 1510 552 ,
1544 499 1646 554 quod
1668 498 1756 540 veri

163 568 401 610 simillimum
438 570 644 623 videatur,
691 575 920 628 anquirere.
985 573 1087 628 Quid
1112 582 1173 615 est
1195 574 1337 628 igitur,
1383 574 1484 629 quod
1507 580 1691 615 occurrat.
1715 573 1756 614 in

165 642 237 684 hac
260 644 518 698 quaestione,
568 647 677 702 *quo
710 649 831 704 possit
864 650 1000 705 attingi
1024 649 1166 704 aliquid
1192 648 1275 689 veri
1301 648 1455 690 simile?
1501 663 1577 704 quo
1599 647 1756 703 longius

163 730 276 759 mens
298 718 467 761 humana
488 723 671 777 progredi
693 738 770 764 non
793 731 938 779 potest.
990 724 1178 765 Definitio
1199 722 1523 779 perturbationis,
1551 738 1625 778 qua
1646 729 1756 764 recte

166 789 372 834 Zenonem
397 809 508 835 usum
534 804 650 851 puto,
695 798 747 838 ita
773 799 876 838 enim
903 799 1062 848 delinit,
1097 806 1139 840 ut
1160 798 1442 853 perturbatio
1465 799 1520 839 stt
1543 811 1704 839 aversa
1729 811 1758 839 a

162 867 340 908 ratione
370 875 528 911 contra
556 876 760 913 naturam
788 874 922 913 animi
948 874 1201 924 commotio,
1246 873 1311 914 vel
1347 873 1533 924 brevius,
1581 879 1623 913 ut
1658 885 1758 926 per·

164 940 357 983 turbatc‘o
391 945 445 984 sit
468 947 685 998 appetitus
712 946 1028 997 vehementior,
1072 947 1347 987 vehementior
1367 953 1496 987 autem
1518 946 1758 1001 intelligatur

163 1014 221 1066 is,
256 1017 319 1071 qui
344 1018 479 1072 procul
503 1018 607 1059 absit
627 1034 648 1060 a
673 1027 838 1061 naturae
862 1022 1099 1062 constantia.
1164 1027 1233 1063 48.
1270 1019 1375 1074 Quid
1399 1021 1447 1061 ad
1472 1020 1541 1062 has
1563 1020 1757 1062 delinitio-

162 1102 236 1130 nes
273 1091 425 1146 possint
458 1092 589 1133 dicere
604 1095 622 1134 ἱ)
690 1093 810 1150 Atqui
845 1095 940 1136 haec
975 1096 1160 1152 pleraque
1195 1102 1287 1137 sunt
1316 1095 1530 1151 prudenter
1565 1101 1758 1150 acuteque

164 1164 468 1219 disserentium,
515 1167 578 1208 illa
605 1169 757 1223 quidem
785 1184 838 1210 ex
864 1170 1064 1211 rhetorum
1092 1185 1256 1227 pompa,
1300 1169 1490 1212 ardores
1515 1171 1758 1212 animorum
1819 1175 1827 1181 '

165 1245 366 1296 cotesque
386 1243 606 1284 vt'rtntum.

164 1322 296 1368 potest
320 1316 433 1357 sortis
459 1319 576 1357 csse?

669 1243 734 1284 An
755 1258 851 1285 vero
870 1245 933 1285 vir
954 1246 1091 1296 sortis,
1138 1246 1211 1286 nisi
1233 1244 1470 1286 stomachari
1490 1245 1643 1300 coepit,
1677 1259 1758 1286 non

638 1316 925 1359 Gladiatorium
959 1320 996 1360 id
1021 1321 1203 1374 quidem3
1249 1334 1470 1374 quanquam
1505 1319 1544 1360 in
1580 1319 1639 1361 eis
1660 1319 1756 1374 ipsis

164 1389 344 1430 videmus
364 1404 484 1446 saepe
505 1392 791 1432 constantiam:
826 1393 1118 1448 colloquuntur,
1153 1395 1487 1449 congrediuntur,
1521 1401 1756 1449 queruntur,

231 1496 393 1533 exspecto,
416 1495 493 1534 quid
517 1495 560 1526 ad
581 1496 657 1537 ista]
695 1495 734 1528 V.
765 1494 807 1527 ad
829 1497 886 1528 ΙΙΙ.
908 1495 940 1536 9,

169 1535 229 1571 18:
255 1539 299 1570 ad
323 1548 360 1570 ea
384 1540 536 1580 disputat.

237 1582 426 1615 CARXXI.
446 1585 500 1619 47.
528 1587 616 1625 apud
630 1588 845 1629 Academicos}
874 1588 943 1619 Iam

168 1628 277 1660 oratio
312 1629 458 1673 paullum
496 1630 686 1674 digrediens
720 1644 739 1664 a
767 1633 944 1676 proposito

167 1681 318 1707 versatur
352 1675 384 1707 in
416 1675 582 1709 laudanda
607 1677 881 1710 Academicorum
909 1679 943 1711 in

168 1718 370 1763 disputando
393 1721 637 1755 moderatione.
679 1723 780 1767 quue
804 1736 823 1756 a
846 1725 943 1757 Cice-

167 1776 250 1798 rone
276 1765 316 1798 eo
340 1768 479 1800 consilio
504 1769 630 1801 factum
654 1769 797 1809 videtur,
823 1778 859 1803 ut
882 1771 945 1803 de-

166 1817 388 1853 monstraret,
423 1825 459 1846 se
485 1826 551 1846 non
581 1815 613 1846 in
637 1827 677 1847 eo
699 1815 873 1856 laborare,
911 1823 947 1848 ut

169 1863 293 1889 certam
318 1859 484 1902 quandam
507 1860 702 1904 opinionem
732 1870 948 1907 praeceptam

167 1902 387 1944 defenderet,
425 1905 486 1938 sed
509 1906 550 1938 ab
576 1907 666 1939 omni
695 1908 839 1951 partium
863 1921 948 1941 con—

170 1948 428 1994 certationisque
461 1952 572 1984 studio
597 1953 681 1986 liber
706 1966 779 1986 eam
807 1962 948 1987 senten-

168 1993 250 2025 tiam
275 1995 483 2038 exquireret,
510 2010 593 2042 quae
619 1999 771 2043 proxime
792 2000 835 2033 ad
858 2000 949 2033 veri-

170 2044 277 2071 tatem
301 2041 487 2074 accederet.

234 2087 332 2126 plane
353 2090 436 2120 enim
457 2091 580 2132 dicunt]
617 2090 699 2123 nihil
721 2091 948 2132 admiscendo,

170 2129 263 2174 quod
286 2142 385 2175 aegre
408 2133 590 2168 adversarii
615 2136 703 2169 ferre
724 2137 864 2181 possint.
890 2140 951 2171 Er-

169 2178 297 2228 nestitts.
343 2179 444 2210 Secus
467 2181 572 2213 Stoici
595 2182 758 2225 agebant,
791 2184 846 2227 qui
870 2195 951 2216 sen-

169 2227 293 2255 tentias
318 2233 392 2255 suas
420 2231 537 2258 contra
560 2228 800 2271 Peripateticos
824 2230 951 2262 acerri—

171 2277 227 2300 mo
249 2267 362 2300 studio
388 2268 627 2304 defendebant.

239 2313 305 2358 cui]
330 2313 411 2346 mihi
430 2315 518 2347 euim
533 2318 732 2352 Academico
753 2320 789 2352 id
809 2327 951 2360 tantum,

173 2357 266 2403 quod
289 2359 359 2391 veri
382 2359 585 2393 simillimum
618 2364 792 2405 videatur,
829 2367 949 2410 anqui-

173 2404 314 2437 rendum
337 2411 397 2438 est.
432 2407 483 2438 De
502 2407 605 2440 verbo
627 2413 836 2452 anquirendi,
861 2412 952 2456 quod

173 2449 278 2482 habet
311 2451 487 2484 notionem
515 2453 802 2498 circumspiciendi
826 2464 858 2488 et
884 2457 951 2489 cir—

175 2507 382 2541 cumquaque
402 2498 582 2540 quaerendi
604 2503 660 2543 (an
672 2515 718 2528 =
731 2504 815 2542 amb,
831 2499 950 2546 οἷμφί),

175 2541 220 2575 cf.
240 2542 329 2576 infra
341 2543 382 2576 V.
400 2542 433 2583 4,
451 2543 507 2576 10:
534 2544 679 2578 siderum
701 2558 811 2578 cursus
832 2548 954 2591 anqui—

174 2587 321 2621 rebatur.
369 2590 476 2632 Supra
503 2591 544 2622 11.
574 2591 636 2631 10,
672 2592 735 2624 25:
774 2593 953 2625 terminum

175 2633 354 2677 anquirens
378 2635 467 2667 mali.

243 2689 304 2720 quo
325 2682 464 2723 longius]
492 2693 532 2713 ex
550 2682 824 2716 Academicorum
845 2683 952 2716 ratio-

176 2734 219 2756 ne
233 2749 241 2764 ‚
267 2724 311 2757 de
333 2736 398 2769 qua
420 2738 453 2760 v.
476 2727 718 2771 Prolegomena
740 2741 773 2772 p.
787 2730 819 2763 3.

244 2772 292 2802 ita
310 2773 393 2803 enim
413 2773 533 2814 definit,
557 2778 591 2806 ut
606 2777 800 2816 perturbatio
821 2777 860 2807 sit
873 2775 954 2820 etc.]

177 2813 298 2848 Rarior
316 2823 484 2850 structura
508 2831 591 2862 pro:
616 2823 662 2853 ita
686 2822 806 2863 definit,
829 2825 864 2853 ut
883 2831 956 2862 per-

178 2862 386 2895 turbationem
407 2882 448 2888 —-
471 2865 557 2897 dicat
578 2876 643 2899 esse
658 2869 759 2904 animi
779 2869 957 2899 commotio-

180 2913 273 2945 nem,
307 2914 365 2940 aut
388 2919 471 2951 pro:
507 2913 555 2943 ita
586 2913 716 2953 definit,
749 2914 958 2954 perturbatio-

177 2958 248 2981 nem
269 2960 332 2983 esse
347 2971 392 2978 —-
407 2957 509 2987 animi
529 2960 775 2992 commotionem.
801 2958 853 2992 Cf.
869 2958 958 2990 infra

977 1498 1018 1528 V.
1041 1495 1096 1535 41,
1120 1497 1202 1530 119:
1229 1496 1434 1541 philosophi,
1461 1508 1601 1541 quorum
1624 1507 1662 1529 ea
1683 1507 1753 1529 sen-

979 1545 1073 1575 tentia
1098 1550 1157 1582 est,
1183 1548 1217 1575 ut
1239 1546 1340 1576 virtus
1364 1555 1423 1586 per
1445 1555 1480 1574 se
1503 1545 1575 1584 ipsa
1598 1542 1679 1575 nihil
1700 1553 1759 1575 va-

980 1591 1060 1629 leat,
1087 1601 1171 1632 pro:
1195 1601 1336 1633 quorum
1358 1601 1396 1621 ea
1417 1595 1502 1621 sent.
1525 1595 1588 1631 est,
1613 1591 1759 1622 virtutem

981 1646 1039 1677 per
1062 1647 1097 1666 se
1115 1637 1220 1675 ipsam
1240 1635 1321 1666 nihil
1344 1637 1461 1675 valere,
1486 1641 1542 1666 aut
1559 1646 1641 1677 pro:
1668 1645 1700 1678 q.
1720 1645 1758 1665 ea

979 1687 1063 1711 seut.
1090 1687 1162 1717 est,
1189 1685 1223 1712 ut
1246 1683 1392 1713 virtutem
1415 1692 1474 1723 per
1495 1693 1531 1712 se
1552 1683 1657 1722 ipsam
1677 1679 1760 1712 nihil

982 1729 1086 1758 valere
1111 1730 1264 1759 censeant.
1299 1727 1402 1769 Legg.
1428 1727 1482 1760 [Π.
1506 1727 1557 1764 15,
1580 1727 1645 1759 33:
1673 1735 1761 1768 „ego

981 1771 1014 1803 iu
1039 1772 1100 1803 ista
1122 1784 1194 1804 sum
1215 1772 1391 1808 sententia,
1418 1783 1481 1815 qua
1498 1778 1532 1803 te
1549 1771 1650 1803 fuisse
1670 1783 1761 1803 sem-

983 1829 1042 1861 per
1056 1818 1137 1854 scio.
1165 1817 1246 1850 nihil
1265 1824 1301 1849 ut
1319 1817 1420 1849 fuerit
1438 1817 1472 1849 in
1492 1816 1657 1860 suffragiis
1678 1828 1762 1849 voce

981 1863 1120 1895 melius‘*
1139 1875 1200 1907 pro
1216 1876 1221 1895 1
1248 1863 1329 1895 nihil
1347 1870 1382 1895 ut
1401 1863 1502 1895 fuisse
1522 1869 1666 1895 statuam
1685 1873 1760 1894 me-

983 1909 1066 1949 lius,
1092 1916 1148 1941 aut
1174 1921 1255 1953 pro:
1282 1908 1364 1941 nihil
1391 1908 1493 1941 fuisse
1518 1908 1648 1941 melius.

1052 1953 1107 1989 42¹5.
1129 1955 1264 1997 possint}
1291 1954 1504 1999 intelligendi
1525 1961 1603 1987 suut
1622 1954 1763 1998 Peripa-

984 2001 1088 2034 tetici.
1138 2001 1246 2044 Vulgo
1270 2003 1399 2042 possim.

1054 2048 1147 2089 haec]
1174 2047 1253 2079 Scil.
1274 2058 1358 2090 quae
1379 2059 1397 2079 a
1412 2045 1534 2079 Stoicis
1553 2045 1587 2078 in
1608 2045 1762 2078 doctrina

986 2093 1028 2125 de
1053 2092 1359 2136 perturbationibus
1381 2092 1554 2131 dicuntum
1577 2094 1655 2133 illa,
1679 2103 1763 2136 quae

986 2151 1004 2171 a
1028 2139 1260 2183 Peripateticis
1285 2139 1463 2172 iactantur.

1055 2195 1094 2217 ex
1119 2187 1276 2217 rhetorum
1296 2186 1430 2227 pompa]
1456 2186 1607 2225 „Pompa
1628 2182 1765 2226 proprie
1814 2220 1818 2223 ,

987 2238 1057 2268 est,
1097 2242 1193 2274 quam
1216 2242 1277 2262 nos
1300 2230 1400 2262 hodie
1423 2233 1580 2262 voca‘mus
1603 2232 1669 2262 eine
1685 2231 1764 2262 Pro-

985 2279 1103 2310 zession
1118 2302 1126 2317 ‚
1151 2279 1239 2309 einen
1260 2278 1408 2317 Aufzu9;
1440 2275 1562 2307 deinde
1576 2301 1585 2318 ‚
1611 2274 1687 2319 quia
1709 2273 1766 2306 illa

987 2334 1131 2366 pompae
1152 2321 1327 2365 magnifice
1347 2328 1444 2354 erant
1463 2327 1655 2365 apparatae,
1681 2330 1764 2364 pro-

987 2375 1102 2411 pterea
1125 2368 1327 2400 transfertur
1353 2367 1396 2400 ad
1419 2367 1607 2400 orationem
1636 2365 1767 2410 generis

987 2412 1255 2452 demonstrativi,
1281 2412 1314 2445 in
1331 2425 1396 2457 qua
1413 2414 1567 2446 omnibus
1587 2422 1767 2445 ornamen-

988 2460 1030 2491 tis
1053 2460 1146 2492 loeus
1171 2466 1222 2491 est
1240 2465 1273 2491 et
1291 2471 1376 2503 quae
1395 2459 1557 2503 imprimis
1581 2458 1625 2490 ad
1648 2464 1765 2490 osten-

988 2505 1151 2537 tationem
1173 2504 1298 2547 ingenii
1322 2512 1356 2537 et
1378 2503 1591 2548 eloquentiae
1618 2501 1768 2546 pertinet

990 2557 1023 2581 et
1038 2550 1182 2583 orationi
1205 2550 1332 2582 forensi
1353 2550 1571 2595 opponitpr.“
1606 2550 1767 2581 Ernestius

988 2595 1022 2626 in
1038 2596 1131 2628 Clav.
1155 2607 1186 2627 v.
1208 2606 1338 2636 pompa,
1364 2606 1474 2639 comp.
1497 2596 1552 2626 Or.
1573 2593 1624 2627 13.
1648 2593 1691 2626 de
1712 2596 1767 2627 Or.

989 2641 1032 2672 ΙΙ.
1053 2642 1109 2673 22.

1059 2688 1182 2726 aliquid
1193 2687 1369 2728 postulant]
1392 2685 1470 2724 „ste
1483 2685 1663 2729 verlangen
1679 2685 1768 2718 noch

990 2731 1112 2770 Etwas‚
1132 2731 1230 2763 einen
1246 2731 1371 2763 letzten
1385 2730 1654 2764 Liebesdienst.“
1681 2733 1768 2766 Orel-

989 2778 1060 2809 lius.

1054 2823 1275 2865 pacidianus]
1321 2822 1557 2855 Nobilissimus
1590 2821 1768 2867 gladiator.

993 2867 1140 2900 Lucilius
1163 2867 1262 2912 apud·
1278 2868 1427 2901 Nouium
1447 2870 1505 2901 IV.
1529 2865 1594 2903 64:

1040 2913 1122 2946 Cum
1141 2913 1342 2947 Pacideiano
1364 2915 1421 2947 hic
1444 2914 1657 2959 componitur
1675 2913 1770 2958 opti-

1522 2972 1594 2994 mus
1617 2961 1719 3004 longe
