1859 3149
556 53 726 86 LIBER
752 54 810 86 111.
835 51 901 94 25,
925 50 983 86 61.
1005 49 1070 94 26,
1093 49 1149 85 62.
1566 47 1649 92 207

59 135 277 177 necessitas
301 134 488 177 ferendae
511 133 748 175 conditionis
773 134 967 175 humanae
999 135 1111 189 quasi
1151 148 1239 175 eum
1278 134 1352 175 deo
1375 150 1551 191 pugnare
1585 154 1652 181 co-

59 209 166 251 hibet
193 209 455 264 admonetque
484 222 574 250 esse
597 208 819 250 hominem:
867 223 968 264 quae
993 209 1179 265 cogitatio
1198 223 1341 265 magno
1364 224 1485 266 opere
1505 212 1653 256 luctum

59 284 189 337 levat,
222 292 263 326 et
287 283 534 326 enumeratio
560 283 832 339 exemplorum
858 298 936 324 non
953 315 964 335 ,
1014 292 1051 325 ut
1080 285 1251 326 animum
1277 285 1562 328 malevolorum
1585 289 1657 330 ob-

61 359 206 412 lectet,
248 360 438 410 affertur,
473 359 543 400 sed
566 364 609 399 ut
635 357 720 407 ille,
752 358 816 413 qui
843 365 1019 410 maeret,
1063 361 1267 402 ferundum
1299 361 1373 403 sibi
1408 361 1446 402 id
1472 371 1653 417 censeat,

61 435 161 489 quod
181 435 315 476 videat
333 435 476 475 multos
497 434 700 475 moderate
723 441 763 474 et
779 433 988 489 tranquille
1010 434 1162 476 tulisse.
1225 442 1296 477 61.
1333 435 1527 479 Omnibus
1549 439 1656 480 enim

60 509 185 551 modis
205 509 388 551 fulciendi
412 517 529 561 sunt,
564 510 627 565 qui
652 516 772 550 ruunt
792 523 864 550 nee
889 509 1107 550 cohaerere
1134 518 1298 565 possunt
1321 519 1481 568 propter
1507 513 1658 569 magni-

64 584 237 626 tudinem
260 585 534 640 aegritudinis.
597 583 665 625 Ex
687 600 763 640 qno
786 584 910 640 ipsam
932 585 1219 639 aegritudinem
1240 584 1369 639 λύπην
1391 585 1655 645 Chrysippus,

64 659 176 715 quasi
205 659 441 719 solutionem
474 660 595 700 totius
626 659 819 711 hominis,
868 660 1101 715 appellatam
1135 668 1259 717 putat.
1324 660 1437 716 Quae
1474 671 1553 704 tota
1589 680 1660 721 po-

1584 739 1660 782 Est

65 809 167 850 enim
193 809 297 850 nulla
323 809 423 861 alia,
458 809 531 850 nisi
555 809 687 865 opinio
710 817 749 850 et
770 810 954 850 iudicium
981 811 1109 865 magni
1134 813 1356 867 praesentis
1375 819 1492 868 atque
1515 829 1660 869 urgen-

66 735 156 776 terit
181 734 321 785 evelli,
370 734 591 790 explicata,
642 742 684 776 ut
710 734 901 790 principio
927 735 1031 786 dixi,
1080 750 1219 777 caussa
1244 738 1520 792 aegritudinis.

64 883 113 925 tis
134 884 240 925 mali.
302 882 440 939 Itaque
462 891 500 924 et
520 885 634 925 dolor
657 886 857 941 corporis,
893 885 1004 926 cuins
1027 896 1085 925 cst
1114 901 1270 928 morsus
1293 888 1511 929 acerrimus
1527 922 1537 941 ,
1572 904 1662 946 per-

66 960 214 1000 feretur
240 973 308 1015 spe
332 960 532 1015 proposita
552 959 641 1000 honi
659 993 668 1011 ,
718 967 756 1000 et
777 968 863 1001 acta
884 968 994 1001 actas
1018 961 1183 1002 honeste
1216 976 1261 1003 ae
1282 963 1485 1018 splendide
1512 972 1660 1008 tantam

67 1034 184 1075 affert
215 1034 552 1084 consolationem,
607 1042 645 1075 ut
679 1049 772 1086 eos,
827 1036 888 1090 qui
924 1036 977 1076 ila
1016 1036 1219 1088 vixerint,
1271 1044 1340 1078 aut
1378 1053 1458 1080 non
1491 1040 1662 1096 attingat

66 1109 296 1163 aegritudo,
331 1117 398 1150 aut
429 1109 650 1165 perleviter⁸
674 1117 822 1165 pungat
852 1111 969 1150 animi
1003 1111 1129 1151 dolor.

180 1182 346 1226 XXVI.
391 1190 461 1225 62.
509 1182 589 1225 Sed
615 1185 660 1225 ad
683 1184 782 1225 hanc
808 1185 1033 1241 opinionem
1057 1186 1187 1241 magui
1207 1186 1294 1227 mali
1317 1203 1433 1242 quum
1457 1188 1522 1230 illa
1545 1191 1663 1233 etiam

67 1258 198 1314 opinio
219 1259 411 1310 accessit,
457 1249 666 1315 oportere,
712 1267 863 1300 rectum
885 1275 998 1311 esse,
1044 1262 1089 1302 ad
1114 1261 1280 1302 officium
1305 1263 1521 1317 pertinere,
1557 1267 1662 1308 ferre

68 1333 162 1374 illud
185 1347 331 1388 aegre,
366 1334 467 1388 quod
492 1334 703 1375 acciderit:
755 1341 832 1375 tum
858 1335 1026 1391 denique
1051 1337 1217 1377 efficitur
1239 1337 1303 1377 illa
1329 1339 1464 1391 gravis
1491 1341 1664 1395 aegritu-

66 1408 168 1448 dinis
191 1409 450 1463 perturbatio.
523 1408 588 1450 Ex
613 1409 685 1450 hac
712 1409 897 1465 opinione
923 1418 1014 1452 sunt
1036 1411 1101 1452 illa
1123 1412 1236 1452 varia
1259 1419 1300 1452 et
1322 1413 1571 1456 detestabilia
1595 1429 1666 1470 ge-

65 1496 163 1524 nera
187 1482 370 1538 lugendi,
416 1485 632 1540 paedores,
679 1485 892 1526 muliebres
919 1486 1182 1527 lacerationes
1209 1501 1425 1541 genarum,
1472 1491 1662 1545 pectoris,

67 1558 278 1609 feminum,
325 1560 463 1615 capitis
489 1560 784 1616 percussiones.

66 1631 169 1674 idem
201 1632 419 1686 Accianus,

848 1560 953 1602 Hinc
988 1562 1050 1603 illc
1083 1563 1334 1618 Agamemno
1358 1563 1598 1607 Homericus
1624 1573 1665 1608 et

372 1712 559 1750 Seindfins
589 1713 720 1751 dolore
749 1714 948 1752 z'de'lztzklem
980 1714 1167 1753 intonscim
1198 1729 1354 1754 comam.

68 1779 116 1823 In
140 1797 216 1838 quo
241 1783 408 1825 facetum
433 1785 525 1826 illud
548 1783 688 1827 Bionis
704 1819 714 1839 ‚
763 1787 926 1842 perinde
950 1787 1224 1829 stultissimum
1247 1803 1384 1844 regem
1410 1790 1449 1831 in
1470 1790 1578 1833 luctu
1600 1807 1667 1834 ea-

30 1936 36 1938 *
71 1927 188 1958 cohibet
208 1938 282 1959 cum
299 1926 467 1960 infinitivo
485 1927 588 1961 iuneti
605 1929 769 1961 rarissima
789 1935 851 1962 est.
886 1930 1014 1973 misque
1041 1930 1146 1962 Stoici
1178 1932 1357 1965 commenti
1389 1933 1457 1966 sint
1487 1935 1668 1969 verborum

74 1971 141 2004 Cic.
164 1983 226 2015 pro
246 1973 378 2004 Caecin.
402 1974 457 2011 ⁴33,
479 1974 544 2006 (itit
579 1974 676 2006 Unde
701 1975 850 2007 deiectus

73 2016 134 2053 es?
160 2030 200 2050 an
225 2017 324 2056 inde,
350 2029 416 2062 quo
435 2021 585 2051 cohibitus
607 2031 639 2052 es
661 2021 850 2053 accedere?

72 2063 154 2096 Tac.
182 2067 265 2095 Ann.
289 2065 338 2101 ΙΙ,
362 2068 425 2097 24:
467 2065 521 2096 vix
550 2068 710 2099 cohibuere
742 2067 850 2107 amici,

74 2109 251 2152 quominus
285 2109 405 2142 eodem
440 2111 522 2142 mari
556 2119 742 2155 oppeteret.
774 2122 849 2156 tpro

72 2165 139 2198 quo
160 2154 261 2186 etiam
284 2155 348 2187 diei
369 2155 480 2199 potuit
502 2159 568 2189 coh.
590 2159 755 2201 oppetere.)

140 2219 346 2259 admonetque
371 2229 434 2251 esse
455 2221 624 2264 hominem]
651 2222 768 2254 Omisit
791 2222 848 2254 ci-

74 2274 152 2295 cero
187 2274 372 2306 pronomen
406 2275 454 2297 me
485 2266 536 2298 vel
563 2271 610 2308 le,
646 2280 711 2312 quo
744 2270 848 2313 magis

73 2309 238 2352 generalis
264 2309 439 2343 efferretur
462 2313 639 2346 sententia.

142 2370 196 2405 61.
222 2373 398 2416 cohaerere]
427 2374 619 2409 consistere.
649 2377 852 2421 Metaphora

35 2427 38 2429 ’
71 2416 107 2449 in
127 2417 194 2449 hoc
218 2417 295 2450 loco
322 2419 428 2462 petita
461 2420 592 2454 videtur
614 2423 656 2454 ab
680 2424 850 2463 aedificiis,

72 2474 178 2507 quae,
215 2474 374 2508 compage
398 2466 529 2506 soluta,
566 2480 608 2500 ne
638 2473 755 2511 ruant,
790 2473 852 2511 ful-

73 2510 186 2541 cienda
208 2516 294 2541 sunt.
338 2511 400 2543 -Sic
421 2513 502 2544 Har.
527 2514 623 2557 Resp.
647 2515 710 2548 27:
737 2515 764 2546 si
787 2527 852 2547 un-

73 2553 172 2598 dique
205 2557 394 2598 fulciamus,
430 2560 646 2592 cohaerebunt.
692 2561 784 2593 Infra
808 2563 850 2594 V.

75 2598 138 2638 2⁸⁴1,
162 2603 224 2633 ὅθι
264 2602 403 2635 virtutes
434 2604 504 2636 sine
529 2605 625 2638 beata
649 2606 719 2638 vita
740 2610 851 2640 cohae-

73 2653 141 2721 ἵνα
172 2657 240 2680 non
270 2656 410 2691 possunt
439 2662 502 2683 nec
535 2651 608 2683 siue
637 2651 760 2685 virtute
782 2654 851 2686 vita

100 2697 184 2723 eata.

149 2751 240 2788 quasi
272 2752 470 2795 solutionem]
517 2753 572 2786 Sic
609 2756 762 2787 Socrates
798 2768 851 2800 ap.

79 2789 208 2844 Platon.
220 2793 343 2838 Cratyl.
357 2808 390 2840 p.
402 2797 478 2831 419.
494 2799 534 2830 C:
553 2795 580 2842 ἥ
594 2811 631 2834 τε
649 2803 667 2834 λ
678 2799 696 2835 u'
708 2813 765 2844 πη
784 2798 850 2836 ἀπὸ

78 2846 142 2878 της
170 2839 302 2874 διαλύ
317 2852 406 2876 σεω
421 2854 437 2881 ς
467 2845 527 2879 τοῦ
565 2842 724 2889 σώματος
748 2846 853 2881 ἔοικεν

79 2878 369 2928 ἐπονομασθῆναι,
405 2884 448 2930 ἧν
478 2889 510 2924 ἐν
539 2889 650 2935 τούτῳ
675 2892 725 2937 τῷ
750 2890 854 2927 πάθει

78 2925 171 2979 ἴσχει
191 2925 230 2979 'fd
256 2931 369 2974 σῶμα.
426 2935 535 2974 Quam
556 2943 729 2970 contortas
752 2949 853 2980 saepe

80 2977 116 3003 et
143 2971 298 3008 ridiculas
327 2984 458 3011 veteres
485 2981 688 3025 scriptores,
721 2982 757 3015 in
779 2984 853 3026 pri-

888 1976 1151 2019 originationes,
1179 1986 1322 2011 constat.

957 2022 1036 2054 cip.
1056 2023 1186 2056 XXVI.
1221 2024 1276 2057 62.
1309 2027 1464 2066 paedores
1485 2045 1531 2051 —
1551 2030 1669 2069 capitis

882 2070 1111 2110 percussiones]
1135 2072 1291 2110 paedores
1311 2071 1344 2104 h.
1361 2083 1389 2104 e.
1410 2072 1539 2111 sordes,
1565 2085 1670 2118 squa-

886 2113 994 2153 lores,
1031 2115 1149 2158 quibus
1181 2116 1307 2149 luctum
1340 2125 1471 2150 veteres
1494 2119 1669 2153 testificari

885 2160 1058 2196 solebant,
1097 2161 1142 2192 ef.
1167 2174 1194 2194 c.
1218 2163 1277 2203 12,
1303 2163 1357 2197 26.
1385 2167 1551 2198 muliebres
1573 2168 1668 2200 lacer.

886 2207 922 2238 In
947 2206 1022 2250 lege
1039 2207 1106 2239 XII
1124 2207 1263 2242 tabulas.
1286 2222 1339 2253 ap.
1358 2210 1426 2242 Cic.
1449 2211 1491 2242 de
1506 2212 1608 2256 Legg.
1624 2214 1666 2244 H.

884 2253 938 2289 23.
961 2254 1024 2286 59:
1054 2253 1209 2286 Mulieres
1227 2267 1328 2298 genas
1346 2268 1388 2289 ne
1406 2256 1562 2295 radunto‚
1584 2269 1669 2290 neve

885 2298 1006 2330 lessurn
1024 2299 1149 2331 funeris
1167 2312 1247 2344 ergo
1273 2301 1431 2335 habento.
1479 2304 1525 2335 De
1547 2303 1668 2347 plurali

886 2356 1026 2376 numero
1050 2345 1296 2379 abstracturum
1321 2360 1349 2381 v,
1372 2349 1415 2381 ad
1443 2350 1497 2380 IV.
1521 2352 1559 2389 ¹2,
1586 2351 1619 2382 3.

957 2395 1149 2432 Agamemno
1164 2394 1361 2437 Homericus]
1384 2395 1477 2427 Iliad.
1497 2395 1541 2427 X.
1566 2392 1606 2427 14
1617 2405 1666 2437 sq.

932 2434 1050 2481 Αὖτὰρ
1077 2433 1126 2472 ἔτ’
1153 2437 1189 2476 ἐς
1212 2437 1297 2482 νῆάς
1326 2451 1363 2474 τε
1394 2441 1460 2475 ἴδοι
1495 2439 1553 2473 καὶ
1587 2438 1666 2475 λαὸν

1373 2484 1532 2530 Ἀχαιῶν,

933 2527 1073 2567 Πολλὰς
1096 2528 1135 2563 ἐκ
1159 2531 1316 2574 κεφαλῆς
1338 2529 1590 2574 προὲελύμνους
1614 2529 1667 2564 ἑλ-

1371 2588 1450 2610 κετο
1474 2575 1605 2620 χαίτας.

957 2620 1128 2664 Accianus]
1154 2624 1361 2665 Agamemno
1383 2622 1416 2653 in
1438 2621 1530 2653 Accii
1553 2620 1668 2655 fabula

889 2666 1101 2709 cog'nomine.

955 2714 989 2744 in
1013 2723 1072 2753 quo
1093 2714 1230 2753 facetum
1250 2714 1330 2744 illud
1352 2714 1474 2754 Bionis]
1507 2712 1586 2744 Scil.
1611 2712 1667 2745 di-

889 2764 977 2790 ctum
1004 2765 1064 2790 est.
1101 2757 1143 2789 de
1164 2759 1219 2788 Or.
1239 2758 1277 2788 H.
1301 2756 1355 2796 61,
1380 2756 1465 2790 240:
1491 2757 1669 2792 ridiculum

890 2810 939 2835 est
973 2803 1055 2835 illud
1094 2802 1322 2833 Neroni-anum
1360 2809 1455 2834 vetus
1490 2805 1524 2836 in
1558 2806 1668 2845 furace

888 2859 987 2881 servo.
1037 2848 1102 2880 off.
1128 2848 1243 2885 159,
1288 2846 1370 2880 139:
1409 2848 1499 2892 quod
1532 2849 1668 2893 quidem

888 2894 939 2926 his
975 2893 1183 2936 temporibus
1223 2894 1257 2924 in
1290 2896 1396 2926 multis
1440 2894 1520 2927 licet
1554 2897 1669 2930 dicere.

890 2941 944 2971 Or.
963 2941 1006 2977 ΙΙ,
1026 2941 1068 2972 bl
1085 2950 1091 2969 z
1118 2937 1208 2981 quod
1227 2939 1259 2970 in
1281 2948 1370 2972 servo
1388 2942 1467 2973 bono
1486 2942 1550 2974 dici
1568 2942 1668 2976 solet.

889 2984 961 3017 Fin.
982 2985 1023 3017 11.
1044 2981 1079 3022 4.
1102 2983 1162 3018 14:
1193 2982 1307 3016 iuvare
1330 2987 1364 3018 in
1387 2989 1518 3030 utroque
1540 2989 1666 3022 dicitur.
