1859 3149
590 69 760 103 menn
784 71 846 103 111.
871 67 936 112 28,
959 67 1016 104 69.
1040 68 1096 106 70.
1120 67 1177 103 71.
1604 65 1681 110 211

78 159 168 205 tes,
214 164 345 207 neque
368 149 596 206 insipientia
624 149 744 191 ullum
767 150 895 192 maius
918 150 1060 192 malum
1091 157 1177 204 est,
1221 165 1351 208 neque
1375 159 1508 195 tamen
1527 153 1680 210 lugent.

78 225 185 283 Quid
206 227 292 269 ita?
333 224 438 281 Quia
458 225 552 267 huio
568 225 706 281 generi
730 225 922 267 malorum
945 240 1024 267 non
1042 226 1241 282 affingitur
1257 227 1324 269 illa
1345 227 1495 284 opinio,
1528 238 1683 274 rectum

76 316 167 345 esse
192 309 233 344 et
254 315 421 357 acquum
447 307 487 342 et
507 300 555 342 ad
576 300 744 341 officium
768 300 968 356 pertinere
992 314 1114 355 aegre
1137 302 1258 353 ferre,
1293 302 1396 358 quod
1417 304 1578 361 sapiens
1601 321 1682 350 non

75 377 155 428 sis,
197 377 301 433 quod
322 376 425 418 idem
448 375 669 430 affingimus
696 374 784 415 huic
807 375 1070 430 aegritudini,
1112 376 1152 416 in
1175 391 1249 431 qua
1272 377 1400 420 luctus
1425 378 1547 433 inest,
1580 396 1680 437 quae

75 453 249 499 omnium
286 450 461 492 maxima
498 457 574 492 est.
649 456 720 492 69.
767 448 905 505 Itaque
944 450 1189 492 Aristoteles
1226 459 1386 493 veteres
1425 454 1679 513 philosophos

75 541 293 579 accusans,
338 526 403 582 qui
430 525 802 576 existimavissent‚
848 525 1131 582 philosophiam
1158 525 1242 567 suis
1268 526 1450 582 ingeniis‘
1473 543 1565 573 esse
1589 546 1680 588 per-

7 594 17 601 *
74 602 242 654 lectam,
288 602 364 653 ait,
407 615 477 643 eos
498 595 578 642 'aut
608 600 866 642 stultissimos
898 607 966 642 aut
992 600 1306 656 gloriosissimos
1340 602 1490 656 fuisse,
1539 607 1610 649 sed
1633 622 1679 651 se

1441 678 1554 722 brevi
1579 688 1678 725 tem-

1095 750 1403 808 Theophrastus
1434 761 1567 797 autem
1592 772 1678 800 mo-

70 675 234 729 videre,
281 677 385 733 quod
410 677 549 733 paucis
583 675 697 717 annis
732 689 875 732 magna
914 676 1093 717 accessio
1130 676 1230 717 sacta
1262 684 1396 729 esset,

70 766 167 810 pore
193 751 478 809 philosophiam
514 751 628 808 plane
654 751 875 792 absolutam
916 752 1017 792 fore.

70 828 180 869 riens
202 841 416 869 accusasse
441 834 623 869 naturam
647 826 814 877 dicitur,
851 826 953 881 quod
975 826 1106 867 cervis
1138 834 1177 867 et
1198 827 1425 871 cornicibus
1446 829 1567 873 vitam
1591 832 1676 875 diu-

71 909 254 955 turnam,
288 917 453 958 quorum
481 902 517 943 id
543 902 638 943 nihil
661 901 902 951 interesset,
937 901 1188 954 hominibus,
1222 918 1389 959 quorum
1416 906 1591 948 maxime
1614 907 1675 949 in·

71 977 302 1030 terfuisset‚
348 985 425 1019 tam
460 976 646 1032 exiguam
682 977 801 1017 vitam
835 976 1031 1027 dedisset,
1084 992 1252 1032 quorum
1286 980 1321 1020 si
1345 986 1456 1021 aetas
1480 981 1677 1037 potuisset

70 1034 449 1107 esselonginquior,
486 1052 657 1092 futurum
682 1051 820 1104 fuisse,
856 1058 912 1102 ut,
947 1051 1129 1093 omuibus
1152 1053 1340 1108 perfectis
1363 1054 1531 1107 artibus,
1566 1058 1674 1100 omni

70 1127 250 1169 doctrina
272 1126 470 1168 bominum
494 1126 575 1167 vita
599 1126 839 1167 erudiretur.
905 1123 1159 1180 Querebatur
1182 1127 1318 1182 igitur,
1352 1142 1396 1170 se
1423 1135 1520 1182 tum,
1553 1146 1672 1186 quum

67 1202 135 1243 illa
162 1202 298 1243 videre
322 1201 534 1256 coepisset,
569 1201 788 1256 exstingui.
854 1198 988 1255 Quid?
1019 1215 1073 1242 ex
1098 1202 1244 1243 ceteris
1269 1202 1512 1260 philosophis
1538 1220 1672 1249 nonne

68 1277 238 1334 optimus
262 1283 299 1318 et
324 1276 587 1332 gravissimus
609 1277 773 1332 quisque
800 1276 1039 1328 confitetur,
1074 1277 1194 1318 multa
1217 1291 1260 1318 se
1281 1277 1468 1333 ignorare
1490 1286 1529 1321 et
1548 1281 1672 1324 multa

66 1352 138 1394 sibi
162 1352 280 1393 etiam
306 1358 424 1407 atque
448 1351 568 1392 etiam
593 1365 684 1393 esse
709 1351 923 1392 discenda?
984 1357 1054 1393 70.
1091 1365 1218 1407 neque
1239 1359 1388 1404 tamen,
1423 1368 1539 1408 quum
1561 1369 1607 1398 se
1628 1356 1669 1399 in

65 1427 194 1470 media
212 1427 406 1479 stultitia,
440 1441 516 1482 qua
555 1425 650 1468 nihil
682 1434 742 1468 est
771 1427 908 1483 peiuS,
943 1426 1111 1468 haerere
1139 1427 1383 1483 intelligant,
1418 1429 1670 1485 aegritudine

1533 1503 1669 1561 Quid?

891 1577 1017 1632 qualis
1065 1578 1136 1618 fuit
1173 1576 1225 1632 Q.
1256 1576 1462 1620 Maximus
1493 1581 1667 1624 efferens

65 1510 314 1560 premuntur.
391 1501 511 1546 Nulla
537 1502 641 1544 euim
676 1502 917 1543 admiscetur
947 1502 1079 1558 opinio
1109 1502 1272 1544 officiosi
1304 1503 1468 1546 doloris.

65 1578 133 1634 qui
174 1593 253 1619 non
294 1585 432 1635 putant
461 1579 674 1634 lugendum
716 1577 846 1618 viris?

64 1652 186 1695 filium
221 1654 498 1706 consularem,
544 1652 672 1709 qualis
701 1650 754 1693 L.
780 1650 942 1694 Paullus
975 1653 1127 1694 duobus
1164 1653 1298 1709 paucis
1335 1653 1474 1696 diebus
1507 1654 1667 1699 amissis

64 1727 179 1780 filiis,
225 1729 351 1784 qualis
372 1727 434 1770 M.
460 1726 563 1772 Cato
588 1736 771 1785 praetore
794 1728 1001 1783 designato
1028 1734 1183 1768 mortuo
1207 1728 1309 1778 filio,
1345 1728 1480 1783 quales
1503 1729 1663 1785 reliqui,

66 1817 165 1859 quos
192 1803 234 1845 in
259 1801 547 1868 C⁰2⁵B¹jtfi⁰¹¹0
573 1805 821 1861 collegimus.

113 1897 300 1938 Vivacisque
322 1895 415 1930 iecur
437 1899 542 1938 cervi,
567 1896 685 1941 quibus
710 1897 848 1939 insuper

705 1942 801 1974 addit

112 1989 179 2022 Ora
209 1994 376 2033 caputque
407 1998 521 2022 novem
552 1990 686 2021 cornicis
717 1989 848 2020 saecuta

702 2043 831 2074 passae.

65 2079 119 2113 De
139 2082 314 2114 cornicibus
337 2091 370 2112 v.
396 2078 521 2111 Adnot.
545 2078 579 2111 in
606 2081 630 2111 Ι.
654 2078 719 2118 31,
746 2079 800 2113 77.

133 2127 336 2180 querebatur]
373 2122 519 2168 “Ημεῖ,ς
546 2123 590 2160 6.-
580 2121 642 2160 .ὀ’τ
664 2121 797 2170 αρχόμε
801 2126 847 2159 ..α

69 2171 148 2216 ζῆν,
178 2167 251 2206 τότ’
272 2157 517 2214 irrefrenatam
519 2184 555 2211 ν,
591 2171 846 2215 Theophrastus

65 2216 284 2250 moribundus
307 2216 477 2261 discipulis
499 2217 566 2250 suis
588 2216 711 2250 dixisse
737 2217 847 2250 tradi-

66 2269 134 2296 tur.
175 2263 217 2295 V.
244 2263 341 2307 Diog.
364 2263 476 2295 Laert.
498 2264 538 2296 V.
564 2262 662 2307 §.A

136 2309 192 2345 70.
225 2311 352 2342 haerere
384 2310 576 2353 intelligunt]
615 2309 755 2343 Pluralis
780 2322 846 2342 nn-

66 2366 178 2389 merus
202 2362 283 2400 post:
301 2355 504 2399 singularem
527 2355 686 2400 ponitur,
715 2364 752 2389 ut
770 2356 845 2388 Fin.

65 2401 178 2442 11,1:
215 2401 281 2434 Hic
314 2413 414 2446 quum
444 2406 571 2444 uterque
602 2413 651 2435 me
679 2405 850 2436 intueretur

67 2459 207 2494 seseque
231 2447 274 2480 ad
296 2447 499 2481 audiendum
514 2450 730 2490 significarent
748 2459 848 2490 para-

67 2497 124 2528 tos.
159 2505 220 2537 pro
241 2492 580 2538 Flacc.XLI,104·
616 2496 736 2534 Quotus
759 2495 849 2526 enim

69 2542 196 2582 quisque
212 2544 268 2581 est,
292 2542 347 2582 qui
366 2520 484 2573 hanc&
474 2552 508 2572 111
531 2539 701 2584 republica
723 2547 848 2573 sectam

68 2589 217 2627 sequatur
240 2606 305 2627 —,
343 2598 445 2631 quum
473 2586 566 2619 illam
591 2586 678 2618 viam
711 2587 776 2619 sibi
800 2589 849 2620 vi-

72 2631 167 2671 deant
191 2632 447 2676 expeditiorem.
494 2632 561 2664 Sed
588 2632 678 2676 quod
706 2634 787 2666 Dav.
814 2632 849 2664 iu

70 2675 125 2708 ed.
135 2677 168 2709 2.
187 2676 280 2710 dedit
298 2681 494 2721 confitentur,
515 2678 551 2710 id
570 2678 669 2722 plane
689 2679 850 2712 abhorret

72 2732 93 2754 a
112 2723 352 2757 consuetudine
372 2724 564 2767 Ciceronis,
588 2725 643 2769 qui
666 2732 745 2768 post
764 2729 850 2768 quis-

71 2776 130 2808 que
150 2778 316 2812 nunquam
333 2770 368 2803 iu
387 2770 506 2803 eadem
527 2771 758 2804 enuntiatione
781 2771 850 2804 uti-

72 2818 129 2845 tur
145 2812 265 2856 plurali
288 2816 390 2857 verbi,
415 2816 524 2849 sedin
547 2817 763 2862 subsequenti
786 2817 850 2850 de-

71 2869 163 2891 mum
174 2860 413 2896 enuntiatione.
434 2864 474 2896 V.
486 2874 547 2896 nos
558 2875 592 2896 111
606 2864 664 2897 Gr.
677 2865 716 2896 L.
730 2864 760 2899 (i.
774 2863 849 2904 103,

72 2903 107 2938 2.
129 2902 255 2947 p-141.
275 2905 376 2940 etl-2-

884 1810 955 1845 71.
992 1802 1096 1858 Quid
1122 1802 1194 1842 hos
1219 1802 1323 1843 aliud
1353 1803 1546 1858 placavit,
1589 1805 1666 1848 nisi

884 1893 1038 1938 cognovi,
1057 1893 1116 1925 sed
1130 1893 1212 1925 nihil
1234 1900 1285 1926 est
1303 1893 1544 1937 admirabilius,
1566 1907 1666 1941 quam

883 1939 1054 1984 quomodo
1086 1939 1142 1971 ille
1182 1946 1328 1972 mortem
1362 1936 1421 1972 filii
1450 1940 1548 1981 tulit,
1585 1942 1665 1977 clari

883 1986 944 2018 viri
970 1993 1004 2018 et
1028 1985 1220 2018 consularis.
1269 1987 1329 2018 Est
1352 1986 1386 2019 in
1411 1987 1562 2020 manibus
1586 1988 1663 2022 lau-

884 2031 994 2065 datio:
1021 2044 1119 2076 quam
1146 2044 1245 2076 quum
1270 2032 1433 2076 legimus,
1459 2044 1558 2078 quem
1581 2035 1664 2079 phi-

882 2078 1062 2147 Iosophurn
1094 2089 1162 2111 non
1186 2078 1459 2111 contemnimus?
1495 2080 1664 2115 Plutarch.

883 2125 965 2157 Fab.
989 2137 1016 2157 c.
1041 2122 1114 2164 )4.,
1150 2124 1206 2157 ubi
1231 2126 1320 2158 iuter
1348 2125 1412 2158 alia
1435 2126 1520 2160 haec
1539 2127 1664 2171 legun-

884 2178 955 2203 tur:
997 2182 1046 2209 ως
1072 2166 1161 2224 anf:
1186 2183 1224 2206 τε
1257 2183 1301 2214 9:
1307 2166 1420 2215 ἆνιςμο
1455 2172 1515 2207 καὶ
1547 2173 1663 2218 πατὴρ

881 2215 1044 2262 'sensu-53,
1111 2228 1191 2260 esu:
1207 2229 1272 2261 μετ
1274 2230 1302 2260 ρ
1297 2229 1434 2252 mmm.
1469 2220 1520 2251 De
1540 2222 1583 2253 M.
1601 2222 1663 2254 Ca-

882 2269 950 2297 tone
974 2263 1017 2295 cf.
1039 2263 1228 2308 praeclarus
1249 2264 1342 2296 locus
1365 2263 1408 2297 de
1430 2266 1508 2299 Seu.
1528 2266 1663 2307 XXIII,

882 2308 951 2348 >4.,
978 2309 1032 2341 ubi
1054 2309 1126 2341 hic.
1155 2312 1182 2341 Ο
1204 2310 1412 2354 praeclarum
1433 2310 1534 2351 diem,
1561 2324 1663 2356 quum

883 2355 926 2388 ad
961 2355 1045 2387 illud
1080 2355 1229 2388 divinum
1264 2356 1452 2390 animorum
1486 2358 1663 2390 concilium

884 2409 1084 2445 coctumque
1108 2401 1322 2445 proficiscar,
1346 2414 1514 2448 quumque
1537 2415 1576 2435 ex
1601 2403 1665 2436 hac

881 2447 982 2480 turba
1000 2455 1033 2480 et
1050 2447 1241 2480 colluwone
1255 2448 1445 2481 discedam!
1469 2448 1664 2482 proficiscar

883 2494 971 2526 enim
985 2505 1053 2526 non
1075 2493 1119 2526 ad
1138 2505 1196 2526 eos
1217 2494 1325 2528 solum
1345 2494 1454 2532 w'ros,
1481 2495 1524 2527 de
1545 2494 1663 2538 quibus

883 2548 962 2572 ante
997 2539 1087 2577 d'uri
1132 2552 1248 2573 verum
1283 2540 1384 2574 etiam
1420 2540 1463 2573 ad
1502 2540 1664 2573 Catonem

883 2598 994 2619 meum
1023 2566 1144 2618 filium
1163 2587 1238 2631 sc.,]
1266 2598 1332 2631 quo
1354 2598 1453 2619 nemo
1475 2585 1525 2618 vir
1545 2585 1663 2618 melior

884 2641 981 2666 natus
1015 2639 1086 2673 est,
1128 2644 1229 2664 nemo
1263 2633 1390 2676 pietate
1423 2631 1659 2675 praestantior.

887 2679 984 2711 Cuius
1008 2690 1027 2710 a
1048 2690 1102 2710 me
1125 2690 1245 2722 corpus
1269 2683 1451 2710 crematum
1474 2683 1544 2715 est3
1571 2677 1663 2721 quod

886 2733 1004 2758 contra
1020 2724 1134 2757 decuit
1148 2724 1189 2756 ab
1204 2724 1264 2755 illo
1279 2734 1406 2759 meum;
1432 2722 1560 2755 animus
1579 2735 1663 2757 vero

884 2783 953 2804 non
975 2783 1027 2803 me
1049 2770 1225 2807 deserens,
1251 2768 1311 2800 sed
1333 2775 1545 2812 respectans,
1569 2768 1604 2803 ia
1624 2781 1664 2802 ea

885 2817 1043 2862 profecto
1077 2816 1152 2848 loca
1177 2813 1348 2853 discessit,
1385 2825 1450 2858 quo
1487 2814 1569 2848 mihi
1598 2815 1663 2859 ipsi

887 2863 1046 2896 cernebat
1080 2873 1151 2894 esse
1184 2839 1396 2892 venienddm.
1456 2861 1565 2901 Quem
1597 2873 1661 2906 ego
1697 2890 1701 2899 ,

878 2918 997 2941 ‘meum
1029 2918 1145 2941 casum
1172 2906 1308 2938 fortiter
1338 2906 1426 2938 ferre
1457 2906 1547 2940 visus
1577 2919 1662 2950 sum,

143 2950 182 2990 Q.
201 2951 376 2994 Maximus]
401 2953 444 2987 de
465 2955 544 2986 Seu.
565 2956 632 2995 IV,
654 2954 715 2988 12:
742 2953 852 2986 Multa
884 2966 953 2987 non
985 2965 1051 2997 quo
1072 2962 1177 2995 aequo
1199 2951 1310 2984 animo
1336 2952 1480 2993 ferrem,
1514 2953 1575 2986 sed
1607 2966 1664 2988 me

70 2992 105 3027 in
127 3005 169 3028 eo
192 2995 266 3028 viro
289 2997 345 3039 (Q.
365 2998 471 3032 Fabio
491 3000 653 3044 Maximo)
677 2999 851 3043 praeclara
884 2999 958 3044 ipse
979 2998 1188 3037 consolabar,
1211 2997 1415 3041 existimans,
1439 3010 1508 3033 uon
1525 2999 1665 3045 longin—

1248 3055 1338 3096 14*
