1827 3101
153 57 210 101 66

271 147 413 192 xvn.

159 238 238 266 non
260 225 344 266 fere
364 223 604 274 reddebant,
638 222 713 263 nisi
740 223 831 278 quid
855 214 943 265 erat

159 298 339 340 candum.

478 146 558 190 Sed
592 148 713 189 redeo
742 148 790 189 ad
816 148 1014 204 antiquos.

710 68 878 102 LIBER
904 69 930 100 1.
958 66 1020 109 17,
1046 66 1103 103 39.
1127 67 1184 104 40.

1075 148 1290 191 Rationem
1315 149 1370 191 illi
1396 149 1616 192 sententiae
1631 164 1739 192 suae

967 224 1143 265 numeris
1173 231 1242 265 aut
1262 224 1594 281 descriptionibus
1616 225 1744 281 expli-

402 303 472 339 59.
507 296 711 338 Platonem
736 299 888 350 ferunt,
922 305 965 340 ut
986 297 1261 355 Pythagoreos
1283 306 1568 354 cognosceret,
1602 298 1644 340 in
1661 297 1743 340 Ita-

160 372 251 415 liam
279 372 464 423 venisse,
512 380 550 412 et
584 372 767 413 didicisse
790 371 1043 429 Pythagorea
1077 374 1207 415 omnia
1238 373 1482 429 primumque
1513 374 1560 415 de
1594 373 1746 414 animo-

161 462 246 489 rum
270 447 501 488 aeternitate
524 461 602 487 non
623 447 747 488 solum
774 448 950 489 sensisse
970 448 1070 488 idem
1088 479 1098 499 ,
1133 448 1235 503 quod
1258 445 1551 503 Pythagoram,
1586 447 1657 489 sed
1682 461 1747 488 ra-

162 523 307 563 tionem
333 520 448 561 etiam
477 521 671 563 attulisse.

163 597 260 637 hanc
288 602 407 637 totam
444 610 551 651 spem
575 596 877 637 immortalitatis
899 596 1181 651 relinquamus.

737 520 865 576 Quam
881 554 893 575 ,
938 522 1013 563 nisi
1036 521 1125 577 quid
1150 521 1245 562 dicis
1262 554 1272 572 ,
1321 521 1677 576 praetermittamus
1707 529 1748 563 et

1244 595 1300 636 Α.
1334 594 1401 636 An
1432 603 1497 647 tu,
1532 608 1648 650 quum
1685 609 1748 636 me

163 670 202 711 in
239 684 431 711 sumniam
459 671 797 726 exspectationem
820 671 1055 722 adduxeris,
1104 671 1294 712 deseres?
1351 668 1504 711 Errare
1525 669 1749 710 mehercule

163 745 263 786 malo
296 759 383 786 cum
411 742 601 795 Platone,
636 760 750 800 quem
781 753 821 786 tu
849 745 982 800 quanti
1017 745 1138 785 facias
1169 744 1252 785 scio
1280 750 1320 784 et
1343 757 1456 798 quem
1487 757 1540 784 ex
1575 749 1643 784 tuo
1680 756 1750 784 oro

162 819 359 871 admiror,
393 833 506 873 quam
531 834 617 859 cum
639 820 725 860 istis
751 833 847 861 vera
874 820 1037 860 sentire.

163 894 267 936 enim
288 894 372 950 ipse
395 907 480 934 cuin
507 893 644 934 eodem
669 894 754 950 ipso
784 909 863 935 non
896 894 1043 935 invitus
1064 892 1298 935 erraverim.

164 985 305 1030 primam
335 983 448 1016 sedem
482 983 602 1022 habet,
647 984 724 1016 addi
757 983 864 1023 solet,
901 990 937 1015 ut

165 1031 321 1064 Acatlem.
342 1032 366 1061 Ι.
387 1031 427 1066 5,
453 1030 494 1062 9:
532 1029 735 1074 omninoque
763 1030 873 1062 latinis
905 1036 939 1062 et

164 1076 283 1109 litteris
306 1078 449 1115 laminis,
475 1081 507 1105 ct
533 1075 640 1106 vorbis
664 1075 816 1107 attulisti.
867 1075 937 1108 Cat.

166 1122 244 1155 Mai.
264 1121 323 1160 13,
349 1122 410 1153 45:
439 1127 535 1152 cortu
557 1124 732 1154 anticorum
752 1128 785 1153 et
807 1133 937 1155 sermo-

165 1168 271 1201 nibus.

236 1212 439 1245 clxxxvii.
475 1213 567 1244 redeo
591 1214 635 1245 act
657 1211 814 1256 antiquos]
841 1211 940 1244 Redit

168 1259 209 1292 ad
228 1259 382 1301 antiquos
403 1257 471 1290 scil.
497 1257 736 1301 Pythagoreo&
763 1258 940 1300 respiciens

168 1305 268 1337 vesto-a
291 1305 449 1344 multaque
480 1305 606 1335 saecula
634 1307 742 1344 postea
775 1307 820 1336 sic
842 1306 942 1344 viyuit

169 1352 435 1391 Pythaqoreorum
459 1359 569 1380 nomen
592 1355 654 1380 etc.

237 1397 373 1427 numeris
397 1398 452 1425 aut
475 1395 746 1436 descriptionibus]
784 1393 868 1426 Illud
899 1394 942 1426 ad

169 1440 378 1474 arithmetica
399 1439 611 1471 referendum
632 1447 691 1477 est,
714 1439 780 1472 hoc
800 1439 843 1472 ad
867 1439 943 1472 sor-

170 1498 238 1519 mas
257 1485 476 1528 geometricas
497 1482 778 1527 χδιευμράμματα).
816 1485 869 1518 Sic
889 1488 942 1518 de-

169 1534 300 1565 scribere
322 1531 457 1574 proprie
481 1530 602 1562 dicitur
635 1529 675 1562 de
698 1539 943 1574 geometrarum

170 1577 280 1621 figuris
294 1576 346 1609 vel
359 1576 645 1608 delineationibns.
672 1577 743 1608 Fin.
759 1578 798 1609 V.
815 1576 865 1616 19,
878 1579 940 1610 50:

172 1622 414 1665 (Archimedes)
446 1621 524 1654 dnm
555 1622 588 1653 in
620 1622 756 1667 pulvere
780 1622 942 1667 quaedam

169 1670 315 1701 describit
344 1668 522 1706 attentius,
562 1679 605 1700 ne
636 1668 777 1713 patriam
809 1668 942 1713 quidem

170 1721 302 1758 captam
326 1725 396 1745 esse
420 1713 533 1746 sensit.

237 1760 292 1793 39.
339 1761 502 1792 Platonem
523 1761 640 1801 serunt}
675 1759 868 1792 Sententiae
894 1759 942 1792 sic

170 1817 206 1838 se
231 1805 418 1849 excipiunt:
448 1804 583 1848 Antiqui
606 1805 653 1837 illi
676 1806 839 1838 rationem
861 1817 942 1838 sen-

169 1851 295 1883 tentiae
327 1862 405 1882 suae
435 1862 501 1881 non
534 1851 605 1882 scre
637 1851 843 1891 reddebant,
879 1851 941 1884 nisi

171 1896 248 1940 quid
279 1903 351 1928 erat
382 1896 524 1928 numeris
550 1916 594 1921 —-
618 1897 869 1940 explicandum3
906 1904 941 1929 at

170 1953 210 1974 ex
230 1941 269 1973 iis
284 1942 377 1974 Plato
398 1941 439 1973 de
455 1941 639 1974 animorum
655 1943 853 1976 aeternitate
872 1954 940 1975 non

169 1986 277 2019 solum
296 1987 398 2019 sensit
411 1986 512 2029 idem,
533 1987 623 2030 quod
642 1989 857 2032 Pythagoras,
880 1988 941 2021 sed

169 2032 333 2065 rationem
366 2031 466 2063 etiam
491 2033 612 2064 attulit.
659 2034 845 2067 particulae
876 2036 940 2068 ad-

169 2078 353 2110 versativae
375 2089 475 2120 saepe
496 2078 703 2111 omittuntur.

236 2125 318 2165 quod
345 2125 574 2165 Pythayoram]
602 2124 680 2155 Seil.
714 2124 853 2156 sensisse
884 2125 937 2156 fe-

169 2175 257 2203 runt.
296 2168 367 2200 Fin.
388 2170 449 2206 lv,
474 2169 536 2200 20:
564 2170 673 2212 Negat
694 2170 887 2209 Platonem,
912 2171 939 2202 si

168 2214 298 2257 sapiens
322 2225 390 2245 non
416 2214 477 2252 sit,
515 2214 630 2246 eadem
654 2227 725 2247 esse
755 2215 788 2247 in
814 2227 937 2255 caussa,

167 2270 231 2302 qua
260 2264 429 2299 tyrannum
456 2261 659 2299 Dionysium:
695 2260 750 2293 ubi
781 2272 799 2292 e
830 2261 938 2294 verbis

168 2310 259 2347 neqat
282 2315 344 2337 esse
366 2304 526 2336 elicienda
548 2313 624 2337 sunt
648 2307 749 2338 verba
771 2316 834 2339 esse
854 2309 938 2340 dicit.

168 2351 268 2383 Tusc.
283 2352 336 2383 IV.
353 2350 406 2389 20,
430 2348 491 2382 46:
516 2362 615 2394 quum
636 2359 692 2383 aut
716 2363 750 2383 se
765 2364 831 2384 non
848 2352 938 2384 idem

167 2396 282 2428 videat
296 2403 521 2433 consecutum,
540 2398 622 2436 quod
635 2400 746 2438 alium,
768 2404 824 2428 aut
837 2397 937 2430 alium

168 2441 268 2480 idem,
291 2443 375 2483 quod
396 2452 437 2474 se.
484 2442 524 2473 V.
547 2444 685 2474 Kt'chner.
701 2444 773 2474 Lat.
790 2443 937 2475 Gramm.

169 2490 199 2531 §.
216 2487 298 2526 122),
326 2488 377 2520 14.
402 2499 434 2530 p.
449 2485 515 2520 '290'
534 2498 582 2530 sq.
606 2487 657 2519 ed.
673 2492 704 2519 3.
753 2488 825 2520 Alia
851 2488 937 2521 ratio

167 2533 311 2566 habetur
328 2533 361 2565 in
385 2532 545 2564 eiusmodi
566 2533 743 2576 exemplis,
769 2533 866 2577 quale
888 2540 938 2566 est

169 2578 212 2611 tle
235 2579 413 2617 Senect.I,
440 2577 476 2610 1:
503 2585 538 2610 te
560 2579 710 2621 suspicor
733 2578 851 2611 iisdem
880 2586 939 2612 re-

168 2624 250 2662 bus,
274 2627 386 2665 quibus
407 2635 455 2656 me
471 2626 595 2665 ipsum,
619 2624 786 2656 interdum
807 2625 938 2667 gravius

170 2670 390 2702 commoveri:
412 2669 469 2702 ubi
485 2680 533 2702 me
551 2672 657 2710 ipsum
677 2670 720 2702 ob
738 2670 940 2703 antecedens

169 2719 196 2747 te
218 2726 279 2758 per
299 2715 468 2760 quoddam
489 2727 592 2758 genus
613 2715 821 2748 attractionis
843 2715 939 2760 posi-

168 2766 239 2792 tum
260 2767 310 2792 est
335 2773 396 2804 pro
419 2771 474 2803 eyo
496 2765 572 2803 ipse.

236 2809 285 2839 An
303 2806 353 2850 tu]
378 2808 419 2841 V.
445 2807 488 2839 de
508 2806 572 2839 hoc
589 2806 678 2851 apud
698 2806 845 2840 Tullium
864 2807 938 2839 fre-

170 2851 385 2893 quentissimo
421 2863 463 2886 an
496 2852 677 2897 particulae
711 2865 770 2885 usu
805 2864 867 2885 nos
902 2852 937 2885 in

171 2895 229 2926 Gr.
243 2896 281 2927 L.
304 2898 332 2940 ᾗ.
349 2896 429 2936 159,
453 2898 485 2931 2.
508 2910 541 2942 p.
555 2896 622 2934 447
642 2910 691 2942 sq.
713 2897 766 2931 ed.
779 2898 811 2931 2.
858 2899 933 2931 No-

168 2945 239 2971 stro
262 2940 336 2973 loco
355 2943 504 2985 geminus
523 2944 646 2987 legitur
665 2943 701 2977 in
721 2943 934 2978 Academ.II.

170 2983 230 3025 19,
253 2984 316 3019 62:
353 2990 400 3020 An
420 2992 472 3030 tu,
507 3000 603 3031 quum
624 3002 676 3023 res
698 2990 935 3023 occultissimas

1102 825 1170 861 40.
1208 818 1275 860 M.
1308 816 1443 859 Macte
1470 817 1656 868 virtuteL
1676 831 1752 872 ego

1360 891 1468 934 Num
1494 892 1615 948 igitur
1639 891 1750 932 dubi-

972 986 1133 1024 aperueris
1161 983 1194 1015 in
1218 982 1393 1026 lucemque
1414 983 1601 1023 protuleris.
1617 1007 1624 1014 .
1639 993 1668 1023 .;
1698 991 1752 1015 ne-

972 1032 1063 1071 gabis
1094 1041 1165 1061 esse
1197 1040 1267 1061 rem
1301 1028 1421 1068 ullam,
1461 1039 1545 1071 quae
1579 1028 1750 1072 cognosci,

975 1074 1234 1118 comprehendi,
1260 1073 1386 1118 percipi
1408 1071 1541 1117 possit?

1041 1131 1132 1162 quem
1155 1122 1318 1162 tuiquanli
1340 1121 1444 1161 facias
1468 1120 1547 1161 scio]
1583 1118 1677 1150 Haec
1700 1118 1752 1150 est:

974 1166 1121 1199 solennis
1147 1165 1237 1198 verbi
1267 1177 1286 1197 a
1321 1176 1387 1209 quo
1416 1164 1542 1208 pendet
1565 1163 1752 1197 enuntiatio

974 1212 1113 1244 relativa
1150 1210 1349 1249 collocati03
1387 1221 1463 1242 raro
1497 1209 1632 1253 ponitur
1666 1210 1754 1242 inter

975 1257 1042 1290 duo
1065 1256 1221 1289 relativa:
1256 1266 1344 1297 quem
1365 1259 1428 1288 scio
1451 1257 1561 1296 quanti
1582 1259 1615 1287 tu
1637 1256 1751 1296 facias.

1044 1313 1114 1335 cum
1136 1301 1217 1346 istis]
1244 1302 1286 1333 H.
1302 1312 1329 1334 e.
1354 1301 1425 1333 aliis
1443 1300 1663 1345 philosophis,
1683 1300 1751 1344 qui,

975 1360 994 1380 a
1016 1348 1166 1380 Platonis
1188 1346 1354 1379 sententia
1375 1346 1596 1386 discedentes,
1619 1346 1753 1378 animo—

975 1406 1047 1427 rum
1072 1393 1357 1425 immortalitatvm
1383 1399 1518 1434 negant.

1046 1438 1100 1472 40.
1150 1442 1249 1472 Macte
1268 1438 1396 1481 virtute]
1423 1438 1514 1469 Haec
1535 1435 1662 1469 locutio
1687 1435 1753 1468 du-

978 1484 1081 1517 cenda
1112 1492 1163 1517 est
1197 1497 1215 1516 a
1241 1484 1383 1516 formula
1416 1483 1450 1515 in
1477 1482 1578 1515 sacris
1601 1481 1751 1514 solenni:

975 1533 1092 1571 lupiler
1114 1533 1149 1564 Ο.
1170 1532 1225 1570 Μ.,
1249 1534 1349 1561 macte
1369 1531 1427 1562 hac
1447 1530 1546 1561 hostia
1567 1532 1646 1569 eslo;
1671 1539 1752 1571 ergo

975 1577 1126 1620 proprie:
1146 1578 1224 1617 „Sei
1236 1576 1383 1617 9emehrt,
1399 1576 1539 1615 beylacht
1553 1575 1652 1606 durch
1662 1575 1752 1606 deine

978 1624 1104 1664 Tuyend
1115 1623 1149 1653 .'“
1178 1621 1229 1653 Cf.
1244 1632 1304 1653 nos
1316 1620 1351 1652 in
1365 1622 1403 1652 L.
1420 1621 1477 1652 Gr.
1493 1620 1524 1664 ᾗ.
1538 1619 1612 1653 115.
1627 1619 1707 1652 Not.
1719 1619 1751 1652 5.

977 1679 1008 1711 p.
1026 1672 1102 1700 221),
1127 1666 1178 1699 ed.
1193 1670 1226 1699 ¹2.

1043 1723 1105 1745 non
1120 1716 1237 1745 invitus
1252 1712 1439 1753 erraverim]
1466 1710 1640 1742 Platonem
1654 1719 1752 1753 quam

975 1758 1191 1791 vehementer
1204 1757 1383 1789 admiratus
1397 1757 1441 1788 sit
1459 1756 1586 1795 Cicero,
1611 1766 1651 1788 ex
1665 1755 1752 1787 mul-

975 1803 1018 1836 tis
1053 1805 1131 1842 eiust
1154 1803 1314 1835 librorum
1345 1802 1426 1835 locis
1461 1807 1621 1845 apparet:
1668 1811 1752 1845 quos

976 1861 1090 1882 omnes
1115 1849 1307 1892 collegimus
1329 1847 1363 1879 in
1388 1847 1409 1879 l.
1425 1847 1458 1879 d.
1481 1849 1519 1880 de
1543 1849 1607 1880 Cic.
1626 1849 1659 1879 in
1670 1848 1750 1888 phil.

974 1906 1051 1928 mer.
1078 1907 1110 1939 p.
1125 1896 1168 1929 74
1186 1906 1250 1938 sq.‚⁴
1268 1893 1322 1926 ubi
1344 1893 1465 1925 verba:
1490 1903 1553 1925 non
1569 1895 1688 1925 invitus
1702 1903 1751 1925 er·

973 1944 1112 1974 raverim
1131 1940 1220 1972 haud
1241 1939 1337 1972 nimis
1358 1938 1454 1971 anxie
1475 1938 1659 1982 premenda
1679 1948 1752 1970 esso

975 1986 1084 2019 docui.
1135 1986 1251 2018 Cicero
1286 1985 1372 2017 enim
1403 1984 1489 2017 hanc
1521 1983 1562 2015 ab
1588 1983 1750 2016 adversa-

975 2032 1025 2065 rio
1060 2032 1206 2065 oblatam
1235 2031 1445 2068 occasionem
1475 2028 1637 2072 arripiens
1668 2040 1750 2061 sen-

974 2078 1115 2110 tentiam
1137 2089 1230 2110 suam
1253 2076 1295 2109 de
1321 2076 1482 2121 elatoue,
1520 2074 1681 2118 imprimis
1715 2075 1750 2107 in

976 2125 1043 2156 eius
1066 2123 1219 2156 doctrina
1240 2123 1282 2154 de
1304 2122 1491 2154 animorum
1509 2119 1750 2153 immortalita-

974 2177 1019 2208 te,
1043 2180 1239 2213 expromere
1260 2168 1404 2201 voluisse
1426 2167 1568 2199 videtur.
1617 2165 1674 2198 sic
1694 2165 1751 2198 in—

974 2215 1026 2246 fra
1049 2226 1075 2246 c.
1096 2215 1154 2247 21.
1178 2213 1300 2245 verba:
1328 2217 1362 2246 at
1383 2215 1465 2246 enim
1483 2215 1639 2246 rationem
1658 2214 1751 2245 Plato

971 2262 1094 2292 nullam
1115 2261 1239 2300 afferret
1259 2261 1355 2301 wide,
1372 2261 1448 2298 quid
1465 2261 1583 2291 homini
1598 2256 1749 2301 tribuam)
1783 2295 1787 2300 ,

971 2308 1044 2345 ipsa
1068 2307 1252 2337 auctoritate
1278 2314 1326 2336 me
1349 2305 1508 2344 frangeret
1532 2303 1750 2347 intelligenda

971 2357 1058 2383 sunt.

1039 2398 1121 2428 Num
1142 2397 1238 2436 igitur
1259 2395 1460 2435 dubitamus,
1484 2404 1526 2426 an
1548 2395 1627 2426 sicut
1643 2395 1751 2435 plera-

971 2443 1056 2482 que?
1081 2450 1263 2481 quanquam
1277 2440 1358 2484 etc.]
1395 2439 1450 2472 Sic
1472 2440 1622 2484 plerique
1649 2439 1748 2472 codd.

972 2494 1006 2519 et
1029 2485 1168 2530 optimi3
1195 2486 1293 2529 vulgo
1313 2486 1402 2518 inter
1419 2488 1569 2527 pleraque
1591 2492 1625 2518 et
1646 2494 1750 2527 quan-

972 2543 1069 2573 quam
1103 2531 1203 2563 verba
1233 2535 1276 2564 sic
1307 2535 1335 2564 et
1359 2533 1442 2564 hoc?
1489 2530 1748 2564 inten'iciuntur.

976 2579 1109 2611 Orellius
1130 2589 1169 2609 ea
1189 2578 1280 2609 uncis
1305 2576 1418 2616 cinxit,
1442 2583 1535 2609 recte
1557 2588 1697 2610 monens
1718 2580 1747 2609 et

973 2623 1021 2655 sic
1037 2624 1182 2666 positum
1198 2634 1267 2655 non
1282 2622 1527 2655 ciceronianum
1546 2622 1662 2662 videri,
1685 2621 1748 2654 ob-

973 2670 1174 2712 noxiumque
1195 2667 1296 2700 fuisse
1314 2668 1403 2700 hunc
1424 2668 1536 2700 locum
1554 2667 1745 2711 interpola-

973 2714 1058 2746 tioni
1093 2714 1322 2746 demonstrare
1356 2719 1515 2757 quattuor
1546 2714 1629 2746 Oxx.
1660 2713 1745 2748 Ven.

972 2759 1024 2792 Al.
1048 2760 1091 2792 H.
1117 2759 1328 2791 exhibentes:
1362 2762 1514 2799 pleraque
1542 2761 1598 2791 sab
1619 2761 1746 2792 dubita-

971 2808 1051 2838 tione
1063 2807 1237 2846 accipimus
1251 2807 1442 2848 (accepimus
1455 2804 1499 2836 H.
1513 2810 1546 2836 et
1557 2815 1640 2837 unus
1655 2802 1743 2847 Ox.).

971 2851 1095 2895 Negari
1119 2850 1252 2895 quidem
1285 2861 1353 2882 non
1377 2856 1512 2893 potest,
1550 2849 1745 2883 Ciceronem

970 2896 1134 2940 particula*
1165 2899 1192 2927 et
1224 2906 1287 2939 pro
1309 2898 1404 2928 eliam
1427 2906 1521 2928 usum
1553 2906 1646 2938 esse,
1683 2894 1744 2928 sed

970 2954 1045 2975 raro
1070 2943 1114 2986 (v.
1134 2941 1305 2975 Adnotata
1323 2941 1358 2973 in
1379 2942 1438 2973 ΙΙΙ.
1458 2941 1508 2983 13,
1533 2941 1624 2986 28.);
1650 2947 1686 2975 at
1706 2939 1743 2974 id

968 2987 1157 3031 praefracte
1186 2986 1300 3031 negari
1332 2993 1466 3030 potest,
1503 2998 1579 3020 eum
1611 2987 1646 3020 in
1679 2986 1744 3020 hac
