1859 3117
601 36 773 71 LIBER
797 37 824 70 1.
848 36 914 77 45,
941 33 1017 69 108.
1044 33 1121 69 109.
1572 37 1640 71 11.

1136 113 1300 157 Portum
1342 129 1433 157 esse
1473 117 1650 172 eorporis

71 201 112 237 et
143 194 395 250 requiescere
422 192 465 232 in
494 191 677 246 sepulcro
710 197 819 246 putat
855 197 1067 231 mortuum.
1141 188 1290 245 Magna
1323 189 1435 244 culpa
1471 187 1646 245 Pelopis,

70 269 136 325 qui
168 283 250 310 non
281 265 470 309 erudierit
500 264 620 306 filium
653 278 727 306 neo
763 264 965 315 docuerit,
1011 272 1204 319 quatenus
1238 271 1346 306 esset
1380 263 1546 319 quidque
1582 278 1649 304 cu-

72 119 220 172 Vides,
264 126 410 175 quanto
446 117 543 159 haee
581 116 623 157 in
659 130 796 158 errore
836 123 1063 157 versentur.

69 343 250 385 randum.

180 413 319 458 XLV.
365 419 462 456 108.
498 411 580 455 Sed
602 411 692 467 quid
714 410 958 466 singulorum
982 411 1186 467 opiniones
1208 411 1517 454 animadvertam
1534 442 1546 463 ,
1579 425 1646 452 na-

68 491 217 534 tionum
247 488 384 530 varios
420 501 577 529 errores
615 485 842 542 perspicere
875 500 992 541 quum
1025 485 1171 527 liceat?
1228 483 1429 527 Condiunt
1460 485 1648 541 Aegyptii

67 571 245 608 mortuos
283 569 327 604 et
355 575 424 603 eos
455 566 619 602 servant
647 559 775 612 domi3
819 558 969 601 Persae
1003 559 1120 600 etiam
1157 574 1250 600 cera
1288 559 1527 600 circumlitos
1557 574 1650 600 con-

1334 632 1546 688 Magorum
1566 648 1651 675 mos

1601 706 1650 749 In

65 785 268 843 Hyrcania
287 785 395 841 plebs
415 783 592 840 publicos
608 783 676 824 alit
694 796 830 834 canes,
856 782 1062 837 optimates
1083 782 1346 832 domesticos;
1372 781 1501 822 nobile
1520 789 1650 823 autem

69 874 195 917 genus
213 873 352 900 canum
368 857 623 900 illudsoimus
641 871 754 908 esse3
799 857 867 897 sed
887 871 956 912 pro
977 870 1046 898 sua
1066 856 1227 911 quisque
1248 856 1432 897 facultate
1453 863 1586 911 parat,
1628 872 1651 897 a

67 639 177 691 dunt,
209 644 252 679 ut
273 650 388 692 quam
419 635 591 676 maxime
613 641 868 690 permaneant
886 634 1070 675 diuturna
1092 647 1272 688 corpora.

68 719 154 764 est,
187 725 267 753 non
289 711 451 752 humare
471 723 634 765 corpora
655 723 838 760 suorum,
883 708 960 749 nisi
989 721 1011 748 a
1037 707 1133 749 feris
1163 707 1243 748 sint
1264 714 1354 748 ante
1379 707 1540 748 laniata.

65 935 206 992 quibus
226 933 419 985 lanietur3
468 946 631 987 eamque
653 931 836 986 optimam
858 930 914 971 illi
937 944 1026 972 esse
1051 938 1216 972 censent
1236 930 1491 986 sepulturam.
1552 928 1651 971 Per-

64 1008 184 1052 multa
202 1007 284 1049 alia.
299 1007 447 1062 colligit
463 1004 732 1062 ChrysippuS,
752 1011 794 1045 ut
815 1011 877 1045 est
893 1004 934 1045 in
954 1005 1059 1045 omni
1079 1005 1247 1046 historia
1269 1005 1471 1055 curiosus3
1505 1004 1573 1045 sed
1596 1004 1651 1046 ita

64 1089 168 1125 tetra
193 1088 285 1123 sunt
308 1081 495 1136 quaedam
510 1111 522 1132 ,
564 1087 606 1120 ut
630 1093 676 1119 ea
703 1078 825 1132 fugiat
849 1085 888 1118 et
909 1078 1140 1119 reformidet
1161 1079 1303 1119 oratio.

64 1156 129 1198 hio
150 1156 261 1210 locus
283 1162 344 1196 est
365 1152 678 1195 contemnendus
696 1151 736 1192 in
762 1151 873 1192 nobis
889 1184 902 1204 ,
933 1167 1013 1193 non
1035 1152 1293 1207 negligendus
1314 1153 1353 1193 in
1378 1152 1548 1205 nostris3
1595 1152 1649 1193 ita

1378 1077 1508 1119 Totus
1531 1078 1651 1132 igitur

62 1237 211 1281 tamen,
231 1236 274 1270 ut
293 1235 535 1269 mortuorum
557 1240 724 1282 corpora
743 1226 839 1267 nihil
856 1226 1004 1268 sentire
1022 1227 1103 1268 vivi
1122 1228 1353 1268 sentiamus.
1391 1233 1487 1268 109.
1513 1224 1649 1280 Quan-

61 1312 144 1347 tum
169 1310 300 1346 autem
330 1301 604 1344 consuetudini
637 1302 842 1355 famaeque
873 1300 1039 1341 dandum
1073 1300 1151 1352 sit,
1193 1301 1231 1342 id
1259 1307 1400 1342 curent
1420 1300 1530 1351 vivi3
1579 1302 1647 1342 sed

60 1379 142 1431 ita,
176 1385 219 1419 ut
239 1376 481 1432 intelligant,
514 1375 609 1416 nihil
629 1375 667 1415 id
689 1375 737 1415 ad
758 1382 934 1416 mortuos
961 1375 1176 1430 pertinere.
1239 1372 1319 1416 Sed
1343 1375 1519 1430 profecto
1541 1389 1647 1416 mors

60 1459 144 1495 tum
166 1451 403 1508 aequissimo
428 1451 559 1493 animo
583 1449 801 1505 oppetitur,
836 1464 953 1504 quum
980 1450 1062 1491 suis
1090 1463 1133 1491 se
1154 1449 1331 1491 laudibus
1356 1449 1437 1491 vita
1462 1449 1646 1490 occidens

63 1527 262 1569 consolari
286 1533 430 1583 potest.
491 1523 623 1566 Nemo
647 1538 782 1580 parum
808 1524 873 1565 diu
893 1524 1019 1577 vixit,
1055 1524 1120 1579 qui
1145 1523 1303 1565 virtutis
1333 1525 1532 1579 perfectae
1559 1537 1646 1579 per-

64 1602 168 1644 fecto
196 1602 354 1643 functus
392 1607 453 1641 est
486 1612 666 1640 munere.
739 1597 869 1640 Multa
901 1599 994 1640 mihi
1026 1599 1099 1654 ipsi
1131 1599 1179 1639 ad
1212 1605 1379 1640 mortem
1412 1598 1645 1652 tempestiva

65 1721 99 1754 p.
113 1706 178 1743 148
196 1721 246 1753 sq.
269 1708 321 1742 ed.
336 1708 369 1742 2.

429 1709 480 1740 De
513 1719 632 1751 graeca
660 1707 773 1751 lingua
806 1719 836 1740 v.
874 1707 1028 1752 cuiusque
1058 1707 1236 1739 facultates
1266 1713 1322 1738 aot
1356 1717 1437 1750 opes
1461 1704 1640 1749 patiuntur,

66 1765 129 1788 nos
150 1754 186 1787 in
211 1756 268 1787 Gr.
296 1753 401 1786 schol.
429 1754 487 1786 Gr.

131 1804 248 1842 quanto
269 1802 345 1833 haec
366 1819 410 1825 --
428 1756 601 1842 verseizlur]
629 1799 743 1831 Oratio
767 1797 838 1830 ele-

65 1852 184 1890 ganter
217 1857 236 1878 a
274 1857 418 1889 persona
462 1844 596 1876 deflexit
640 1844 685 1876 ad
723 1844 836 1875 verba.

64 1891 140 1925 Pari
172 1890 275 1924 modo
306 1891 350 1923 N.
369 1891 409 1922 D.
424 1891 492 1929 ΙΙΙ,
521 1890 581 1922 10:
615 1892 642 1922 is
669 1889 771 1931 igitur
794 1908 839 1913 —-

66 1936 174 1981 inquit
195 1943 274 1969 cett.
296 1938 372 1969 haec
394 1938 501 1969 omnia
522 1934 557 1966 in
579 1934 699 1966 eodem
717 1953 762 1958 —
783 1945 837 1966 er-

67 1993 144 2016 rore
164 1988 348 2014 versantur.

136 2030 256 2068 Magna
279 2028 373 2066 cuma
394 2027 537 2065 Pelopis,
561 2027 614 2064 qui
634 2035 696 2056 non
719 2025 840 2056 erudie-

67 2075 109 2106 rit
133 2091 173 2097 —
204 2083 259 2104 nec
293 2071 445 2112 docuerit]
483 2071 531 2101 De
564 2069 775 2101 coniunctim
807 2081 838 2100 v.

70 2128 132 2150 nos
144 2117 178 2149 in
192 2117 338 2148 Gramm.
351 2116 390 2147 L.
410 2117 438 2159 ξ.
453 2112 525 2147 146.
540 2114 572 2157 e)
591 2126 623 2157 p.
638 2112 715 2148 400.
740 2114 791 2146 ed.
806 2116 838 2146 2.

138 2162 218 2194 Car.
232 2162 339 2193 XLV.
367 2161 445 2194 108ι
464 2162 526 2192 Sed
546 2162 622 2201 quid
634 2179 676 2185 —
691 2161 840 2192 animad-

68 2211 213 2247 vertam,
234 2225 278 2231 -
311 2216 407 2247 quum
429 2206 560 2248 liceum]
597 2205 638 2237 de
661 2207 717 2237 Or.
734 2207 790 2238 III.
806 2207 838 2245 ὃ,

70 2251 134 2286 29:
161 2254 224 2285 Sed
238 2253 314 2293 quid
329 2263 390 2294 ego
404 2257 518 2282 vetera
535 2253 728 2292 conquiram,
743 2261 840 2292 quum

71 2297 152 2330 mihi
172 2300 264 2330 liceat
283 2297 331 2329 uti
351 2296 580 2340 praesentibus
603 2296 760 2340 exemplis
784 2303 840 2328 at-

72 2354 137 2388 que
160 2341 268 2374 vivis?

143 2391 298 2422 condiunt
318 2389 475 2430 Ae9yplii]
504 2387 630 2419 Graece
647 2385 842 2432 ταριχεύου-

74 2444 135 2469 σιν.
171 2435 214 2467 V.
237 2433 403 2466 Herodot.
429 2435 480 2472 11,
506 2432 551 2466 86
562 2445 636 2477 sqq.

140 2479 271 2523 Persae]
298 2479 351 2510 Cf.
371 2479 534 2511 Herodot.
550 2480 575 2517 1,
604 2476 676 2511 140.
702 2474 760 2517 M,
789 2476 841 2511 16.

137 2527 201 2558 ‘nisi
212 2543 257 2549 —
270 2527 330 2557 sint
343 2529 413 2557 ante
426 2525 564 2566 laniata]
585 2526 622 2556 In
637 2523 675 2555 iis
692 2524 843 2556 enuntia-

74 2569 221 2603 tionibus
237 2569 450 2607 secundariis,
470 2581 553 2613 quae
573 2570 753 2601 cohaerent
771 2580 844 2601 cum

76 2614 258 2655 infinitivo,
294 2615 375 2657 poni
396 2615 483 2647 solet
503 2615 743 2647 coniunctivus.
793 2614 844 2646 Cf.

64 2670 139 2696 ,1103
158 2660 192 2692 in
217 2661 276 2693 Gr.
293 2661 334 2692 L.
355 2661 385 2697 6.
405 2659 503 2694 140.b
517 2660 546 2701 c)
570 2673 603 2704 p.
618 2659 697 2694 366.
720 2660 772 2692 ed.
788 2659 820 2691 2.

872 1761 990 1797 parat,
1018 1765 1037 1785 a
1060 1753 1175 1796 quibus
1196 1752 1347 1783 lanietur.

940 1802 973 1831 in
1008 1801 1093 1830 omni
1122 1796 1266 1839 historia]
1293 1799 1432 1829 Historia
1461 1797 1494 1828 h.
1520 1796 1541 1828 l.
1575 1807 1641 1828 non

873 1843 1036 1886 significat
1048 1842 1273 1874 narrationem
1288 1849 1322 1873 et
1335 1842 1578 1885 expositionem
1591 1854 1642 1874 re-

874 1901 945 1921 rum
963 1895 1143 1931 gestarum:
1173 1899 1236 1931 qua
1254 1886 1287 1918 vi
1304 1887 1370 1919 hoc
1388 1888 1525 1919 verbum
1543 1888 1642 1930 vulgo

874 1933 955 1978 poni
978 1933 1065 1965 solet
1089 1945 1108 1965 a
1132 1932 1296 1964 veteribus
1321 1933 1559 1975 scriptoribus3
1584 1932 1643 1965 sed

873 1991 982 2011 rerum
1001 1978 1268 2021 indagationem,
1294 1978 1572 2022 disquisitionem,
1596 1979 1644 2011 ita

873 2032 909 2057 ut
923 2025 1020 2068 plane
1031 2024 1233 2067 respondeat
1242 2035 1362 2066 graeco
1376 2024 1539 2057 vocabulo
1554 2025 1642 2058 ἰςτῦ·

875 2071 958 2112 pm.
1006 2070 1131 2102 Eadem
1152 2069 1224 2101 fere
1244 2070 1487 2112 significatione
1505 2071 1642 2102 verbum

873 2118 1019 2149 historiae
1032 2115 1183 2147 indutum
1196 2116 1358 2157 repet-itur
1373 2115 1416 2147 ad
1428 2116 1529 2148 Attic.
1544 2117 1584 2148 II.
1601 2119 1639 2150 ὅς

875 2162 909 2193 Si
945 2161 1025 2205 quid
1059 2162 1092 2193 in
1127 2173 1165 2192 ea
1188 2161 1331 2203 epistola
1353 2161 1416 2193 fuit
1438 2164 1568 2194 historia
1587 2161 1640 2193 di-

874 2218 974 2250 gnum
1010 2207 1055 2249 gh.
1081 2219 1109 2238 e.
1131 2210 1303 2247 cognitione
1332 2208 1477 2250 diffluum)
1493 2233 1501 2248 ,
1536 2208 1643 2240 scribe

875 2264 972 2296 quam
994 2253 1154 2295 primum,
1180 2264 1222 2284 ne
1244 2253 1445 2295 ignoremus.
1473 2272 1514 2277 -—
1539 2255 1589 2285 De
1609 2266 1644 2286 re

874 2298 946 2342 ipsa
969 2298 1013 2330 cf.
1036 2309 1096 2330 nos
1115 2297 1149 2329 in
1168 2297 1190 2329 l.
1206 2298 1238 2330 d.
1259 2298 1300 2329 de
1324 2298 1427 2331 Cicer.
1442 2297 1522 2342 phil.
1546 2311 1577 2340 p.
1590 2298 1644 2332 &ol

948 2342 1022 2377 109.
1059 2345 1184 2375 virtutis
1198 2363 1238 2367 -
1254 2344 1396 2387 munere]
1421 2344 1514 2376 Infra
1534 2342 1642 2380 5139,

878 2388 960 2422 113:
995 2395 1066 2421 tum
1098 2388 1189 2432 quod
1219 2389 1290 2421 sine
1321 2388 1424 2421 oculis
1455 2388 1524 2420 fien'
1550 2399 1646 2431 posse

876 2434 932 2467 vix
951 2433 1101 2473 videtur,
1126 2434 1329 2476 geometn‘ae
1348 2445 1463 2467 munus
1482 2434 1645 2465 tuebatur.

949 2482 1051 2512 Multa
1084 2482 1161 2512 mihi
1194 2483 1256 2521 ipsi
1289 2482 1333 2512 ad
1368 2484 1495 2513 mortem
1528 2483 1646 2518 tempe·

877 2527 959 2558 stiva
976 2526 1056 2570 etc.]
1083 2525 1210 2558 Multae
1239 2525 1321 2557 mihi
1353 2525 1488 2556 fuerunt
1519 2534 1647 2566 oppor-

877 2571 1037 2603 tunitates
1070 2578 1127 2603 aut
1157 2571 1261 2603 multa
1282 2578 1436 2613 ‘tempora
1459 2575 1648 2611 opportuna

878 2616 1054 2648 moriendi.
1105 2616 1156 2649 Cf.
1187 2617 1270 2649 Phil.
1300 2618 1341 2647 ΙΙ.
1371 2613 1434 2651 46,
1466 2614 1548 2646 119:
1589 2614 1648 2651 „Si

879 2661 1001 2694 abhinc
1023 2673 1127 2694 annos
1163 2673 1271 2706 prope
1294 2659 1410 2703 viginti
1430 2659 1495 2691 hoc
1519 2658 1591 2701 ipso
1615 2659 1648 2692 in

146 2706 300 2748 publicos]
333 2700 377 2738 H.
394 2705 418 2737 l.
441 2713 556 2750 aperte
586 2706 767 2749 opponitur
789 2716 846 2736 se-
879 2708 1006 2751 templo
1023 2708 1143 2750 negavi
1159 2718 1257 2751 posse
1280 2711 1422 2737 mortem
1443 2705 1651 2737 immaturam

80 2750 192 2793 quenti
216 2753 407 2784 domesticos.

882 2765 954 2785 esse
968 2751 1150 2791 consulam
1172 2758 1296 2796 quanto
1318 2749 1425 2781 verius
1446 2761 1534 2782 nunc
1552 2762 1651 2794 nega-

106 2837 114 2846 ·
145 2797 244 2829 nobile
263 2800 368 2829 autem
386 2807 483 2838 genus
505 2797 587 2841 etc]
610 2798 655 2830 H.
679 2808 708 2829 e.
729 2808 849 2840 quam-
882 2799 928 2831 bo
949 2798 1037 2830 seni!
1077 2798 1161 2830 Mihi
1189 2808 1268 2828 vero
1283 2821 1290 2835 ‚
1322 2796 1357 2827 P.
1377 2794 1434 2833 C.,
1467 2795 1532 2827 iam
1553 2797 1653 2829 etiarn

83 2849 134 2870 vu
151 2838 218 2872 hoc
237 2852 353 2874 canum
373 2854 476 2885 genus
496 2842 610 2875 nobile.
633 2842 677 2874 sit
696 2854 761 2875 nec
780 2843 850 2874 sine
885 2844 1034 2888 optanda
1068 2854 1156 2875 mors
1188 2849 1237 2872 est
1264 2840 1445 2883 perfuncto
1481 2842 1578 2874 rebus
1601 2842 1652 2885 iis,

84 2894 203 2926 magno
225 2886 335 2929 pretio
357 2888 468 2931 parari
486 2889 616 2932 possit,
652 2895 764 2920 tamen
787 2899 850 2931 pro
886 2901 965 2933 quas
984 2889 1124 2933 adeptus
1145 2897 1217 2919 sum
1235 2896 1379 2928 quasque
1393 2887 1518 2929 gessi‚“
1533 2895 1562 2920 et
1584 2889 1653 2931 pul-

85 2939 144 2961 sssa
173 2930 310 2974 quisque
340 2933 525 2973 facultate,
567 2935 603 2966 h.
628 2945 657 2967 e.
693 2940 853 2976 quantum
888 2935 1086 2968 cherrimum
1101 2933 1212 2964 locum
1228 2930 1331 2963 Cestii
1349 2942 1403 2976 ap.
1425 2933 1470 2965 M.
1494 2936 1532 2965 A.
1555 2927 1656 2966 Seue-
