1827 3101
179 51 239 96 96

181 156 300 199 posse
332 143 505 186 animum
540 157 702 186 manere
741 157 908 200 corpore
935 150 1166 196 vacantem3
1212 143 1305 186 illud
1342 150 1499 198 autem,
1547 146 1650 202 quod
1686 161 1767 190 non

179 219 295 259 modo
333 219 445 260 facile
486 219 534 259 ad
572 218 808 259 credendum
847 225 933 271 est,
981 219 1076 270 sed,
1125 232 1173 260 eo
1207 232 1425 272 concesso,
1469 220 1571 274 quod
1605 221 1760 275 volunt,

180 304 427 346 consequens
446 292 616 344 idcireo,
648 307 727 334 non
744 293 852 344 dant,
882 299 939 344 ut,
967 307 1083 348 quum
1107 293 1171 333 diu
1196 293 1472 348 permanserit,
1500 307 1550 335 ne
1573 293 1759 337 intereat.

697 63 865 98 Lmen
888 64 916 97 1.
939 61 1006 104 32,
1029 61 1088 98 79.
1111 61 1176 106 33,
1201 61 1256 98 80.

178 363 247 406 M.
274 364 382 406 Bene
403 366 675 421 reprehendis,
710 373 748 408 et
771 382 815 408 se
836 367 912 409 isto
934 367 1047 408 modo
1066 381 1131 407 res
1154 366 1284 407 habet.
1348 373 1418 410 79.
1444 366 1666 410 Credamus
1687 369 1762 424 igi-

177 443 242 478 tur
261 437 480 489 Panaetio,
513 454 535 480 a
555 439 720 483 Platone
746 455 818 483 suo
846 441 1121 483 dissentienti?
1181 438 1307 494 Quem
1333 441 1434 482 enim
1458 443 1639 485 omnibus
1662 444 1760 485 locis

177 512 366 563 divinum,
402 527 515 568 quem
540 515 888 570 sapientissimum,
923 530 1037 571 quem
1060 515 1372 566 sanctissimum,
1407 530 1520 570 quem
1541 516 1758 559 Homerum

175 585 495 642 philosophorum
516 589 706 644 appellat,
738 589 852 631 huius
875 590 973 631 lianc
998 604 1115 630 unam
1137 589 1371 630 sententiam
1396 590 1443 630 de
1466 590 1758 633 immortalitate

175 659 392 701 animorum
420 677 498 703 non
522 663 673 718 probat.
726 663 823 705 Vult
847 664 966 716 enim,
995 665 1096 720 quod
1122 677 1236 705 nemo
1261 671 1393 719 negat,
1422 664 1601 719 quicquid
1625 672 1758 707 natum

174 732 248 786 sit,
290 734 481 788 interire3
526 737 635 778 nasei
669 745 798 779 autem
821 739 997 790 animos,
1041 738 1141 793 quod
1170 738 1343 779 declaret
1368 752 1503 779 corum
1526 739 1755 792 similitudo,

173 808 238 862 qui
263 817 544 863 procreentur,
593 826 692 866 quae
732 813 848 853 etiam
884 813 924 853 in
952 813 1146 868 ingeniis,
1194 827 1271 853 non
1305 813 1430 854 solum
1460 813 1501 853 in
1526 813 1757 869 corporibus

172 890 374 937 appareat.
435 884 612 926 Alteram
642 893 772 927 autem
805 887 918 927 affert
944 887 1161 928 rationem:
1206 887 1300 928 nihil
1323 901 1436 940 esse,
1479 888 1581 942 quod
1610 888 1756 940 doleat,

172 955 264 1011 quin
286 956 322 997 id
345 971 504 1012 aegrum
528 973 617 1000 esse
642 974 795 1015 quoque
823 961 972 1015 possit3
1006 961 1108 1016 quod
1129 968 1259 1001 autem
1283 961 1322 1001 in
1345 961 1522 1002 morbum
1548 963 1686 1015 cadat,
1717 963 1757 1005 id

170 1029 288 1071 etiam
312 1031 586 1084 interiturum3
628 1034 761 1075 dolere
782 1041 911 1076 autem
935 1035 1112 1086 animos;
1156 1048 1250 1089 ergo
1281 1035 1398 1076 etiam
1429 1034 1609 1077 interire.

281 1103 493 1147 XXXIII.
539 1113 610 1148 80.
657 1107 767 1150 Haec
806 1109 932 1150 refelli
971 1115 1150 1165 possunt.
1226 1107 1330 1150 Sunt
1369 1109 1473 1150 euim
1509 1109 1749 1164 ignorantis,

165 1231 257 1270 piant
284 1240 359 1262 usus
394 1239 444 1263 est
477 1231 660 1265 indicativo
685 1245 746 1266 non
777 1236 874 1276 dant,
909 1234 943 1266 id

168 1286 236 1307 non
262 1275 362 1308 debet
387 1278 582 1318 offendere,
614 1291 713 1322 quum
734 1280 765 1311 in
791 1281 943 1312 oratione

169 1321 391 1353 commotiore
414 1323 547 1367 obliqua
570 1325 677 1356 oratio
701 1337 799 1369 saepe
823 1325 855 1357 iu
885 1338 942 1358 re-

170 1371 257 1397 ctam
283 1373 440 1399 transeut.

235 1413 317 1443 illud
339 1431 383 1436 —
403 1424 462 1445 non
482 1416 579 1455 dant,
615 1419 647 1446 ut
668 1436 713 1439 —
740 1427 777 1448 ne
797 1417 940 1461 intereat]

168 1455 262 1489 Infra
288 1458 327 1489 V.
353 1456 406 1495 ll,
430 1458 494 1491 34:
522 1462 630 1492 demus
654 1463 709 1493 hoc
728 1474 807 1493 sane
828 1464 938 1500 Bruto,

168 1506 203 1534 ut
233 1501 276 1533 sit
301 1502 417 1535 beatus
448 1516 580 1548 semper
609 1507 751 1550 sapiens.
789 1508 848 1545 12,
873 1508 937 1540 34:

167 1547 257 1590 apud
291 1558 386 1590 quem
418 1562 517 1594 saepe
549 1553 624 1583 haec
649 1552 757 1584 oratio
784 1561 938 1596 usurpata

168 1599 240 1630 est,
273 1597 307 1624 ut
330 1594 412 1626 nihil
440 1603 570 1638 praeter
593 1597 749 1629 virtutem
774 1598 940 1631 (liceretur

166 1637 304 1670 bonurn.
362 1641 403 1672 N.
428 1642 466 1672 D.
494 1644 518 1673 Ι.
538 1640 604 1676 34.
630 1641 691 1674 95:
728 1644 938 1676 retinendum

166 1685 224 1716 hoc
242 1695 331 1722 esse,
358 1685 438 1717 deus
459 1692 492 1718 ul
513 1688 627 1719 beatus
647 1689 701 1720 sit.
749 1691 788 1721 V.
812 1690 854 1721 de
874 1691 938 1723 hoc

166 1729 368 1772 explicativo
390 1736 434 1771 ul,
460 1733 501 1763 ud
522 1744 703 1776 pronomen
725 1734 937 1767 demonstra-

166 1774 271 1806 tivum
293 1776 410 1815 relato,
438 1789 495 1809 nos
520 1779 550 1809 in
574 1780 630 1811 Gr.
652 1781 690 1811 L.
716 1780 836 1823 §.14ss
858 1781 933 1822 ira)

166 1831 201 1863 p.
220 1818 298 1852 372.
346 1822 409 1854 Pro
433 1828 466 1854 u!
489 1835 525 1855 ne
549 1833 777 1867 exspectamus
803 1831 835 1857 ut
856 1838 939 1867 nou,·

167 1865 228 1896 sed
263 1866 398 1899 verbum
433 1871 533 1901 dandi
569 1870 697 1902 notioni
732 1872 937 1904 concedendi

169 1910 388 1953 (einriiumen)
422 1913 453 1945 h.
480 1914 500 1946 l.
535 1915 724 1948 adiunctam
747 1917 848 1949 habet
874 1929 938 1949 no-

166 1955 294 1987 tionem
319 1958 532 1999 permittendi
558 1961 743 2004 tztilaissen).

235 1999 289 2034 79.
325 2006 413 2034 nasci
431 2010 533 2036 autem
555 2010 677 2038 animos
699 2027 738 2031 ——
765 2011 933 2051 appareat]

166 2045 210 2078 H.
226 2057 253 2076 e.
269 2046 395 2079 animos
414 2060 480 2080 non
499 2062 580 2088 esse,
606 2052 664 2083 sed
681 2054 768 2084 nasci
786 2055 834 2085 vel
853 2066 937 2096 pro-

167 2091 271 2123 creari
294 2091 424 2124 demum
438 2119 445 2130 ,
474 2094 621 2128 declarat
642 2109 707 2129 non
730 2098 836 2130 solnm
860 2110 936 2131 cor-

165 2148 296 2180 porum,
321 2138 379 2169 sed
399 2138 497 2170 etium
515 2140 719 2183 ingeniorum
741 2144 935 2183 similitudo,

165 2193 250 2225 qnae
273 2182 451 2215 intercedit
481 2185 567 2218 inter
594 2187 745 2220 homines
775 2201 936 2232 procrea-

164 2234 218 2259 tos
243 2234 276 2259 et
300 2237 465 2270 parentes.

223 2274 258 2304 id
283 2284 412 2314 aegrum
433 2286 496 2307 esse
520 2278 654 2322 quoque]
688 2279 857 2312 Vocabula
883 2291 936 2313 ae-

164 2328 257 2359 grum
281 2329 344 2351 esse
367 2319 399 2351 iu
429 2332 524 2353 unam
548 2323 720 2355 notionem
747 2327 933 2367 taeyrolare)

166 2363 378 2402 coaluerunt,
404 2366 446 2397 ob
471 2378 606 2410 eamque
628 2381 773 2401 caussam
798 2383 863 2402 non
882 2382 935 2403 ue-

163 2419 256 2450 9rum
275 2420 393 2451 quoque
410 2421 484 2452 esse,
507 2413 565 2444 sed
589 2424 717 2453 aegrum
735 2426 798 2447 esse
817 2427 936 2456 quoque

165 2454 291 2486 dictum
316 2463 385 2487 est:
422 2457 511 2501 quod
535 2459 735 2491 monendum
751 2485 759 2499 ,
796 2473 836 2492 ne
863 2461 934 2504 quis

165 2499 281 2531 credat
313 2501 447 2533 verbum
478 2514 541 2535 esse
573 2504 616 2536 ob
645 2516 782 2548 sequens
815 2517 934 2547 quoque

163 2545 290 2578 maiore
313 2546 346 2578 vi
371 2547 576 2581 efferendum
600 2561 681 2581 esse.

235 2591 314 2623 CAP.
336 2593 501 2627 XXXIII.
534 2593 589 2626 80.
632 2599 766 2628 semolas
788 2607 809 2628 a
834 2601 933 2629 mente

163 2639 192 2668 et
215 2638 370 2669 disclusas
391 2640 494 2683 putat]
535 2640 632 2672 Plato
655 2641 742 2672 enim
767 2642 931 2674 rationem

163 2681 261 2724 ponit
282 2682 314 2713 in
339 2683 466 2726 capite,
492 2684 574 2718 iram
595 2685 626 2717 in
651 2693 807 2729 pectore,
835 2687 930 2730 cupi·-

163 2725 302 2759 ditatem
321 2729 435 2761 subter
452 2731 657 2773 praecordia.
703 2733 743 2765 V.
762 2732 932 2765 Adnotatu

161 2770 198 2802 in
222 2784 249 2804 c.
272 2772 330 2809 10,
355 2773 411 2806 20.

201 2859 208 2866 .
232 2821 454 2860 aeyritudines,
475 2823 542 2853 irae
561 2823 777 2867 libidinesque]
804 2824 853 2856 De
870 2835 931 2856 no-

162 2868 288 2936 mdnppi
310 2863 552 2942 {bstgactorum
582 2868 691 2902 forma
712 2869 877 2913 plurativa
899 2882 931 2902 v.

163 2914 186 2937 a
269 2908 288 2938 '.
345 2933 355 2946 ‚
404 2935 411 2941 .

229 2951 299 2983 lam
321 2955 508 3000 similitudo]
544 2960 614 2992 Iam
639 2960 754 2993 Cicero
777 2960 865 2994 redit
889 2961 932 2994 ad

979 1234 1167 1266 Stoicorum
1192 1232 1462 1274 conclusionem,
1501 1245 1585 1278 qua,
1622 1235 1751 1268 animos

979 1279 1133 1318 interire,
1160 1279 1388 1311 demonstrare
1412 1280 1627 1312 conabantur.
1675 1281 1752 1314 Sci-

976 1325 1055 1356 licet
1077 1325 1242 1363 dicebant,
1269 1324 1424 1370 quicquid
1442 1333 1554 1357 natum
1573 1333 1671 1365 esset,
1694 1327 1751 1359 in-

976 1370 1094 1407 terire3
1125 1371 1252 1402 animos
1275 1378 1385 1403 autem
1410 1371 1520 1409 nasci,
1546 1383 1626 1414 ergo
1650 1373 1751 1405 etiarn

975 1415 1121 1448 interire.
1169 1417 1264 1448 Hanc
1286 1417 1474 1449 Stoicorum
1502 1417 1749 1450 conclusionem

977 1462 1152 1493 confutare
1188 1461 1300 1493 studet
1335 1462 1473 1501 Cicero,
1512 1473 1613 1505 quum
1647 1475 1749 1506 argu-

974 1515 1133 1546 mentum,
1159 1519 1224 1550 qno
1249 1508 1409 1540 minorem
1430 1507 1625 1551 syllogismi,
1651 1520 1749 1552 quem

975 1560 1107 1590 vocant,
1133 1556 1255 1585 animos
1279 1556 1368 1586 nasci
1390 1553 1533 1597 probare
1555 1554 1749 1596 studebant,

974 1598 1152 1641 repetitum
1182 1598 1264 1630 illud
1295 1611 1334 1631 ex
1359 1605 1611 1642 procreatorum
1635 1599 1749 1632 homi-

974 1655 1049 1675 nnm
1076 1655 1148 1675 cum
1170 1656 1281 1675 eorum
1306 1643 1498 1688 parentibus
1517 1644 1747 1685 similitudine,

973 1701 1039 1721 non
1065 1689 1171 1721 solnm
1195 1689 1226 1721 in
1254 1690 1467 1733 corporibus,
1503 1690 1563 1722 sed
1587 1690 1687 1723 etium
1712 1691 1745 1724 in

971 1734 1111 1777 ingeniis
1134 1743 1334 1778 apparente,
1371 1735 1572 1778 aggreditur.
1620 1736 1744 1768 Homi-

972 1792 1050 1812 num
1074 1780 1161 1812 enim
1185 1781 1272 1812 inter
1292 1792 1327 1812 se
1349 1780 1532 1813 similitudo
1555 1782 1659 1824 magis
1680 1793 1746 1826 ap-

973 1832 1067 1868 paret
1092 1826 1124 1857 in
1150 1837 1327 1869 corporum
1349 1827 1450 1869 figura
1464 1851 1472 1864 ,
1499 1838 1595 1870 quam
1614 1827 1648 1860 in
1669 1828 1746 1860 ani—

972 1883 1100 1903 morum
1118 1871 1251 1909 habitu3
1277 1884 1352 1904 num
1372 1871 1471 1904 animi
1493 1880 1745 1915 procreatorum

974 1924 1005 1948 et
1044 1917 1228 1960 parentium
1268 1929 1368 1961 saepe
1406 1924 1482 1950 sunt
1523 1917 1744 1952 dissimillimi.

973 1963 1095 2005 Negoti
1112 1962 1245 2006 quidem
1262 1974 1326 1995 non
1344 1970 1468 2006 potest,
1494 1963 1642 2006 corporis
1657 1970 1744 1995 tem-

972 2007 1180 2050 perationem
1203 2020 1356 2051 magnam
1379 2008 1446 2041 vim
1469 2008 1592 2041 habere
1613 2008 1656 2041 ad
1679 2009 1744 2041 ha-

973 2054 1076 2085 bitum
1107 2054 1247 2092 mentis3
1283 2061 1317 2085 at
1348 2053 1426 2086 inde
1460 2065 1526 2086 non
1555 2054 1741 2087 necessario

970 2099 1139 2142 sequitur,
1184 2106 1220 2131 ut
1254 2099 1355 2132 animi
1378 2107 1555 2133 nascantur
1589 2106 1625 2132 et
1657 2111 1740 2143 pro-

972 2152 1134 2176 creentur.

1038 2192 1197 2222 hominum
1221 2192 1340 2234 autem]
1378 2193 1487 2235 Saepe
1519 2195 1625 2224 aulem
1653 2190 1744 2224 idem

972 2235 1043 2266 fere
1066 2242 1178 2274 notat,
1205 2235 1293 2278 quod
1317 2239 1409 2277 item,
1431 2240 1544 2277 etiam,
1567 2241 1740 2278 praeterea,

969 2280 1015 2312 ita
1036 2287 1146 2311 tamen
1160 2305 1169 2318 ‚
1194 2287 1231 2311 ut
1256 2281 1397 2324 aliquam
1419 2282 1665 2325 oppositionem
1686 2281 1742 2314 in-

970 2325 1094 2357 volvat.
1143 2326 1197 2357 Sic
1216 2325 1303 2358 iufra
1325 2327 1381 2358 IV.
1401 2324 1455 2365 29,
1481 2325 1544 2359 ὅδε
1570 2331 1614 2358 est
1635 2331 1741 2360 autem

970 2373 1063 2402 utilis.
1105 2371 1157 2403 Cf.
1179 2382 1238 2404 nos
1260 2371 1302 2403 ad
1331 2383 1358 2404 c.
1382 2371 1442 2410 16,
1467 2370 1521 2404 4¹2.
1548 2383 1576 2404 c.
1596 2371 1659 2412 21,
1683 2370 1740 2405 49.

971 2422 1004 2446 et
1026 2415 1058 2447 in
1084 2417 1141 2448 Gr.
1165 2417 1202 2448 L.
1228 2414 1356 2460 §.136,
1381 2416 1413 2449 2.
1436 2429 1468 2461 p.
1482 2416 1550 2449 343
1567 2429 1617 2460 sq.
1640 2417 1692 2450 ed.
1705 2417 1741 2451 2.

971 2461 1161 2494 parimodo
1181 2469 1215 2493 et
1237 2462 1342 2494 multo
1364 2463 1494 2505 saepius
1517 2462 1606 2506 opud
1629 2463 1738 2495 Grae-

969 2517 1024 2538 cos
1046 2506 1084 2541 δὲ
1106 2508 1245 2539 inservit
1267 2507 1510 2540 continuandae
1533 2508 1685 2541 orationi.

1035 2555 1206 2585 similitudo
1225 2573 1270 2577 ——
1291 2556 1405 2597 exstat]
1443 2553 1532 2586 idem
1553 2561 1623 2594 est,
1647 2553 1738 2598 quod

965 2598 1166 2630 antecedens
1199 2603 1342 2638 apparet.
1413 2599 1466 2633 Cf.
1491 2599 1533 2631 de
1555 2601 1610 2632 Or.
1634 2601 1660 2632 1.
1684 2597 1738 2639 16,

966 2641 1028 2675 ἰ”έε
1063 2651 1174 2675 tamen
1196 2648 1329 2683 apparet
1349 2650 1448 2688 atque
1471 2648 1589 2683 exstat,
1627 2651 1738 2678 utrum

965 2688 1064 2719 simus
1086 2700 1196 2721 earum
1219 2689 1364 2731 (artium)
1389 2689 1505 2725 rudes,
1541 2701 1584 2721 au
1605 2689 1736 2722 didice-

967 2733 1075 2765 rimus.
1093 2736 1148 2765 tlt.
1162 2731 1216 2771 26,
1250 2733 1331 2765 101:
1358 2745 1424 2777 quo
1442 2734 1545 2777 magis
1567 2734 1621 2774 id,
1646 2735 1736 2778 quod

967 2778 1030 2810 erit
1055 2778 1293 2819 illuminatum,
1328 2783 1450 2812 exstare
1480 2787 1580 2824 atque
1604 2783 1739 2814 eminere

965 2823 1128 2856 videatur.

1035 2874 1062 2902 et
1081 2872 1143 2910 ipsi
1161 2869 1274 2913 animi]
1299 2869 1482 2903 Hominum
1499 2870 1683 2904 similitudo
1700 2871 1736 2904 iu

967 2926 1144 2958 corporum
1165 2916 1267 2958 ligura
1289 2916 1393 2957 magis
1415 2923 1542 2956 exstat,
1568 2923 1620 2957 et,
1654 2916 1681 2949 si
1701 2917 1736 2949 in

966 2961 1046 3006 ipsis
1064 2960 1181 2994 animis
1198 2960 1382 2994 similitudo
1403 2961 1677 3006 deprehenditur,
1697 2972 1738 2996 ea
