1859 3149
606 67 781 102 Lmen
806 68 847 102 v.
871 63 936 108 39,
963 65 1041 102 113.
1067 65 1143 101 114.
1589 59 1676 106 323

73 148 288 201 videbant,
333 162 497 192 caecum
537 149 779 191 adhibebant
808 148 965 191 ducem.
1025 146 1171 190 Pueris
1193 147 1335 201 nobis,
1383 146 1466 191 Gn.
1489 150 1673 196 Aufidius

72 224 299 281 praetorius
345 232 388 267 et
433 224 475 266 in
516 222 670 266 Senatu
708 223 949 266 sententiam
989 223 1168 276 dicebat,
1230 237 1304 266 nee
1344 223 1482 267 amieis
1524 226 1672 270 delibe-

68 299 248 342 rantibus
284 299 448 352 deerat‚
500 306 541 341 et
583 298 781 352 Graecam
824 298 1026 340 scribebat
1067 299 1299 352 historiam,
1353 308 1394 342 et
1430 300 1592 344 videbat
1632 303 1673 346 in

72 374 234 417 litteris.

185 447 402 492 XXXIX.
451 455 550 492 113.
584 447 783 491 Diodotus
810 447 973 491 Stoicus
1007 462 1151 490 caecus
1183 449 1327 492 multos
1354 464 1481 493 annos
1512 461 1673 498 nostrae

69 525 174 568 domi
204 521 324 567 vixit.
385 522 427 567 ls
447 539 546 567 vero
561 557 572 576 ,
619 525 721 581 quod
745 524 934 566 credibile
957 524 1029 566 vix
1050 531 1183 575 esset,
1231 539 1349 580 quum
1367 525 1406 566 in
1427 526 1674 586 philosophia

67 600 193 643 multo
214 600 333 642 etiam
358 601 484 655 magis
504 601 663 643 assidue
679 633 690 652 ,
725 615 842 656 quam
866 607 1008 651 antea,
1042 607 1300 652 versaretur,
1334 607 1375 642 et
1394 616 1511 657 quum
1532 604 1673 649 fidibus

67 675 417 734 Pythagoreorum
440 690 551 718 more
574 683 780 728 uteretur,
821 690 1019 732 quumque
1048 676 1084 717 ei
1110 675 1197 717 libri
1223 683 1362 718 noctes
1386 684 1426 718 et
1456 678 1540 721 dies
1565 680 1674 737 lege-

69 759 235 804 rentur,
278 752 421 809 quibns
453 752 492 793 in
525 752 664 793 studiis
697 752 822 793 oculis
854 766 932 792 uon
965 752 1135 806 egebat,
1183 758 1262 792 tum
1295 752 1397 807 quod
1429 753 1517 796 sine
1549 757 1674 800 oculis

68 827 156 869 fieri
177 841 296 884 posse
316 827 387 870 vix
408 827 589 880 videtur,
622 827 868 883 geometriae
894 841 1036 871 munus
1060 825 1246 868 tuebatur
1266 827 1401 870 verbis
1423 831 1674 888 praecipiens

66 902 337 955 discentibus,
371 903 492 955 unde,
528 918 604 959 quo
625 916 822 958 quamque
845 903 988 943 lineam
1013 902 1251 943 scriberent.
1316 902 1594 960 Asclepiadem
1619 909 1674 950 fe-

67 985 185 1030 runt,
233 991 313 1020 non
335 978 548 1035 ignobilem
574 978 801 1020 Eretricum
833 978 1134 1034 philosophum,
1181 992 1298 1032 quum
1324 979 1481 1034 quidam
1507 996 1674 1037 quaere-

69 1059 158 1106 ret,
204 1053 295 1109 quid
319 1054 355 1095 ei
377 1054 549 1096 caecitas
574 1054 795 1102 attulisset,
842 1053 1120 1109 respondisse,
1168 1067 1290 1109 puero
1315 1061 1358 1095 ut
1377 1069 1455 1096 uno
1478 1065 1586 1099 esset
1605 1073 1673 1100 eo-

72 1129 264 1171 mitatior.
330 1127 384 1172 Ut
404 1129 508 1171 enim
531 1130 593 1170 vel
615 1143 768 1170 summa
789 1136 998 1185 paupertas
1021 1128 1237 1169 tolerabilis
1257 1128 1323 1180 sit,
1357 1129 1390 1170 si
1413 1130 1544 1184 liceat,
1571 1135 1673 1189 quod

70 1204 302 1260 quibusdam
325 1202 497 1246 Graecis
522 1204 723 1260 quotidie,
775 1205 832 1245 sic
857 1203 1029 1245 caecitas
1057 1204 1149 1244 l'erri
1189 1204 1303 1245 l‘acile
1333 1206 1482 1261 possit,
1530 1207 1563 1248 si
1595 1223 1674 1251 non

69 1279 201 1322 desint
235 1279 411 1322 subsidia
440 1280 728 1322 valetudinum.
796 1286 893 1321 114.
928 1277 1210 1330 Democritus,
1258 1279 1470 1323 luminibus
1497 1284 1673 1337 amissis,

68 1354 159 1397 alba
175 1355 331 1398 scilieet
349 1356 581 1398 discernere
602 1363 642 1397 et
659 1363 745 1396 atra
777 1369 855 1396 non
878 1361 1048 1411 poterat.
1113 1354 1168 1394 At
1190 1368 1288 1396 vero
1309 1355 1410 1396 bona
1434 1358 1535 1399 mala
1550 1391 1560 1410 ,
1608 1373 1675 1402 ae-

70 1444 148 1488 qua
184 1431 347 1488 iniqua,
391 1431 557 1474 honesta
586 1431 741 1488 turpia,
787 1430 896 1472 utilia
928 1429 1108 1481 inutilia,
1157 1443 1300 1485 magna
1334 1445 1457 1487 parva
1489 1440 1672 1489 poterat3

72 1527 118 1561 tis
144 1527 257 1562 adhuc
282 1516 470 1574 explicatae
497 1532 580 1570 sint,
605 1536 676 1562 tum
699 1527 858 1573 perdiffi-

78 1574 151 1608 cilis
175 1594 220 1600 —
244 1581 280 1607 et
301 1575 506 1620 perobscura
545 1575 697 1620 quaestio
731 1582 782 1607 est
814 1574 856 1607 de

72 1632 192 1654 natura
216 1620 378 1656 deorum:
417 1622 451 1655 h.
471 1634 500 1656 e.
523 1624 592 1655 licet
615 1641 660 1647 -—
684 1625 766 1662 sint,
802 1625 855 1653 tn-

72 1677 165 1701 men:
191 1678 382 1712 quanquam
395 1667 485 1701 inter
500 1672 606 1701 lumen
628 1675 662 1700 et
682 1672 749 1700 lum
767 1678 856 1700 non-

71 1713 157 1747 nihil
191 1713 391 1750 discriminis
424 1714 587 1754 interest;
629 1719 734 1747 lamen
767 1714 856 1747 euim

72 1758 221 1804 „prioris
263 1760 455 1793 sententiae
494 1760 563 1793 vim
603 1760 856 1805 quodammodo

71 1811 243 1850 temperat
266 1813 302 1840 et
321 1806 461 1847 minuit,
487 1807 647 1851 opposito
672 1818 713 1839 eo
727 1832 735 1846 ‚
765 1806 856 1850 quod

74 1851 120 1886 sit
141 1851 191 1885 illi
215 1859 308 1886 certe
337 1865 379 1886 ex
401 1861 499 1898 parte
527 1853 753 1887 contrariumz
791 1857 857 1885 tum

73 1909 156 1932 vem
178 1898 320 1933 alteram
343 1899 547 1932 sententiam
573 1906 673 1943 auget
697 1897 856 1931 addendo

74 1955 137 1985 eo,
174 1945 264 1990 quod
287 1957 369 1990 prae
399 1946 508 1979 altero
530 1945 751 1989 spectandum
775 1944 857 1986 sit,“

74 1990 125 2024 uti
154 1998 253 2025 acute
283 1991 387 2024 docet
410 1993 589 2026 (ἴεν-πλαγά.
617 1991 661 2024 ad
682 1991 789 2024 Cicer.
815 1990 858 2023 de

76 2036 177 2070 Offic.
195 2039 254 2071 111.
272 2037 305 2076 2,
321 2038 354 2071 5.
369 2049 401 2082 p.
414 2039 493 2072 2250.
515 2049 589 2070 cum
610 2049 677 2082 quo
699 2037 742 2069 cf.
758 2039 858 2070 Beier.

75 2082 120 2116 ad
144 2083 288 2117 eundem
307 2083 442 2124 locum,
469 2086 534 2118 Sed
550 2095 648 2126 quum
671 2088 734 2116 tola
757 2085 860 2124 philo-

50 2131 190 2171 ‘sophia
216 2150 264 2156 —
293 2131 452 2172 frugifera
478 2150 526 2155 —
550 2130 618 2169 sit3
655 2134 722 2162 tum
753 2132 860 2162 nullus

74 2177 213 2218 {credor
230 2179 267 2210 in
288 2186 327 2209 ea
349 2179 436 2210 locus
468 2181 512 2210 est
535 2194 582 2201 —
607 2187 705 2218 quum
727 2177 766 2208 de
788 2177 861 2216 Osfi·

74 2224 157 2256 ciis.-
188 2222 223 2256 h.
237 2234 266 2256 e.
292 2223 383 2256 Tota
411 2220 496 2267 phil.
522 2223 688 2267 frugifera
719 2229 790 2264 est,
824 2221 859 2254 in

75 2267 261 2314 primisque
283 2269 313 2301 is
336 2269 431 2302 loeus
446 2294 454 2308 ,
489 2269 544 2313 qui
569 2276 621 2301 est
650 2268 694 2301 de
717 2268 776 2301 off.
824 2267 859 2299 Si

76 2318 462 2402 ἶὲἔὲἵιῖῗῗῗὲᾶἒῖἷ
473 2316 861 2395 {3¹3.¹'1';·.s.'.²¹{}l²'“.⁵32{

75 2407 118 2440 de
142 2409 199 2449 off.
222 2407 306 2441 haec
328 2407 434 2440 exibit
455 2407 644 2440 sententia:
684 2371 861 2450 tot’aqqui-

79 2451 158 2486 dem
180 2452 263 2496 phil.
287 2453 376 2497 frug.
400 2460 470 2496 est,
504 2465 575 2486 non
603 2465 721 2486 omnes
747 2460 861 2485 tamen

77 2497 149 2532 eius
183 2499 250 2532 loci
283 2510 389 2543 aeque
421 2499 577 2543 frugiferi
605 2506 703 2538 suut,
740 2498 799 2530 sed
823 2499 860 2538 is,

71 2544 136 2589 «qni
158 2552 212 2580 est
234 2544 278 2579 de
300 2545 380 2586 off.,
416 2545 563 2578 uberior.
609 2545 709 2578 Adde
732 2556 795 2578 nos
827 2544 861 2576 in

78 2590 121 2624 L.
136 2591 196 2624 Gr.
217 2591 338 2637 §.l-1¹),
361 2591 415 2626 10.
435 2603 470 2636 p.
482 2589 562 2627 4Οὸ-
586 2591 638 2624 ed.
651 2593 684 2624 2.

149 2639 337 2680 tegerentur]
356 2637 590 2671 recitarentur.
615 2638 788 2681 Nusquam
805 2648 863 2669 ve-

43 2676 49 2682 ”
78 2693 122 2716 ro
143 2683 242 2727 probi
266 2684 450 2729 scriptores
486 2683 643 2716 dixerunt
670 2686 863 2726 praelegere,

69 2739 151 2773 ,quo
172 2729 264 2761 haud
288 2741 365 2763 raro
389 2730 596 2763 recentiores
621 2736 768 2762 utuntur.

152 2777 386 2819 Asclepiadem]
407 2777 448 2809 V.
471 2775 578 2810 Indic.
596 2775 716 2809 histor.
734 2775 768 2809 in
779 2777 862 2809 Asel.

47 2798 51 2802 ’
87 2825 124 2852 et
141 2821 285 2853 Eremos.

150 2875 251 2906 puero
271 2870 307 2899 ul
327 2867 406 2912 uno]
441 2879 540 2920 servo
561 2867 654 2908 seil.‚
686 2879 753 2912 quo
779 2867 864 2900 duce

892 1528 949 1561 bat
978 1539 1038 1572 per
1061 1527 1193 1565 iocum,
1230 1528 1429 1561 caecitatem
1461 1529 1600 1570 fecisse,
1640 1540 1676 1565 ut

891 1574 1006 1606 similis
1034 1574 1191 1606 divitibus
1218 1586 1356 1616 puerum
1391 1587 1491 1608 unum
1516 1578 1676 1612 comitem

892 1621 1016 1654 habere
1043 1627 1167 1664 posset.
1218 1622 1360 1653 Neidius.

961 1670 987 1700 si
1003 1668 1109 1709 liceat]
1128 1664 1205 1698 Scil.
1220 1665 1431 1699 mendicare:
1457 1669 1548 1712 quod
1568 1670 1674 1703 omis-

892 1725 965 1746 sum
990 1720 1041 1746 est
1066 1724 1126 1757 per
1151 1712 1328 1745 honestam
1354 1710 1604 1758 ἀποσιώπησιν.

961 1762 988 1792 si
1014 1770 1075 1792 non
1099 1760 1200 1791 desint
1221 1761 1365 1791 subsidia
1389 1763 1622 1808 valetudinum]
1648 1764 1676 1797 si

893 1817 960 1838 non
984 1805 1096 1837 desiut
1123 1803 1294 1844 subsidia,
1329 1805 1446 1850 quibus
1469 1815 1677 1843 sustentetur

893 1851 1062 1884 valetudo.
1125 1850 1281 1883 Ceterum
1319 1863 1443 1884 nomen
1482 1856 1677 1890 valetudinis

892 1898 1013 1942 plurali
1035 1908 1175 1929 numero
1198 1897 1346 1940 positum
1369 1905 1420 1930 est
1443 1898 1486 1931 ad
1507 1900 1676 1945 duplicem

893 1944 1045 1988 corporis
1062 1943 1224 1982 habitum,
1245 1943 1298 1976 vel
1311 1956 1439 1984 sanum,
1459 1946 1511 1978 vel
1527 1959 1675 1993 aegrum,

892 1989 1147 2034 significandum
1162 2015 1170 2027 ,
1212 1989 1260 2022 uti
1302 1998 1392 2023 recte
1430 1991 1677 2037 interpretatur

892 2039 1028 2070 Ellendt.
1061 2036 1104 2069 ad
1138 2035 1181 2068 de
1205 2038 1260 2068 Or.
1281 2037 1339 2069 ΙΙΙ.
1362 2036 1420 2075 14,
1444 2039 1499 2072 53.
1533 2040 1607 2074 Vol.
1632 2042 1673 2075 11.

894 2082 1016 2127 p.379.
1044 2082 1099 2115 Sic
1110 2082 1248 2116 Tacitus
1264 2086 1347 2114 Aun.
1365 2083 1420 2115 VI.
1434 2096 1507 2128 cap.
1525 2087 1673 2128 penult.:

897 2128 1048 2162 Medicus
1072 2140 1189 2172 regere
1208 2131 1407 2162 valetudines
1430 2131 1591 2177 principis
1614 2146 1676 2168 so-

895 2175 984 2208 litus.
1021 2175 1074 2207 Cf.
1101 2175 1272 2207 Adnotata
1300 2174 1333 2207 in
1360 2176 1416 2208 IV.
1440 2178 1482 2217 2,
1503 2177 1536 2213 3.

968 2219 1042 2255 114.
1084 2223 1302 2262 Democritus,
1336 2223 1509 2257 luminibus
1531 2228 1674 2270 amissis]

896 2268 968 2300 Fin.
987 2268 1028 2299 V.
1048 2266 1112 2306 29,
1131 2267 1194 2301 67:
1232 2268 1466 2307 Democritus,
1503 2271 1559 2315 qui
1585 2274 1677 2316 (vere

896 2314 1039 2354 falsoris»,
1064 2325 1132 2346 non
1152 2315 1363 2357 quaeremus)
1386 2315 1509 2350 dicitur
1527 2328 1558 2350 se
1578 2320 1678 2351 oculis

892 2370 1049 2402 privasse.

967 2409 1049 2439 bona
1071 2408 1161 2444 mala
1182 2408 1262 2449 ete]
1301 2407 1465 2440 Attendas
1499 2407 1541 2440 ad
1567 2405 1673 2443 ἀσύν-

899 2455 991 2488 δετα.
1028 2454 1065 2484 ln
1086 2453 1332 2489 cqntrariorum
1352 2454 1451 2491 enim,
1479 2460 1515 2486 ut
1529 2454 1576 2486 ait
1588 2457 1676 2488 Beie—

896 2509 952 2531 rus
974 2498 1018 2531 ad
1041 2498 1139 2531 Osfic.
1162 2501 1195 2537 Ι,
1218 2499 1268 2534 17.
1290 2498 1483 2543 1›.134sq.‚
1509 2511 1594 2544 quae
1613 2513 1675 2534 ae-

898 2545 1042 2588 qualiter
1064 2551 1099 2577 et
1121 2545 1312 2589 promiscue
1335 2545 1446 2577 locum
1471 2545 1597 2579 habere
1619 2547 1674 2579 di—

900 2598 1040 2631 cuntur,
1068 2591 1321 2624 consociatione
1339 2590 1411 2623 sine
1433 2592 1563 2636 copula,
1591 2604 1675 2636 quae

897 2637 978 2669 alias
1013 2637 1215 2682 geminanda
1253 2636 1363 2673 foret,
1406 2636 1549 2670 alterum
1579 2638 1677 2672 alteri

897 2683 1092 2728 respondet,
1112 2691 1147 2715 ut
1165 2695 1226 2726 par
1241 2681 1412 2730 quoddam
1428 2682 1508 2715 inde
1525 2684 1675 2717 exsistat.

897 2729 953 2762 Sic
974 2742 1074 2774 supra
1099 2731 1122 2761 1.
1148 2728 1211 2765 26,
1233 2727 1297 2760 64:
1334 2733 1372 2759 ut
1394 2729 1526 2761 omnia:
1559 2740 1677 2772 supera

895 2777 1021 2817 infera,
1055 2777 1164 2817 prima
1196 2775 1308 2805 ultima
1343 2775 1449 2806 media
1473 2775 1675 2809 videremus.

899 2823 940 2854 V.
964 2822 1008 2855 26
1023 2847 1031 2859 ‚
1054 2821 1118 2855 73:
1144 2819 1228 2851 haec
1250 2825 1384 2857 nostra,
1408 2821 1537 2854 honesta
1555 2825 1676 2866 turpia,

898 2866 1048 2900 irrideat.
1086 2865 1139 2897 Cf.
1157 2876 1218 2896 nos
1233 2863 1267 2895 in
1290 2864 1348 2896 Gr.
1364 2865 1405 2897 L.
1423 2866 1454 2909 §-
1468 2866 1571 2908 136‚b
1597 2869 1626 2903 1,
1642 2869 1673 2912 ο)

85 2917 248 2944 uteretur.
284 2911 415 2945 Divites
434 2925 524 2947 emm
537 2940 545 2955 ,
570 2925 672 2958 quum
693 2914 729 2946 in
750 2912 866 2957 publi-
899 2925 932 2956 p.
944 2912 1022 2946 352.
1036 2911 1088 2944 ed.
1100 2911 1134 2943 2.
1163 2909 1293 2942 Eodem
1307 2909 1409 2953 plane
1423 2911 1528 2946 modo
1543 2915 1676 2957 Graeci,

85 2968 163 2990 cum
182 2955 380 3001 prodirent,
403 2970 527 3002 magno
548 2960 733 2993 amicorum
756 2957 866 2991 comi-
900 2965 938 2990 ut
969 2957 1067 2990 Plato
1094 2957 1227 2999 Protag.
1262 2967 1294 2999 p.
1312 2955 1391 2989 319.
1416 2958 1467 2990 D.-
1518 2959 1677 3002 πλούσιος

84 3008 160 3036 tatu
179 3002 412 3046 stipabantun
437 3004 518 3038 hinc
530 3004 747 3049 Asclepiades
769 3003 866 3036 dice-

900 3002 1022 3045 πένης,
1067 3005 1217 3044 γενναῖος
1248 2999 1404 3046 ἀγεννής.
1462 3004 1515 3038 Cf.
1546 3018 1610 3041 nos
1642 3008 1676 3041 in

1247 3059 1347 3100 21*
