1843 3101
170 39 256 84 328
752 49 921 83 mann
947 47 1078 90 v.41,
1105 47 1179 82 121.

173 130 418 184 dixerimu53
462 131 610 173 nostris
634 129 790 186 quidem
815 130 1084 172 acerbissimis
1107 128 1309 172 doloribus
1343 128 1545 184 variisque
1578 136 1620 171 et
1646 129 1759 171 undi-

175 219 251 261 que
281 205 530 248 circumfusis
560 204 752 247 molestiis
783 205 860 246 alia
891 205 998 248 nulla
1028 204 1153 261 potuit
1181 204 1353 246 inveniri
1382 203 1545 247 levatio.
1578 224 1584 229 ·

173 315 268 347 modo
289 321 433 347 mortem
450 313 508 346 filii
529 316 599 347 tulit
621 313 667 357 (h.
680 325 708 346 e.
721 315 847 355 modus,
860 313 948 357 quo).
981 314 1042 347 sed
1063 314 1191 346 directe
1212 312 1357 346 infertur
1370 339 1378 354 ,
1403 319 1442 345 ut
1462 323 1562 357 supra
1584 312 1611 344 1.
1633 311 1676 351 5,
1696 310 1757 345 10:

173 360 241 399 VI,
268 360 330 393 18:
377 359 526 398 senatui,
567 370 648 401 quae
683 364 754 393 sunt
789 360 946 404 gerenda,
981 363 1045 401 dic,
1065 371 1209 404 quaeso:
1235 361 1318 393 Num
1341 365 1376 392 te
1394 358 1452 391 illa
1475 359 1617 392 terrent?
1641 357 1683 390 V.
1697 367 1760 389 nos

199 405 363 438 raescribo
387 406 433 450 (h.
447 417 475 439 e.
495 416 544 447 eu,
565 407 670 447 quae).
696 418 746 450 pr.
760 406 858 439 Rosc.
874 409 947 439 Am.
981 406 1016 439 in
1033 407 1180 439 Gramm.
1198 406 1274 438 Lat.
1289 406 1318 449 ς.
1333 405 1409 439 158.
1425 404 1507 437 Not.
1520 402 1572 438 14.
1586 416 1618 447 p.
1630 400 1697 437 445
1708 413 1762 446 sq.

210 451 367 490 xx,83:
395 463 602 496 quaeramus,
626 454 678 484 ubi
699 451 895 484 maleficium
915 459 949 484 et
1051 455 1119 485 alia
1142 454 1232 484 nulla
1255 453 1355 492 poluit
1387 452 1524 484 inveniri
1554 450 1682 491 levatio]
1720 449 1761 480 V.

175 500 238 538 est,
268 503 302 528 et
326 496 466 530 inveniri
486 502 585 539 potest
609 497 656 540 (h.
670 509 699 530 e.
720 500 843 538 locum,
868 501 948 540 ubi).
983 510 1045 531 nos
1077 498 1111 532 in
1135 498 1223 531 libro
1255 496 1347 530 dicto
1379 498 1418 530 de
1444 497 1509 530 cic.
1530 498 1565 531 in
1584 497 1663 538 phil.
1683 505 1761 530 mer.

174 543 281 586 Supra
294 543 319 576 Ι.
335 542 387 583 13,
399 543 455 577 29.
490 544 737 587 Nonnunquam
753 543 853 576 etiam
868 555 948 576 ora·
983 557 1017 589 p.
1033 543 1089 579 40.

176 587 277 621 tionis
308 588 424 633 vigore
455 589 678 633 interrogatio
706 601 774 623 non
803 589 948 635 oblique,
