1843 3085
207 63 281 106 114

203 153 390 197 Socrates
414 152 564 208 quidem
595 150 684 205 quid
709 150 896 209 senserit,
938 157 1100 206 apparet
1128 151 1168 191 in
1196 163 1244 191 eo
1269 149 1392 202 libro,
1424 149 1466 192 in
1491 164 1568 205 quo
1589 151 1770 202 moritur,

202 230 249 270 ‹le
274 243 349 284 quo
374 228 447 268 iam
477 233 552 266 tam
577 225 694 265 multa
728 224 913 265 diximus.
988 231 1082 266 105.
1118 223 1246 278 Quum
1271 224 1374 266 enim
1404 224 1452 265 de
1479 223 1771 266 immortalitate

201 303 415 344 animorum
441 298 739 354 disputavisset,
782 298 919 339 etiam
943 299 1133 339 moriendi
1164 305 1315 353 tempus
1343 305 1525 353 urgeret,
1565 305 1727 353 rogatus
1751 313 1774 339 a

203 375 389 425 Critone,
423 372 743 428 quemadmodum
769 373 925 426 sepeliri
949 373 1095 414 vellet:
1131 372 1320 414 Multam
1345 385 1469 424 vero,
1499 371 1639 427 inquit,
1673 385 1773 426 ope-

201 464 322 492 ram.
354 448 508 497 amici,
546 445 721 501 frustra
745 448 1001 500 consumpsi.
1070 446 1239 488 Critoni
1259 447 1370 488 em'm
1391 452 1542 489 nostro
1563 459 1650 488 non.
1671 459 1774 501 per-

202 525 320 566 suasi
331 556 345 574 ⁴,
397 536 462 562 me
501 520 599 561 hinc
631 521 905 561 avolanti-mn
946 533 1081 575 neque
1121 522 1203 561 mei
1238 522 1463 576 quicquam
1500 521 1770 562 relicturum.

216 598 517 646 Vernntamcn,
545 593 682 644 Crito,
704 596 741 635 si
759 608 823 635 mc
842 596 1012 649 assequi
1028 596 1228 648 potueris
1247 599 1321 636 αηι
1341 593 1476 636 sicubi
1495 600 1648 636 nactus
1667 596 1772 646 eris,

201 677 245 713 ut
267 670 342 712 ribi
362 670 558 720 videtur,
604 669 800 722 sepelite.
858 667 971 719 Sese,
1014 668 1294 719 mihicrede,
1330 682 1453 710 nemo
1484 682 1550 710 me
1570 669 1774 719 vestram,

203 762 326 804 quum
359 746 456 787 hinc
480 754 732 792 eafcessem,
764 747 1059 796 consequetur.
1119 741 1330 784 Praeclare
1359 744 1396 784 id
1422 743 1601 798 quidem,
1641 741 1705 796 qui
1735 748 1774 782 et

726 69 1241 112 nisssn1.43‚103.-104.

204 822 328 863 amico
352 817 600 875 permiserit,
635 823 674 857 et
696 830 738 856 se
761 816 977 857 ostenderit
1001 817 1047 856 de
1072 816 1144 856 hoo
1171 823 1251 857 toto
1283 830 1429 871 genere
1454 816 1550 857 nihil
1573 815 1769 856 laborare.

206 902 301 938 104.
336 893 484 934 Durior
508 889 733 945 Diogenes,
768 897 806 930 et
828 890 860 929 is
882 889 1069 943 quidem*
1088 889 1188 930 idem
1214 891 1389 931 sentiens
1405 922 1416 942 ,
1458 890 1525 931 sed
1541 921 1553 940 ,
1586 896 1629 930 ut
1650 886 1773 944 Cyni-

204 984 296 1019 ws,
330 966 531 1022 asperum,
1267 963 1369 1004 Tum
1395 963 1532 1014 amici,
1577 962 1773 1004 Volucri-

203 1045 333 1084 bnsne
354 1045 393 1082 ct
414 1038 561 1094 seris?
621 1036 801 1098 Minime
822 1049 944 1088 nero,
975 1036 1125 1092 inquit:
1157 1037 1235 1079 sed
1256 1037 1457 1079 bacillum
1476 1040 1668 1092 propter
1691 1049 1772 1087 me,

204 1131 286 1173 «suo
310 1115 477 1169 abiglam
491 1144 505 1163 ,
533 1112 741 1166 ponitote.
789 1110 873 1161 Qui
896 1110 942 1151 id
961 1111 1161 1165 poteris?
1190 1112 1270 1163 illi3
1302 1125 1389 1153 non
1406 1112 1516 1153 enim
1537 1111 1772 1152 senties.—

210 1190 325 1242 Qnid
346 1190 478 1244 igitur
500 1186 600 1227 11111ιὶ
622 1184 823 1241 ferarum
847 1186 1037 1227 laniatus
1060 1185 1221 1236 oberit,
1254 1185 1361 1226 nihi!
1385 1184 1613 1227 sentienti?
1652 1182 1775 1225 Prae-

576 963 711 1019 proiici
738 976 782 1003 se
807 962 922 1003 iussit
951 962 1205 1003 inhumatum.

206 1269 310 1306 flare
333 1264 596 1316 Anaxagoras
613 1292 623 1311 ,
657 1259 719 1314 qui
740 1274 854 1312 quum
875 1257 1083 1313 Lampsaci
1100 1267 1345 1310 moreretur,
1380 1258 1657 1313 quaerentibus
1679 1258 1774 1298 ami-

207 1341 262 1378 cis
279 1371 290 1388 ,

211 1411 331 1453 Nihil
355 1422 525 1450 necesse
556 1412 643 1458 est,

275 1516 307 1546 in
330 1523 363 1544 eo
388 1511 479 1551 libro]
502 1509 631 1542 Platon.
651 1508 828 1540 Phaedone
851 1520 881 1552 p.
897 1507 970 1541 115.

277 1558 350 1591 103.
378 1558 509 1588 Multam
530 1556 615 1595 veros
643 1554 684 1585 II.
709 1565 736 1586 e.
760 1554 895 1585 multam
915 1566 972 1585 sa-

210 1616 270 1645 ne,
297 1602 463 1647 profecto.
511 1601 551 1631 V.
577 1599 620 1631 ad
646 1611 672 1630 c.
695 1599 744 1637 ll,
770 1598 824 1631 24.

274 1649 397 1687 assequi
417 1648 551 1686 potueris
566 1665 610 1668 —
627 1648 736 1676 nactus
764 1648 823 1676 eris
840 1663 882 1668 —
900 1654 972 1676 con-

206 1692 361 1736 sequetur]
387 1693 477 1723 111100
509 1690 572 1722 tria
600 1690 700 1722 verba
729 1689 776 1721 ita
801 1689 969 1729 differunt,

206 1748 241 1772 ut
262 1741 295 1772 in
315 1737 416 1770 verbo
434 1738 618 1776 assequendi
638 1741 672 1766 et
690 1737 893 1775 consequendi
911 1746 971 1766 no-

209 1786 255 1818 tio
289 1783 367 1816 insit
399 1781 625 1814 antecedentis
649 1779 768 1819 studii,
804 1779 969 1818 desiderii,

207 1843 259 1873 cu
261 1828 417 1864 1111113115
453 1828 518 1859 hoc
549 1833 658 1858 autem
689 1825 730 1856 de
761 1837 801 1857 eo
831 1825 969 1864 dicatur,

208 1877 258 1908 cui
291 1873 414 1917 aliquid
445 1872 619 1905 fortuitum
652 1870 733 1902 illud
767 1870 899 1913 quidem
934 1882 972 1901 ac

207 1927 338 1964 piaeter
352 1930 463 1962 opinit
468 1929 552 1954 nem
578 1929 609 1948 se
615 1916 636 1947 (1
651 1923 718 1959 opt
713 1923 801 1947 num
820 1915 970 1958 contigit.

274 1967 383 2015 (1111-
396 1966 568 2004 permiserit
583 1967 608 1994 et
627 1972 657 1993 se
677 1961 852 2005 ostenderit]
879 1961 972 1993 Con-

206 2009 342 2042 iunctivi
366 2015 544 2051 propterea
558 2007 667 2058 ⁸positi
689 2006 862 2048 videntur,
896 2006 971 2050 quia

207 2056 269 2089 hae
301 2054 384 2085 duae
407 2052 648 2084 enuntiationes
671 2052 882 2083 secundariae
915 2064 971 2083 ra-

208 2101 332 2132 tionem
353 2098 506 2130 ›reddunt
536 2097 712 2128 veiboium
744 2100 906 2136 praeclare
937 2099 971 2129 id

205 2148 339 2187 quidem.
386 2144 425 2175 V.
446 2142 487 2174 ad
508 2155 534 2174 c.
551 2140 606 2174 44.
622 2148 703 2173 extr.

276 2188 350 2223 104.
386 2190 532 2219 bacillum
550 2191 674 2227 fir-optem
695 2197 743 2218 nie
760 2186 836 2229 etc.]
863 2186 968 2241 Epist.

207 2236 294 2268 divv.
320 2234 441 2277 philos.
467 2244 497 2275 p.
514 2234 566 2265 δυ.
595 2232 645 2263 ed.
674 2231 830 2263 Coinmel.
871 2229 967 2274 Ἐγώ

205 2281 294 2337 yesi»,
320 2280 484 2321 Diogenes
506 2277 617 2308 scribit
643 2277 812 2320 Hippioni
838 2275 968 2319 ἔ(νωκα

205 2324 293 2361 aitte*
285 2339 328 2359 .·..1
315 2323 514 2365 domitiano
523 2320 967 2375 παριτε,ἧ1α.τόβάκτρο1,

204 2372 257 2406 ἵνα
289 2369 331 2405 τὰ
358 2368 518 2405 δοκοῦντα
541 2367 642 2409 >Just
644 2379 677 2400 ae
682 2370 760 2400 εἶα(
789 2368 860 2407 ζῶε(
880 2379 966 2401 απε-

204 2415 301 2452 λαύ10
305 2428 363 2459 (μ.

271 2461 453 2502 moreretur]
476 2457 708 2496 moribundus,
732 2457 831 2489 morti
849 2458 965 2500 proxi-

204 2519 275 2540 mus
298 2513 393 2538 esset.

273 2555 474 2585 Clazomenas
503 2552 535 2581 in
553 2546 711 2600 patriam]
748 2548 796 2578 De
827 2547 964 2590 apposi-

204 2597 294 2630 tione
316 2609 388 2629 cum
409 2594 653 2649 praepositione
672 2592 782 2680 ipuncta
802 2604 832 2623 v.
853 2603 911 2624 nos
929 2593 963 2625 in

205 2643 350 2674 Gramm.
368 2643 442 2673 Lat.
469 2641 498 2674 (i.
516 2638 595 2678 116,
619 2638 651 2670 2.
699 2636 796 2669 '35-
821 2637 872 2669 ed.
884 2638 915 2670 ².

269 2691 295 2720 si
314 2689 390 2728 quid
410 2680 586 2735 accidisset]
623 2684 683 2715 Per
699 2661 962 2725 'euphemismum

203 2744 280 2776 pro:
317 2733 345 2764 si
368 2732 455 2764 forte
477 2729 653 2762 moriturus
674 2734 770 2760 esset.
825 2728 960 2760 Veteres

202 2778 307 2818 enim,
332 2775 544 2809 humanitatis
565 2773 706 2825 quodam
726 2778 759 2804 et
779 2772 960 2815 elegantiae

201 2834 297 2855 sensu
317 2822 421 2861 moti,
455 2833 553 2865 quum
574 2818 681 2853 verbis
700 2818 785 2850 male
807 2817 959 2849 ominatis

201 2877 296 2917 quam
317 2867 458 2900 maxime
478 2866 642 2899 abstinere
665 2863 854 2902 studerent,
889 2875 958 2894 rem

198 2909 426 2952 iniucundam,
447 2912 594 2951 tristem,
617 2915 778 2943 moestam
795 2908 957 2941 vocabulo

199 2956 358 2988 mollioris
381 2937 629 3000 significationis
656 2954 836 2999 exprimere
864 2953 956 2986 sole-

333 1336 505 1377 velletne
538 1332 798 1374 Clazomenas
830 1333 869 1372 in
900 1333 1088 1388 patriam,
1140 1333 1173 1373 si
1208 1334 1297 1387 quid
1324 1332 1559 1384 accidisset,
1598 1332 1770 1373 auferri:

690 1406 837 1460 inquit3
884 1406 1070 1461 undique
1101 1408 1210 1448 enim
1237 1407 1298 1448 acl
1325 1406 1496 1462 inferos
1525 1405 1774 1448 tantundem

1006 1510 1097 1541 bant.
1145 1509 1231 1541 Hinc
1261 1511 1414 1541 moriendi
1447 1508 1584 1541 verbum
1613 1507 1773 1540 reformi-

1007 1555 1123 1586 dantes
1158 1566 1219 1598 pro
1255 1565 1295 1585 eo
1331 1554 1487 1586 dicebant
1519 1557 1584 1586 vila
1617 1555 1773 1593 excedere,

1006 1602 1167 1639 decedere,
1204 1599 1256 1631 vel
1284 1599 1477 1642 simpliciter
1508 1601 1673 1639 decedere,
1706 1601 1773 1631 vita

1005 1648 1115 1686 sanai,
1140 1647 1268 1686 defunffl'
1291 1644 1420 1676 similia.
1468 1644 1542 1676 Pari
1574 1643 1676 1677 modo
1706 1655 1773 1675 no—

1005 1697 1125 1722 strates
1156 1690 1231 1722 loco

1005 1781 1186 1813 emolliant.
1226 1780 1465 1811 Locutionibus
1484 1783 1510 1813 si
1528 1782 1603 1822 quid
1623 1781 1699 1812 mihi
1716 1790 1772 1812 ac-

1005 1828 1131 1866 ciderit,
1162 1825 1214 1856 vel
1239 1828 1265 1857 si
1285 1827 1359 1865 quid
1379 1827 1508 1857 humum·
1530 1827 1607 1857 mihi
1627 1828 1771 1865 evenerit,

1004 1875 1031 1903 si
1059 1874 1134 1912 quid
1157 1873 1233 1902 mihi
1253 1873 1424 1903 humanum
1448 1873 1626 1912 contiyerit,
1663 1870 1715 1902 vel
1743 1872 1771 1902 si
1827 1886 1830 1890 ·

1005 1919 1080 1957 quid
1109 1919 1186 1948 mihi
1207 1918 1386 1948 humanitus
1412 1918 1559 1949 acciderit
1587 1915 1770 1958 respondet

1006 1974 1123 2005 giaeca
1144 1975 1185 2004 η1
1206 1973 1238 1994 τι
1257 1958 1369 1994 πάὲω.

1073 2009 1208 2048 undique
1230 2025 1273 2030 —
1298 2008 1341 2038 ad
1363 2005 1492 2050 inferos]
1524 2006 1652 2038 Graece
1682 2005 1771 2048 apud

1006 2053 1103 2095 Diog.
1120 2053 1228 2084 Laert.
1248 2053 1286 2083 ll.
1305 2054 1331 2094 ᾗ.
1354 2052 1411 2084 113
1436 2049 1676 2105 Πανταχόὶῖεὴ
1690 2050 1768 2104 ἔφη

1007 2101 1065 2141 (sc.
1081 2098 1315 2140 Anaxagoras),
1338 2093 1439 2140 ὁμοία
1460 2096 1549 2130 ἐστὶν
1568 2109 1593 2141 η
1615 2095 1664 2134 εἰς
1685 2091 1769 2142 ᾅδου
1802 2144 1804 2146 Υ
1824 2132 1826 2136 .

1003 2142 1201 2185 κατάβασις.

1072 2188 1219 2231 Totaque]
1246 2189 1295 2219 De
1320 2198 1378 2228 que
1401 2186 1580 2230 colligendi
1604 2186 1637 2219 vi
1658 2186 1769 2230 posito

1003 2246 1032 2265 v.
1053 2234 1095 2265 ad
1117 2245 1143 2264 0.
1160 2234 1202 2265 26
1217 2258 1224 2269 ,
1248 2231 1304 2265 64.

1072 2279 1148 2310 CAP.
1170 2278 1294 2309 XLIV.
1344 2277 1417 2310 105.
1465 2279 1528 2309 Sed
1555 2278 1664 2321 plena]
1700 2278 1769 2309 Iam

1000 2330 1180 2367 sequuntur
1203 2322 1363 2365 exempla,
1390 2334 1408 2354 e
1430 2322 1557 2365 quibus,
1582 2334 1679 2365 quam
1698 2322 1766 2354 late

1001 2381 1112 2420 sparsa
1134 2380 1172 2400 ac
1195 2374 1378 2410 propagata
1397 2374 1431 2399 et
1455 2367 1556 2399 fuerit
1576 2374 1610 2399 et
1629 2367 1673 2399 sit
1690 2367 1766 2400 ina—

1000 2414 1049 2446 nis
1074 2415 1137 2446 ista
1159 2413 1349 2456 superstitio
1364 2438 1373 2454 ,
1398 2413 1496 2445 etiam
1518 2419 1665 2445 mortuos
1686 2425 1767 2444 sen·-

999 2460 1073 2499 tire,
1098 2471 1180 2503 quae
1201 2459 1234 2490 in
1255 2470 1368 2491 eorum
1390 2469 1530 2502 corpora
1549 2457 1765 2490 committan—

999 2512 1071 2543 tur,
1096 2510 1265 2548 appareat.
1702 2518 1709 2523 .

1065 2553 1136 2591 illa]
1173 2549 1309 2581 Hecuba
1329 2554 1437 2581 mater
1458 2548 1512 2580 vel
1533 2547 1765 2580 Andromache

999 2606 1082 2626 uxor
1103 2594 1330 2637 intelligenda.
1378 2593 1561 2680 Descripsit
1584 2593 1671 2625 hanc
1693 2604 1764 2626 rem

996 2640 1158 2671 Homerus
1181 2639 1216 2670 ll.
1233 2640 1347 2671 XXII.
1366 2637 1432 2671 395
1451 2650 1489 2681 sq

1061 2687 1294 2717 acerbissimam
1312 2694 1377 2716 rem
1396 2684 1526 2724 maeret]
1550 2682 1643 2714 Infra
1663 2695 1691 2715 c.
1705 2680 1760 2722 48,

998 2729 1076 2762 115:
1100 2740 1237 2771 quum„
1221 2728 1363 2760 oraviter
1378 2726 1435 2759 filii
1455 2731 1583 2759 mortem
1601 2732 1762 2761 maereret.

994 2777 1038 2806 At
1059 2785 1157 2817 supra
1178 2785 1206 2806 c.
1225 2773 1286 2813 13,
1309 2772 1371 2806 30:
1407 2772 1516 2804 Nemo
1536 2772 1624 2805 enim
1644 2777 1761 2806 maeret

992 2829 1047 2851 suo
1060 2820 1264 2852 incommodo
1288 2818 1328 2851 V.
1340 2828 1401 2850 nos
1415 2816 1448 2849 in
1466 2818 1523 2852 Gr.
1536 2818 1575 2849 L.
1593 2818 1622 2862 §.
1637 2818 1715 2860 112,
1726 2819 1758 2851 5.

1041 2864 1115 2897 199.
1138 2863 1189 2895 ed.
1203 2864 1235 2896 2.

993 2875 1025 2908 p
1062 2911 1143 2952 Vidi]
1161 2911 1245 2941 Sunt
1256 2919 1368 2940 versus
1379 2907 1510 2941 iambici
1523 2907 1655 2948 senarii,
1669 2918 1758 2940 sum-

991 2955 1040 2998 pti
1071 2967 1110 2987 ex
1133 2954 1267 2998 antiqua
1290 2953 1399 2997 aliqua
1419 2953 1519 2987 Ennii
1546 2953 1601 2987 vel
1621 2949 1754 2987 Pacuvi:

1264 1690 1354 1722 vocis
1376 1692 1494 1722 sterben
1514 1689 1611 1722 variis
1637 1694 1773 1721 utuntur
1830 1702 1832 1716 1

1005 1736 1136 1767 dicendi
1156 1735 1316 1772 formulis,
1341 1747 1423 1778 quae
1441 1747 1511 1767 rem
1529 1735 1659 1767 tristem
1679 1734 1772 1777 quasi
1828 1753 1832 1756 -

1840 1414 1843 1470 ἲ

1838 1483 1843 1537 i
