1843 3101
171 31 256 75 280
731 46 899 81 LmER
922 48 964 84 v.
987 47 1029 90 8,
1052 47 1110 83 21.
1134 48 1191 84 22.

179 119 270 176 Qua
297 121 382 179 ipsa
421 137 500 165 non
537 125 610 166 suit
636 132 867 180 contentus,
919 142 1045 185 neque
1089 130 1193 171 enim
1227 144 1395 186 unquam
1436 131 1552 173 finem
1575 132 1753 177 inveniet

178 195 311 238 libido.
370 196 460 240 Nos
483 199 625 240 vellem
652 201 824 256 praemio
849 202 994 244 elicere
1016 217 1247 259 possemus,
1294 205 1359 261 qui
1392 205 1504 248 nohis
1529 207 1674 263 aliquid
1694 215 1753 250 at-

177 270 354 324 tulisset,
387 286 462 327 quo
495 272 566 313 hoc
597 273 746 316 firmius
778 277 1045 318 crederemus.

292 343 409 387 VIII.
455 352 526 388 21.
559 347 615 388 A.
649 346 804 391 Vellem
843 350 881 391 id
912 351 1091 406 quidem3
1144 352 1214 394 sed
1251 353 1376 395 habeo
1408 354 1604 410 paullum,
1651 356 1754 410 quod

175 419 386 473 requiram.
447 418 536 476 Ego
565 421 667 462 enim
689 423 907 476 assentior,
955 439 1114 478 eorum,
1159 440 1259 481 quae
1285 427 1472 482 posuisti,
1505 428 1670 470 alterum
1697 429 1754 471 al·-

177 491 251 532 teri
273 506 519 549 consequens
542 509 631 536 esse
647 528 658 547 ,
691 504 755 549 ut,
788 499 1137 553 quemadmodum,
1187 501 1221 541 si
1241 502 1342 556 quod
1364 502 1569 544 honestum
1594 504 1669 556 sit,
1713 503 1753 545 id

175 566 300 607 solum
324 567 376 608 sit
394 567 555 621 bonum,
589 578 790 625 sequatur,
824 572 942 613 vitam
966 573 1121 615 beatam
1149 575 1294 616 virtute
1317 576 1471 629 confici,
1505 577 1579 629 sic,
1612 577 1646 618 si
1669 577 1753 619 vita

175 638 287 680 beata
310 641 348 681 iu
374 642 520 684 virtute
546 644 620 696 sit,
667 645 764 686 nihil
786 659 876 687 esse
892 679 903 699 ,
936 647 1012 689 nisi
1038 651 1245 701 virtutem,
1278 649 1438 691 bonum.

174 719 288 766 tuus,
322 723 483 758 auctore
504 717 641 759 Aristo
672 726 712 760 et
727 720 947 773 Antiocho,
982 736 1061 763 non
1081 723 1316 775 sentith003
1349 731 1456 779 putat
1475 725 1601 777 enim,
1635 725 1753 767 etiam

173 786 207 827 si
228 787 280 829 sit
298 788 442 831 bonum
463 792 618 847 aliquod
640 800 796 848 praeter
818 794 1021 836 virtutem.
1084 796 1151 837 Μ.
1187 795 1290 852 Quid
1312 797 1458 852 igitur?
1489 806 1626 840 contra
1649 797 1754 841 Bru-

174 866 306 903 tumne
326 877 387 904 me
406 864 596 907 dicturum
619 869 761 922 putas?
818 868 875 909 A.
909 868 973 909 Tu
995 884 1091 911 vero
1107 901 1118 921 ,
1153 878 1194 911 ut
1217 871 1396 922 videtur,
1430 886 1519 913 nam
1542 873 1751 929 praefinire

174 948 253 976 non
285 944 346 978 est
365 952 510 980 meum.
574 947 644 981 22.
679 941 746 982 M.
783 940 885 995 Quid
910 943 1049 997 cuique
1073 944 1192 998 igitur
1216 953 1522 986 consentaneum
1548 946 1622 998 sit,
1673 947 1749 988 alio

175 1007 277 1050 loco.
337 1009 443 1053 Nam
468 1013 545 1054 ista
568 1014 660 1055 mihi
694 1022 734 1056 ct
760 1030 847 1056 cum
871 1016 1070 1057 Antiocho
1093 1032 1235 1073 saepe,
1285 1025 1323 1059 et
1347 1033 1433 1060 eum
1453 1019 1644 1061 Aristone
1678 1036 1750 1062 nu·-

174 1095 269 1136 per,
301 1099 418 1139 quum
446 1087 615 1129 Athenis
640 1088 854 1144 imperator
886 1090 986 1144 apud
1020 1105 1106 1132 eum
1131 1092 1388 1143 deversarer,
1435 1094 1629 1136 dissensio
1659 1096 1746 1138 fuit.

172 1154 274 1198 Mihi
295 1159 397 1200 enim
420 1174 498 1201 non
521 1161 729 1204 videbatur
748 1163 952 1218 quisquam
979 1178 1067 1206 esse
1094 1165 1233 1208 beatus
1256 1181 1395 1222 posse,
1442 1183 1558 1223 quum
1581 1169 1620 1211 in
1636 1170 1749 1212 malis

174 1238 306 1285 esset3
351 1233 393 1274 in
419 1234 532 1276 malis
555 1243 685 1278 autem
710 1237 926 1293 sapientem
951 1252 1040 1280 esse
1065 1254 1182 1294 posse
1198 1272 1209 1293 ‚
1256 1241 1290 1282 si
1311 1249 1446 1283 essent
1469 1243 1548 1284 ulla
1571 1244 1748 1300 corporis

1502 648 1583 693 Sed
1605 649 1754 693 Brutus
1803 658 1806 661 '

174 1341 214 1376 3:
240 1344 312 1388 quis
333 1357 412 1390 opes
432 1348 542 1381 nullae
562 1356 648 1389 sunt,
674 1350 769 1383 bonis
792 1351 944 1384 invident

175 1389 284 1432 (relat.
305 1393 487 1435 praeced).
526 1395 658 1427 Cornel.
672 1397 757 1440 Nep.
770 1397 942 1437 Dion.IX‚

173 1435 216 1467 5:
251 1438 433 1470 miseranda
453 1442 539 1479 vita,
573 1443 627 1481 qui
647 1452 677 1474 se
700 1445 816 1483 metui,
848 1454 944 1484 quam

174 1483 280 1512 amari
302 1485 445 1525 malunt,
478 1485 532 1517 ubi
553 1487 791 1529 supplendum:
827 1499 944 1520 eorum.

172 1525 286 1558 Paullo
310 1535 386 1571 post
409 1537 525 1562 nostro
546 1530 639 1563 loco:
674 1535 783 1565 vellem
803 1537 944 1573 praemio

172 1572 279 1604 elicere
308 1583 489 1616 possemus,
513 1579 577 1617 qui.
623 1578 664 1609 V.
690 1590 749 1610 nos
774 1578 807 1610 in
830 1580 869 1610 L.
886 1580 943 1611 Gr.

172 1616 201 1659 §-
218 1614 292 1649 145.
307 1618 388 1651 Not.
401 1619 435 1653 6.
454 1619 576 1664 p.3e4.
594 1622 645 1654 ed.
659 1622 692 1656 2.
726 1625 829 1656 Porro
848 1624 943 1656 latini

172 1661 350 1705 scriptores
371 1664 525 1698 dixerunt
547 1674 581 1699 et
590 1679 763 1709 proponere
780 1677 813 1701 et
829 1680 942 1710 ponere

168 1711 348 1748 praemium
369 1712 466 1744 alimci
477 1737 486 1752 ,
520 1712 650 1745 diversa
672 1720 784 1746 tamen
804 1722 941 1747 senten-

171 1751 241 1793 tia,
275 1753 320 1787 ita
354 1762 390 1787 ut
411 1756 494 1789 illud
515 1766 697 1802 poneretur
727 1760 768 1792 de
792 1761 851 1801 iis,
887 1761 942 1804 qui

172 1799 327 1840 praemiis
348 1801 548 1835 elicerentur
578 1804 631 1836 vel
652 1805 870 1838 incitarentur
900 1806 939 1839 ad

174 1843 321 1885 facinus,
357 1846 424 1880 hoc
457 1847 500 1880 de
522 1849 582 1890 iis,
619 1851 675 1894 qui
696 1862 830 1895 operam
850 1864 942 1884 suam

173 1889 332 1923 offerrent
354 1893 563 1938 pretiumque
584 1896 841 1939 paciscerentur.

237 1945 334 1976 neque
355 1957 400 1963 —
423 1941 515 1980 finem
541 1943 674 1974 inveniet
698 1943 807 1987 libido]
836 1943 940 1976 Cicer.

172 1978 289 2012 Parad.
305 1982 339 2021 Ι,
367 1983 404 2015 1;
430 1996 537 2028 neque
558 2005 605 2011 —
624 1988 776 2031 expletur
798 2001 942 2034 unquam

171 2034 235 2056 nec
256 2025 395 2060 satiatur
419 2030 608 2072 cupiditatis
631 2032 714 2065 sitis.

238 2073 292 2110 qui
313 2074 401 2105 nobis
418 2077 540 2116 aliquid
561 2080 726 2121 attulisset]
754 2081 802 2111 Ex
824 2087 941 2113 nostra

172 2113 306 2147 dicendi
320 2118 449 2151 ratione
466 2129 693 2164 exspectamus
711 2127 856 2167 ufferret3
880 2126 940 2158 sed

171 2166 263 2192 recte
288 2170 404 2195 monet
426 2167 586 2199 Ernestius
606 2169 724 2212 respici
747 2171 938 2213 praemium,

174 2205 264 2248 quod
284 2214 354 2239 tum
370 2208 502 2242 demum
524 2212 622 2245 detur
644 2215 683 2252 ei,
711 2215 937 2258 quiattulerit.

247 2254 453 2298 crederemus]
482 2256 557 2288 Scil.
595 2259 752 2292 virtutem
786 2262 829 2294 ad
855 2262 940 2294 bene

171 2295 332 2341 beateque
354 2299 533 2333 vivendum
552 2314 587 2333 se
609 2303 680 2347 ipsa
703 2317 774 2338 esse
797 2314 939 2340 conten-

170 2348 249 2374 tam.

240 2388 320 2421 CAP.
338 2390 428 2422 VIII.
453 2390 507 2424 21.
540 2393 669 2437 Brutus]
703 2396 745 2427 V.
770 2396 940 2431 Adnotata

170 2433 203 2464 in
225 2434 265 2467 V.
283 2433 297 2466 1
313 2460 320 2472 ,
347 2436 451 2478 princ.

239 2480 354 2524 Aristo]
389 2480 523 2513 Plurimi
556 2489 589 2514 et
618 2483 736 2526 optimi
759 2486 856 2518 codd.
879 2500 939 2520 ex-

170 2522 288 2555 hibent
308 2528 470 2568 Aristone5
491 2534 526 2559 at
543 2528 575 2560 h.
595 2528 614 2560 l.
634 2529 868 2573 intelligendus
889 2541 939 2564 est

170 2570 303 2610 Aristus,
328 2572 531 2612 Ascalonita,
556 2574 659 2606 frater
679 2574 848 2615 Antiochi,
873 2577 940 2609 ho-

172 2625 247 2658 spes
269 2622 303 2647 et
325 2616 496 2650 familiaris
520 2619 698 2652 Ciceronis.

239 2660 293 2692 22.
320 2664 445 2696 Athenis
464 2665 648 2709 imperator]
674 2668 712 2698 A.
731 2667 772 2698 U.
788 2667 865 2701 703.
882 2665 939 2711 (49

171 2716 200 2736 a.
221 2705 312 2748 Chr.)
335 2718 352 2738 e
375 2708 487 2742 Cilicia
505 2722 665 2742 reversus.

236 2753 270 2783 in
288 2753 397 2797 malis]
423 2755 528 2787 Stoici
547 2755 714 2796 dicebant,
735 2757 838 2789 vitam
857 2757 938 2790 bea-

170 2800 238 2826 tam
263 2807 327 2828 una
350 2798 467 2831 confici
490 2801 635 2841 virtute3
660 2802 741 2834 nihil
762 2802 849 2834 enim
871 2803 936 2835 bo—

170 2849 249 2871 num
272 2853 364 2881 esse,
388 2844 450 2875 nisi
473 2845 650 2886 virtutem,
676 2859 738 2880 nec
763 2848 936 2892 quicquam

171 2884 292 2936 m³.l¹¹.m
313 2899 394 2928 esse,
419 2890 482 2922 nisi
499 2892 750 2935 turpitudinem.
797 2894 936 2937 Peripa—

170 2934 263 2960 tetim
282 2939 392 2965 autem
412 2942 545 2978 praeter
563 2937 720 2971 virtutem
742 2945 776 2971 et
795 2940 937 2983 turpitu-

978 1353 1089 1385 dinem
1113 1354 1212 1387 etiam
1235 1355 1324 1388 bona
1357 1363 1390 1388 et
1418 1357 1506 1390 mala
1529 1357 1679 1401 corporis
1715 1365 1750 1391 et

979 1399 1135 1432 fortunae
1156 1412 1228 1432 esse
1250 1401 1450 1435 sentiebant.
1501 1403 1553 1436 Cf.
1578 1403 1683 1437 Cicer.
1707 1404 1749 1436 de

978 1444 1085 1478 Finib.
1108 1445 1228 1477 librum
1257 1447 1419 1490 quintum.

1047 1494 1217 1531 sapientem
1242 1502 1304 1525 esse
1331 1495 1435 1536 posse]
1463 1495 1746 1538 Exspectabatur:

977 1538 1102 1576 sapiens
1135 1547 1198 1569 esse
1230 1548 1341 1579 posse5
1375 1545 1409 1571 at
1444 1540 1487 1572 cf.
1511 1540 1680 1573 Adnotata
1712 1540 1747 1572 in

980 1593 1006 1613 c.
1023 1582 1053 1621 ὃ,
1078 1582 1129 1614 12.
1179 1584 1228 1614 De
1249 1583 1444 1616 nominativi
1465 1597 1491 1617 c.
1514 1585 1575 1619 inf.
1597 1593 1745 1618 structu-

978 1638 1033 1658 rae
1053 1627 1239 1660 mutatione
1260 1629 1293 1661 in
1315 1631 1494 1662 accusativi
1519 1643 1546 1663 c.
1570 1631 1630 1663 inf.
1654 1638 1747 1664 stru—-

977 1678 1102 1704 cturam
1122 1685 1227 1716 comp.
1244 1676 1333 1708 Suet.
1347 1676 1469 1708 Othon.
1486 1677 1557 1708 VII.
1577 1679 1747 1710 dicitur-—

973 1720 1159 1758 pavefactus
1189 1719 1330 1761 gemitus
1357 1720 1518 1753 maximos
1538 1724 1747 1756 edidisse—.-

976 1763 1138 1806 postridie
1161 1783 1206 1789 —
1229 1765 1374 1808 graviter
1407 1769 1594 1807 prolapsum
1629 1767 1745 1800 itidem

977 1809 1250 1842 obmurmurasse.
1301 1811 1396 1854 Apud
1426 1812 1574 1844 Graecos
1598 1813 1747 1857 scripto-

977 1865 1029 1886 res
1070 1855 1132 1886 hac
1165 1862 1350 1888 structurae
1384 1858 1630 1900 permutatione
1662 1858 1746 1891 nihil

977 1899 1195 1944 frequentius.
1244 1902 1372 1934 Platon.
1392 1902 1521 1935 Charm.
1538 1904 1661 1946 princ.:
1687 1904 1747 1938 καὶ

978 1944 1044 1988 μὴν
1073 1943 1237 1989 ἤγγελταί
1265 1958 1304 1990 γε
1334 1946 1428 1992 μάχη
1459 1948 1580 1993 ἰσχυρὰ
1608 1949 1746 1993 γεγονέ-

975 2003 1028 2024 ναι
1064 1991 1122 2025 καὶ
1156 1991 1296 2031 πολλοὺς
1328 1992 1494 2028 τεῖνάναι.
1552 1995 1593 2027 V.
1619 2007 1680 2028 nos
1710 1995 1746 2027 in

978 2037 1124 2070 Grainm.
1142 2038 1200 2071 Gr.
1221 2040 1261 2070 T.
1278 2040 1317 2070 ΙΙ.
1343 2039 1371 2082 gi.
1386 2037 1462 2072 649.
1477 2051 1505 2071 a.
1529 2052 1562 2083 p.
1575 2037 1653 2074 345.

1043 2083 1168 2127 deinde]
1209 2083 1322 2115 Virtus
1353 2084 1474 2116 dicitur
1507 2084 1640 2129 quidem
1671 2085 1745 2130 ipsa

975 2138 1035 2169 per
1057 2139 1092 2160 se
1116 2128 1246 2160 beatam
1270 2130 1371 2162 vitam
1395 2130 1549 2171 efficere,
1574 2130 1649 2174 quia
1670 2143 1744 2164 ma-

975 2172 1046 2204 iore
1071 2185 1110 2204 ex
1135 2181 1230 2216 purte
1254 2186 1326 2206 eam
1351 2175 1470 2211 affert;
1496 2187 1611 2209 revera
1634 2185 1746 2210 autem

975 2218 1046 2261 ipsa
1067 2231 1126 2261 per
1143 2231 1177 2250 se
1197 2232 1262 2251 non
1283 2220 1387 2252 efficit
1403 2221 1533 2253 beatam
1550 2222 1663 2263 vitam,
1684 2223 1745 2255 sed

974 2270 1045 2295 tum
1059 2264 1189 2296 demum
1206 2265 1301 2297 beata
1320 2267 1386 2297 vita
1407 2274 1467 2306 ost,
1492 2279 1591 2310 quum
1610 2268 1653 2300 ad
1673 2269 1744 2301 vir-

974 2316 1081 2341 tutem
1114 2310 1211 2342 etiam
1246 2312 1394 2353 corporis
1421 2319 1453 2344 et
1476 2313 1632 2345 fortunae
1654 2314 1743 2346 bona

974 2356 1183 2387 accesserint.
1216 2357 1373 2389 Similiter
1387 2357 1501 2401 aliquis
1518 2358 1639 2391 dicitur
1656 2359 1744 2402 opti-

975 2412 1027 2431 ma
1052 2401 1098 2431 uti
1119 2401 1328 2441 valetudine,
1364 2403 1391 2434 si
1414 2404 1588 2436 maximam
1612 2411 1742 2447 partem

974 2445 1062 2477 bona
1084 2453 1153 2485 est;
1179 2447 1331 2479 similiter
1344 2448 1460 2491 aliquis
1479 2449 1582 2488 dives,
1605 2449 1633 2481 si
1652 2449 1743 2481 mul—

974 2490 1016 2521 tis
1041 2491 1158 2533 opibus
1174 2492 1296 2534 gaudet
1318 2500 1380 2525 etc.
1419 2495 1512 2526 Haec
1529 2495 1638 2526 omnia
1654 2494 1742 2526 enim

974 2546 1094 2577 genere
1118 2537 1163 2579 (in
1185 2537 1383 2580 universum)
1410 2539 1647 2577 existimantur,
1672 2551 1741 2572 non

974 2579 1075 2622 pleno
1115 2582 1315 2624 singularum
1353 2584 1495 2626 partium
1533 2585 1650 2627 quibus
1684 2585 1742 2618 illa

975 2632 1128 2657 constare
1149 2626 1294 2659 debeant
1316 2640 1464 2660 numero.
1497 2630 1608 2661 Virtus
1628 2630 1739 2673 igitur,

975 2669 1104 2701 etiamsi
1127 2671 1198 2714 ipsa
1219 2685 1279 2715 per
1300 2684 1335 2705 se
1361 2673 1464 2705 vitam
1499 2675 1650 2707 omnibus
1674 2687 1738 2707 nu-

971 2715 1068 2746 meris
1096 2717 1310 2761 partibusque
1342 2717 1472 2751 beatam
1506 2718 1641 2753 efficere
1671 2732 1739 2754 non

972 2759 1088 2802 possit,
1113 2767 1236 2801 tamen,
1262 2774 1361 2806 quum
1375 2763 1417 2795 ad
1437 2776 1510 2797 eam
1531 2766 1640 2799 valeat
1659 2766 1740 2810 plu-

971 2805 1107 2844 rimum,
1145 2800 1278 2839 efficere
1309 2818 1407 2850 posse
1435 2809 1566 2843 dicitur.
1617 2812 1669 2844 Cf.
1696 2812 1738 2844 de

971 2850 1044 2882 Fin.
1066 2852 1107 2884 V.
1128 2851 1191 2891 30,
1215 2852 1269 2885 92.
1323 2855 1481 2896 Terram,
1515 2857 1595 2889 mihi
1628 2856 1737 2898 crede,

972 2907 1010 2928 ea
1033 2896 1110 2928 lanx
1135 2898 1191 2940 (se.
1213 2897 1246 2929 in
1271 2910 1334 2942 qua
1356 2907 1406 2932 est
1425 2901 1555 2934 virtutis
1579 2903 1739 2947 amplitu-

972 2940 1030 2985 do)
1057 2949 1090 2974 et
1112 2942 1215 2976 maria
1235 2943 1418 2988 deprimet3
1442 2958 1574 2991 semper
1594 2948 1682 2981 enim
1698 2960 1738 2981 ex
