1875 3117
1546 26 1634 73 223

48 137 261 182 goreorum
279 134 497 178 quanquam
513 119 633 161 multa
649 117 780 172 colligi
798 123 979 172 possunt,
1010 115 1144 172 paucis
1162 121 1294 156 tamen
1312 121 1484 167 utemur,
1507 130 1634 171 quon-

49 201 124 242 iam
166 213 245 240 non
274 197 314 238 id
339 195 469 251 agitur
501 194 575 234 hoc
609 200 804 248 tempore.
874 190 980 231 Nam
1018 205 1134 245 quum
1173 190 1410 231 carminibus
1443 190 1550 232 soliti
1578 191 1636 233 illi

50 287 139 317 esse
164 273 344 314 dicantur
364 276 404 311 et
424 274 632 325 praecepta
653 267 844 322 quaedam
873 265 1063 305 occultius
1092 265 1246 306 tradere
1261 297 1271 316 ‚
1306 271 1346 305 et
1365 271 1517 306 mentes
1539 280 1633 308 suas

649 37 815 71 mena
838 37 897 71 1v.
921 34 964 77 2,
988 33 1022 69 4.

50 362 74 390 a
97 346 375 403 cogitationum
401 342 621 384 intentione
654 348 772 382 cantu
798 339 1014 393 fidibusque
1038 340 1085 379 ad
1111 339 1427 394 tranquillitatem
1452 340 1633 382 traduce-

50 435 120 474 re3
157 419 415 476 gravissimus
440 423 578 458 auctor
600 416 641 457 in
664 413 896 470 Originibus
920 413 1019 454 dixit
1038 411 1138 454 Cato
1155 446 1166 465 ,
1209 427 1359 454 morem
1384 414 1484 469 apud
1507 414 1632 456 maio-

53 509 120 537 res
142 495 244 536 hunc
269 493 470 550 epularum
498 491 644 542 fuisse,
677 496 720 530 ut
741 489 924 543 deinceps
940 520 951 539 ‚
986 488 1050 542 qui
1072 486 1336 538 accubarent‚
1371 496 1561 530 canerent
1587 489 1636 531 ad

52 569 185 610 tibiam
212 568 407 610 clarorum
427 566 602 608 virorum
623 564 760 605 laudes
793 569 909 617 atque
941 562 1124 604 virtutes.
1185 560 1254 601 Ex
1282 576 1357 616 quo
1387 563 1637 618 perspicuum

52 650 139 696 est,
194 649 234 684 et
269 648 408 683 cantus
459 647 540 681 tum
585 638 707 680 fuisse
747 637 962 691 rescriptos
1010 650 1152 677 vocum
1202 635 1312 676 sonis
1364 643 1404 676 et
1443 638 1635 680 carmina.

55 723 96 759 4.
131 696 365 772 Quanquam
385 715 423 756 id
449 714 603 770 quidem
624 712 741 754 etiam
769 727 827 768 X¹.¹
857 711 1012 753 tabulae
1044 711 1270 763 declarant,
1312 710 1428 751 condi
1458 711 1534 752 iam
1560 719 1640 754 tum

55 791 212 834 solitum
243 803 333 832 esse
355 803 540 830 carmen:
584 788 686 843 quod
709 801 759 828 ne
781 786 921 828 liceret
944 786 1028 827 fieri
1049 786 1095 827 ad
1119 785 1282 826 alterius
1308 785 1490 827 iniuriam
1506 817 1516 837 ‚
1550 786 1639 841 lege

55 871 291 908 sanxerunt.
350 862 441 906 Nec
470 877 569 905 vero
601 862 697 904 illud
727 876 807 903 non
836 860 1077 902 eruditorum
1113 867 1332 915 temporum
1365 867 1641 915 argumentum

57 947 142 992 est,
175 940 277 996 quod
300 946 340 981 et
360 939 521 980 deorum
543 936 837 993 pulvinaribus,
879 943 919 976 et
940 935 1065 991 epulis
1088 935 1386 990 magistratuum
1409 935 1503 976 fides
1527 949 1642 991 prae-

58 1014 218 1056 cinunt:
261 1013 361 1069 quod
390 1012 590 1069 proprium
614 1011 699 1052 eius
724 1010 819 1062 fuit,
861 1010 908 1051 de
931 1025 1005 1065 qua
1029 1010 1193 1065 loquor,
1234 1009 1479 1065 disciplinae.
1540 1008 1644 1051 Mihi

58 1089 213 1144 quidem
240 1088 358 1131 etiam
391 1086 509 1143 Appii
531 1084 653 1128 Caeci
677 1098 835 1126 carmen
851 1117 862 1137 ,
906 1071 1009 1140 quod
1030 1083 1144 1126 valde
1163 1081 1379 1125 Panaetius
1402 1083 1535 1125 laudat
1561 1083 1643 1140 epi-

63 1222 180 1256 status,
201 1214 311 1248 variae
329 1213 538 1247 conditiones
553 1213 742 1246 rationesve
758 1212 833 1246 abs·
868 1214 901 1246 2.
925 1212 959 1257 3)
984 1226 1016 1258 p.
1035 1211 1097 1248 146
1110 1225 1158 1258 sq.
1184 1212 1236 1247 ed.
1249 1215 1280 1247 2.
1327 1212 1489 1248 Bremium
1508 1208 1551 1247 ad
1569 1209 1641 1249 Fin.

64 1268 190 1294 tractae
231 1260 378 1294 notionis
418 1259 662 1303 significantur,
712 1259 833 1291 deinde
868 1261 902 1299 1,
928 1261 960 1293 ὅ.
983 1272 1015 1303 p.
1031 1258 1086 1292 413.
1119 1267 1153 1293 et
1182 1260 1216 1292 in
1247 1260 1359 1303 primis
1383 1263 1416 1293 G.
1437 1264 1473 1293 G.
1490 1263 1643 1295 Iacobum

62 1319 162 1351 quum
176 1307 264 1340 actio
278 1306 438 1339 abstracti
454 1306 595 1339 nominis
612 1305 756 1349 repetita
771 1316 832 1337 no-
867 1305 901 1337 in
925 1305 1050 1338 Comm.
1076 1305 1117 1338 de
1141 1317 1198 1337 usu
1223 1305 1352 1339 numeri
1373 1306 1457 1349 plur.
1476 1318 1529 1351 ap.
1548 1311 1642 1351 poe't.

62 1359 171 1392 tatur3
207 1352 290 1385 haec
313 1359 424 1385 autem
445 1351 601 1396 repetitio
624 1358 681 1383 aut
704 1351 748 1383 ad
772 1362 830 1383 va-

61 1399 127 1431 rias
154 1410 314 1442 personas
335 1398 503 1442 pertinet,
539 1396 588 1428 uti
616 1396 718 1429 modo
742 1395 832 1429 vidi-

63 1455 156 1487 mus,
179 1451 236 1476 aut
254 1444 298 1476 ad
318 1444 407 1475 varia
427 1443 503 1476 loca
523 1450 729 1486 temporave.
778 1443 830 1475 Cf.

63 1491 89 1522 I.
108 1489 169 1529 16,
196 1489 259 1523 36:
283 1491 485 1531 formidines,
510 1490 753 1521 Schrechbilder.
775 1488 832 1529 33,

64 1536 128 1569 80:
155 1534 396 1578 aegritudines,
420 1535 499 1573 irae,
523 1533 753 1578 libidinesque.
775 1531 830 1573 455,

68 1580 150 1614 116:
178 1582 285 1613 clarae
307 1588 433 1613 mortes
451 1579 614 1624 (zai-acaron
642 1592 702 1624 pro
725 1578 833 1623 patria

66 1626 249 1670 oppetitae.
293 1625 356 1663 49.
395 1627 474 1660 116:
513 1625 676 1668 optabiles
707 1631 833 1657 mortes

67 1671 168 1704 fuisse
190 1683 261 1704 cum
282 1671 415 1715 gaudio.
455 1673 510 1703 HI.
530 1672 591 1710 10,
615 1672 678 1704 ’λὶς
704 1670 832 1703 medio-

66 1717 197 1750 critates
220 1717 525 1761 perturbationum:
561 1717 616 1749 ubi
639 1717 682 1750 cf.
706 1716 830 1749 Adnot.

64 1759 106 1803 4,
139 1763 178 1798 7:
219 1763 366 1807 reliquae
400 1775 532 1807 quoque
562 1763 832 1806 perturbationes

65 1808 185 1848 animi,
212 1809 418 1850 formidines,
444 1809 608 1848 libidines,
632 1808 832 1840 iracundiae.

67 1854 117 1897 (ut
141 1854 183 1887 de
206 1855 288 1898 Rep.
306 1856 337 1895 l,
364 1854 425 1888 35:
450 1855 622 1891 libidines,
649 1866 733 1897 quae
757 1860 833 1885 sunt

63 1899 340 1939 innumerabiles,
373 1900 628 1941 iracundiaeve.)
670 1901 734 1938 25,
768 1899 831 1931 62:

66 1956 105 1977 ex
128 1945 190 1978 hac
212 1946 370 1989 opinione
391 1952 468 1977 suut
488 1945 544 1976 illa
565 1945 657 1976 varia
678 1951 711 1976 et
733 1943 834 1975 dete-

66 1991 196 2023 stabilia
217 2001 331 2032 9enera
352 1990 502 2033 lugendi:
538 1990 722 2033 paedores,
757 2001 834 2020 mu-

66 2035 186 2068 liebres
208 2036 426 2068 lacerationes
449 2047 625 2078 genarum,
648 2055 692 2060 —
715 2034 832 2078 capitis

66 2082 305 2124 percussiones.
345 2083 399 2113 [V.
417 2081 458 2119 6,
487 2079 545 2114 14:
581 2089 648 2113 tres
674 2087 832 2113 constan-

65 2126 144 2159 tiae.
180 2127 221 2158 V.
234 2126 266 2165 6,
290 2126 349 2159 16,·
375 2138 456 2170 quos
473 2127 553 2158 nulli
571 2134 675 2158 metus
692 2133 832 2164 terrent,

66 2172 175 2204 nullae
195 2171 418 2214 aegritudines
451 2172 615 2211 exedunt,
651 2172 759 2204 nullae
788 2172 832 2203 li-

67 2217 197 2250 bidines
219 2217 379 2257 incitant,
415 2218 526 2250 nullae
549 2218 662 2251 futiles
686 2217 832 2250 laetitiae

67 2263 266 2295 exsultantes
290 2263 454 2306 languidis
484 2263 703 2308 liquefaciunt
731 2263 832 2296 volu-

68 2308 227 2352 ptatibus.
265 2307 330 2352 39,
359 2310 430 2343 113.
456 2309 680 2342 valetudines:
719 2309 773 2342 ubi
800 2322 831 2341 v.

67 2353 192 2386 Adnot.
219 2354 314 2387 Offic.
333 2356 369 2394 I,
393 2355 457 2388 22:
495 2356 720 2388 fortitudines.
767 2354 828 2388 29:

68 2399 206 2443 quietes.
253 2399 316 2434 36:
351 2400 547 2439 tarditates,
587 2401 830 2438 festinationes,

68 2444 264 2478 celeritates.
299 2445 410 2485 Fin.1‚
436 2447 492 2479 15:
518 2447 737 2479 assiduitates.
774 2447 829 2485 IV,

67 2489 130 2524 27:
157 2502 270 2523 omnes
291 2491 459 2524 avaritiae.
506 2493 584 2524 Sall.
604 2493 674 2525 Cat.
692 2493 769 2530 XV,
791 2496 827 2524 4:

68 2535 193 2569 animus
228 2549 335 2580 neque
370 2537 488 2581 vigiliis
524 2550 631 2581 neque
667 2538 830 2582 quietibus

67 2580 174 2614 sedari
190 2582 317 2625 potuit:
344 2583 397 2614 ubi
419 2595 450 2615 v.
470 2586 569 2616 Kritz.
588 2595 620 2626 p.
633 2584 687 2618 77.
736 2583 831 2616 Adde

72 2625 259 2660 nobilitates
281 2628 348 2660 Cic.
365 2628 430 2660 Off.
449 2631 475 2672 Ι,
498 2630 559 2662 δὶς
587 2629 692 2661 luctus
715 2636 748 2661 et
772 2641 830 2661 or—

67 2669 205 2710 bitates3
229 2672 317 2706 infra
342 2673 439 2713 V.6,
467 2674 519 2708 16.
557 2676 681 2708 Porro:
706 2682 829 2717 poten-

69 2714 154 2755 tiae,
178 2717 445 2761 desperationes,
470 2720 685 2759 velocitates,
709 2721 825 2764 impie-

69 2766 176 2800 tates,
199 2762 390 2797 honestates
404 2791 413 2806 ,
438 2772 619 2798 vetustates
634 2791 642 2804 ,
665 2766 831 2798 timidita-

70 2811 132 2843 tes,
153 2805 374 2850 infidelitates,
398 2822 575 2850 maerores,
603 2812 719 2854 fugae:
747 2824 830 2855 quae

70 2849 203 2893 quidem
220 2853 328 2887 omnia
349 2855 437 2899 apud
456 2856 648 2889 Ciceronem
667 2857 830 2899 leguntur.

69 2895 191 2928 Porro:
216 2897 295 2930 Sall.
313 2899 383 2934 Cat.
398 2902 502 2942 XIV,
526 2903 567 2935 5:
592 2904 832 2934 adolescentium

68 2941 310 2982 familiaritates.
365 2946 406 2979 V.
435 2957 497 2979 nos
518 2946 554 2980 in
578 2947 637 2981 Gr.
651 2948 692 2979 L.
710 2944 830 2991 6104,

867 1351 925 1384 lat.
960 1351 1145 1394 Numburgi
1164 1350 1259 1385 12:541.
1281 1364 1315 1395 p.
1332 1352 1353 1386 7
1369 1364 1442 1395 sqq.

936 1400 969 1430 in
992 1397 1186 1441 Originibus]
1212 1399 1252 1429 V.
1275 1397 1445 1430 Adnotata
1467 1397 1500 1430 in
1522 1400 1547 1431 1.
1562 1400 1592 1440 2,
1610 1401 1643 1436 3.

870 1444 919 1475 De
948 1443 1162 1486 exquisitiore
1195 1443 1370 1476 verborum
1398 1444 1641 1481 collocatione:

866 1500 914 1530 qr.
935 1494 1018 1521 auct.
1053 1492 1085 1521 in
1110 1492 1145 1522 O.
1165 1491 1196 1521 d.
1219 1491 1252 1522 C.
1281 1490 1326 1522 cf.
1353 1502 1414 1533 pro
1438 1490 1637 1534 Ligar.c.1:

868 1535 1073 1578 propinquus
1088 1547 1177 1566 meus
1195 1535 1237 1566 ad
1251 1543 1282 1567 te
1299 1538 1339 1576 Q.
1351 1536 1486 1569 Tubero
1508 1537 1639 1573 detulit.

868 1582 911 1613 N.
932 1582 971 1612 D.
988 1582 1034 1612 Ill
1047 1607 1054 1618 ,
1080 1582 1143 1613 52:
1172 1593 1228 1613 cur
1244 1601 1285 1605 —
1304 1582 1459 1625 pontifex
1482 1584 1642 1616 maximus

868 1634 918 1658 est
942 1627 982 1666 Q.
1005 1626 1165 1658 Scaevola
1189 1627 1383 1659 trucidatus.
1444 1627 1515 1660 Fin.
1540 1630 1572 1667 1,
1599 1630 1640 1663 ὃς

868 1680 903 1703 ut
945 1684 963 1703 a
1000 1672 1159 1704 Scaevola
1205 1680 1256 1704 est
1291 1680 1446 1716 praetore
1481 1673 1642 1707 salutatus

869 1718 1006 1749 Athenis
1041 1717 1205 1749 Albucius.
1266 1719 1320 1749 Sic
1350 1730 1450 1762 saepe
1474 1720 1642 1762 appositio

867 1763 1045 1795 interiecto
1068 1775 1132 1794 uno
1153 1763 1205 1794 vel
1223 1763 1369 1806 plun'bus
1392 1764 1500 1796 verbis
1519 1767 1640 1799 avelli-

868 1816 922 1840 tui·
957 1821 974 1840 a
1010 1809 1163 1846 nomine,
1212 1808 1254 1841 ad
1288 1809 1378 1852 quod
1414 1811 1569 1853 pertinet.
1596 1832 1642 1837 —-

867 1858 1010 1886 canerent
1028 1855 1071 1884 ad
1090 1857 1209 1886 tibiam.
1256 1855 1296 1885 V.
1317 1855 1441 1888 Adnot.
1462 1856 1494 1887 in
1514 1857 1538 1888 1.
1555 1858 1587 1897 2,
1607 1857 1640 1891 3.

932 1902 1096 1939 rescriptos
1118 1910 1228 1931 vocum
1248 1901 1346 1944 sonis]
1381 1903 1558 1934 Rescribere
1592 1909 1642 1935 est

870 1951 984 1976 cantus
1016 1951 1048 1975 et
1073 1945 1218 1977 carmina
1241 1948 1402 1978 scribendo
1427 1947 1472 1990 gh.
1492 1959 1520 1979 e.
1553 1949 1642 1981 notis

869 1990 1025 2033 signisve)
1062 2001 1208 2023 revocare
1241 1991 1292 2022 vel
1309 1994 1448 2033 redigere
1477 1993 1519 2025 ad
1541 2002 1640 2038 aptos

868 2047 987 2068 vocum
1012 2047 1129 2068 sonos:
1155 2048 1342 2080 quanquam
1374 2039 1475 2070 etiam
1503 2041 1642 2073 verbum

867 2083 1058 2114 describendi
1089 2082 1121 2114 in
1155 2083 1218 2115 hac
1239 2094 1275 2114 re
1298 2095 1365 2115 non
1392 2084 1642 2118 incommodum

868 2134 938 2165 est,
975 2134 1008 2158 ut
1034 2127 1196 2168 Liv.VlI,
1219 2128 1259 2161 2:
1296 2129 1465 2174 descripto
1497 2131 1563 2164 iam
1596 2131 1640 2165 ad

866 2173 1037 2205 tibicinem
1065 2181 1175 2205 cantu.

935 2218 966 2252 4.
1004 2221 1066 2252 XII
1085 2219 1224 2263 tabulae]
1254 2219 1295 2251 de
1321 2221 1402 2265 Rep.
1424 2223 1478 2253 IV.
1507 2222 1573 2265 (ed.
1592 2223 1639 2256 M.

867 2277 899 2308 p.
914 2264 991 2297 2³1.
1013 2277 1053 2295 ex
1078 2265 1249 2308 Augustin.
1266 2266 1302 2297 C.
1321 2267 1359 2298 D.
1375 2269 1426 2305 ΙΙ,
1452 2268 1519 2309 SM:
1547 2269 1640 2306 „XII

865 2309 998 2342 tabulae
1013 2322 1112 2354 quum
1129 2323 1310 2355 perpaucas
1324 2324 1375 2344 res
1391 2313 1500 2356 capite
1513 2314 1639 2345 sanxis-

866 2362 962 2395 sent,
999 2356 1032 2387 in
1063 2356 1112 2388 his
1144 2357 1230 2389 hanc
1261 2369 1392 2401 quoque
1423 2359 1637 2390 sanciendam

867 2408 1086 2445 putaverunt,
1122 2402 1149 2433 si
1173 2403 1244 2446 quis
1273 2405 1532 2441 occentavisset,
1568 2404 1640 2435 sive

868 2459 997 2479 carmen
1025 2447 1246 2483 condidisset,
1274 2449 1363 2492 quod
1387 2449 1556 2480 infamiam
1583 2449 1637 2480 fa-

868 2500 956 2525 ceret
992 2493 1193 2536 flagitiumve
1225 2493 1359 2526 alteri.“
1420 2494 1528 2526 Verba
1568 2494 1639 2537 ipsa

865 2539 960 2570 huius
974 2539 1055 2582 legis
1072 2539 1104 2571 in
1119 2539 1202 2571 Tab.
1220 2541 1308 2571 Vlll.
1323 2542 1361 2571 de
1375 2541 1494 2571 delictis
1506 2539 1552 2570 sic
1565 2551 1639 2571 sese

866 2584 1008 2617 habent:
1035 2586 1101 2617 SEI
1124 2585 1176 2626 (sii
1201 2586 1305 2624 QVEI
1327 2585 1423 2627 (quis)
1449 2586 1637 2616 PwVLOD

868 2631 1048 2673 (convicio)
1099 2631 1349 2662 OCENTASIT
1390 2630 1636 2662 CARMENVE

868 2676 1076 2708 CONmstT
1104 2674 1316 2717 <condiderim
1353 2676 1474 2713 QVOD
1510 2675 1638 2707 INFA-

866 2722 983 2753 MIAM
1011 2721 1167 2753 FACSIT
1186 2720 1329 2760 (fecerit)
1353 2720 1638 2762 FLAGITIOMQ

866 2767 1059 2799 ALTEREI
1082 2766 1218 2797 FVSTE
1242 2765 1435 2796 FERITOD
1459 2765 1636 2809 (feriatur).

920 2814 980 2844 Nec
995 2813 1082 2852 vero]
1102 2809 1287 2852 significant
1301 2821 1366 2841 non
1382 2810 1516 2844 solitum
1528 2819 1636 2845 trans-

864 2856 947 2889 itum
980 2857 1022 2888 ad
1044 2867 1164 2888 novam
1195 2866 1284 2894 rem,
1321 2854 1381 2886 sed
1400 2855 1495 2888 simul
1513 2860 1635 2899 grada-

864 2905 999 2942 tionem,
1025 2908 1060 2933 ut
1084 2912 1133 2943 gr.
1158 2895 1236 2933 οὗδὲ
1260 2896 1338 2942 μήν.

933 2949 1063 2980 deorum
1078 2945 1312 2990 pulvinaribus]
1337 2946 1381 2979 H.
1399 2958 1428 2979 e.
1443 2947 1636 2982 solennibus
