1859 3149
683 45 853 80 mann
877 46 919 81 v.
945 43 1010 89 26,
1033 44 1092 81 73.
1605 39 1693 86 305

77 126 354 185 pannutius
368 158 382 180 ,
425 140 545 184 quum
568 126 768 170 contineri
800 128 1011 185 prudentia
1033 128 1244 172 utilitatem
1263 128 1411 171 civium
1431 139 1594 184 cernat,
1629 133 1690 177 iu·

81 201 192 246 stitia
211 202 308 246 nihil
333 202 376 246 in
397 216 512 245 suam
535 202 694 245 domum
719 203 811 246 inde
835 203 1016 256 derivet,
1062 204 1227 261 reliquis
1255 212 1389 247 utatur
1417 212 1476 248 tot
1504 213 1583 249 tam
1617 224 1688 252 va-

79 278 232 336 riisque
250 278 495 323 virtutibus?
553 278 744 334 Adiunge
763 279 932 320 fructum
955 279 1244 332 amicitiarum,
1291 280 1332 322 in
1355 295 1434 337 quo
1461 282 1589 326 doctis
1619 300 1689 340 po-

77 354 198 398 situm
222 360 287 397 out
317 368 437 411 qnam
474 353 684 396 consilium
721 354 853 396 omnis
879 354 986 396 vitae
1012 356 1271 398 consentiens
1306 363 1347 398 et
1369 371 1497 414 paene
1528 361 1689 418 conspi-

80 444 206 484 rans,
249 436 332 482 tun
356 443 511 472 summa
539 429 766 471 iucunditas
796 443 818 471 e
851 430 1081 486 quotidiano
1108 431 1216 473 cultu
1243 439 1361 488 atque
1394 433 1517 476 victu.
1581 433 1689 491 Quid

79 505 181 549 baec
209 505 369 548 taudem
390 506 474 548 vita
503 505 733 556 desiderat,
777 520 856 561 quo
879 506 933 547 sit
955 505 1139 548 beatior?
1180 507 1245 549 cui
1268 509 1439 550 refertae
1468 516 1526 551 tot
1549 512 1688 555 tantis-

78 595 156 639 que
177 580 334 638 gaudiis
358 582 516 624 l'ortuna
539 581 624 638 ipsa
652 581 770 622 cedat
789 595 958 624 necesse
990 589 1067 624 est.
1132 580 1250 638 Quod
1283 583 1316 625 si
1341 585 1517 640 gaudere
1543 587 1688 632 talibus

76 656 195 700 bonis
215 656 366 710 animi,
412 656 452 700 id
470 664 534 700 est
553 656 792 709 virtutibus,
837 658 995 700 beatum
1022 665 1110 711 est,
1152 673 1372 716 omnesque
1399 661 1603 718 sapientes
1627 665 1687 708 his

77 733 235 790 gaudiis
264 732 548 791 perfruuntur3
588 747 729 775 omnes
760 746 831 775 eos
862 733 1004 776 beatos
1036 748 1127 776 esse
1159 736 1364 788 confiteri,
1405 751 1575 780 necesse
1608 748 1685 783 est.

194 805 367 852 XXVI.
401 813 472 851 ⁷3.
519 808 575 850 A.
607 807 795 851 Etiamne
825 809 864 851 in
889 811 1068 852 cruciatu
1092 818 1210 867 atque
1231 813 1471 855 tormentis?
1518 813 1586 856 M.
1620 816 1687 858 An

79 890 123 927 tu
145 897 211 927 me
241 884 284 927 in
305 883 411 927 viola
437 884 605 941 putabas
632 891 701 926 aut
730 885 769 927 in
797 900 889 927 rosa
913 886 1078 928 dicere?
1138 887 1204 929 An
1229 886 1430 944 Epicuro,
1477 890 1569 945 quia
1600 898 1687 933 tan-

77 960 283 1003 tummodo
306 960 436 1003 induit
458 974 672 1017 personam
696 961 918 1018 philosophi
937 970 976 1002 et
997 962 1072 1004 sibi
1093 962 1177 1019 ipse
1200 963 1274 1005 hoc
1295 978 1440 1006 nomen
1463 965 1683 1024 inscripsit,

76 1035 213 1079 (licere
236 1035 396 1088 licebit,
438 1037 562 1092 (quod
587 1038 743 1092 quidem
761 1070 772 1089 ,
814 1045 857 1079 ut
880 1038 999 1079 habet
1021 1052 1065 1079 se
1090 1053 1157 1080 res
1174 1072 1185 1090 ,
1230 1053 1292 1081 me
1319 1046 1450 1082 tamen
1476 1041 1688 1098 plaudente

76 1111 172 1154 dicit
187 1112 220 1167 ς)
250 1112 399 1154 nullum
424 1112 594 1169 sapienti
620 1127 710 1155 esse
737 1120 907 1170 tempus,
941 1114 1096 1155 etiamsi
1133 1122 1296 1166 uratur,
1333 1123 1589 1171 torqueatur,
1622 1133 1687 1161 se-

77 1194 216 1239 cetur,
248 1187 343 1245 quin
366 1188 492 1246 possit
514 1189 770 1231 exclamare:
823 1189 963 1242 Quam
985 1203 1076 1245 pro
1100 1190 1237 1232 nihilo
1259 1197 1368 1246 puto
1384 1193 1399 1233 .'
1430 1207 1548 1248 quum
1574 1208 1689 1251 prae-

76 1263 217 1306 sertim
256 1277 376 1306 omne
413 1264 560 1307 malum
607 1265 745 1307 dolore
789 1265 972 1317 deliniat,
1019 1265 1163 1308 bouum
1206 1267 1435 1324 voluptate3
1479 1269 1577 1311 haec
1618 1285 1691 1312 no-

77 1345 191 1392 stra,
240 1338 411 1383 honesta
442 1340 597 1397 turpia,
643 1341 810 1383 irrideat
841 1341 1049 1397 dicatque,
1096 1356 1170 1383 nos
1198 1342 1237 1383 in
1272 1343 1439 1386 vocibus
1474 1353 1690 1402 occupatos

77 1429 189 1460 m
211 1428 359 1469 mle,
387 1429 471 1460 lum
493 1437 533 1461 e:
555 1430 684 1465 cestris,
710 1427 787 1472 quia
814 1427 869 1460 liic
903 1428 999 1460 sertis
1032 1427 1180 1461 redimiri
1204 1429 1332 1461 iubebis
1356 1438 1389 1462 et
1415 1432 1517 1473 rosa.)
1552 1432 1624 1464 Fin.
1646 1434 1687 1465 Ιῐ.

80 1484 198 1506 omnes
221 1473 327 1507 modo
353 1472 480 1507 laudati
506 1474 567 1507 viri
594 1473 735 1506 Romani
759 1481 866 1513 erant,
903 1476 1034 1513 ζ’(ῌιζιῑ
1064 1475 1256 1520 klstgssluml
1281 1489 1382 1521 quum
1402 1477 1523 1522 vigiliis
1540 1486 1573 1511 et
1595 1480 1686 1512 same

80 1525 119 1552 ut
138 1519 229 1552 Brut.
246 1519 380 1559 ³(th,
398 1519 482 1554 163:
505 1531 544 1553 ex
565 1522 614 1553 his
635 1522 723 1552 Coeia
746 1526 773 1553 e!
795 1523 869 1553 Sul-
904 1521 1117 1559 cruciaretur,
1145 1522 1265 1555 clamat
1284 1523 1387 1556 virtus
1405 1524 1592 1557 beatiorem
1608 1525 1689 1558 suis-

75 1567 183 1608 pt'cius
205 1577 335 1608 quum
356 1576 427 1600 meo
451 1568 593 1607 iudicio,
618 1571 705 1599 tum
729 1572 870 1601 omi-ium
903 1580 961 1606 se,
1004 1580 1103 1612 quarn
1137 1577 1312 1613 potantem
1344 1573 1377 1603 in
1404 1581 1478 1604 rosa
1514 1571 1687 1605 Thorium.

77 1613 172 1655 facile
194 1615 320 1655 primas
344 1615 501 1650 tuter-mit,
536 1613 612 1658 quia
636 1612 690 1645 hic
712 1613 785 1658 ipse
810 1613 868 1646 Ci-
905 1614 960 1646 Sic
973 1617 1090 1648 Sem-c.
1110 1616 1231 1660 ομόϋ.
1248 1617 1287 1649 9:
1315 1616 1423 1650 iacen-
1446 1620 1478 1650 in
1497 1629 1581 1651 rosa.
1603 1619 1686 1653 Hor.

82 1669 162 1692 cero
183 1658 194 1692 l
245 1658 356 1698 uitur,
391 1666 425 1692 et
451 1659 500 1693 sie
524 1667 618 1693 recte
636 1671 730 1692 suum
755 1660 868 1705 priore
907 1661 1016 1694 Carm.
1042 1663 1064 1694 l.
1087 1664 1128 1700 ἰ),
1156 1664 1190 1695 l:
1233 1662 1314 1703 Quis
1346 1664 1451 1696 multa
1485 1664 1620 1707 gracilis
1652 1672 1688 1698 te

79 1704 158 1739 loco
188 1717 207 1739 a
236 1713 290 1740 ert
319 1705 489 1739 iudicium.
547 1708 654 1751 Supra
675 1718 703 1739 c.
730 1707 789 1747 10,
811 1708 867 1741 26.

79 1757 173 1785 mete
183 1751 323 1797 legitur:
348 1752 502 1786 omnibus
515 1753 605 1786 euim
620 1752 797 1786 virtutihus
813 1754 869 1786 in-

79 1804 228 1832 structos
252 1806 287 1832 et
318 1806 458 1832 ornatos
480 1804 546 1832 lum
569 1799 759 1843 sapientes,
797 1808 868 1832 tum

79 1844 173 1878 viros
205 1844 316 1879 bonon
340 1844 493 1879 dicimus.
542 1845 757 1890 significatur
779 1846 869 1878 enim

81 1892 216 1925 bald—
232 1893 321 1926 bold.
358 1892 483 1924 Contra
498 1891 676 1936 legendum
696 1899 749 1924 est
771 1903 870 1934 quum

71 1938 109 1973 J.
124 1938 178 1976 12.
192 1937 257 1973 ¹27:
283 1949 407 1980 „quum
425 1938 540 1971 multis
557 1938 631 1971 aliis
652 1938 770 1978 rebus,
796 1946 869 1971 tum

81 1994 102 2018 ο
120 1983 248 2029 pontif.
272 1983 381 2017 inre.··

150 2032 282 2073 fortuna
300 2033 372 2072 ipso
387 2029 494 2083 cedat]
519 2029 684 2064 Paradox.
702 2031 744 2063 V.
761 2031 789 2071 1,
803 2029 866 2065 3⁴:

80 2076 774 2158 ffiexsdssffieffigfflamimffix
796 2078 869 2170 ipim

583 2150 593 2167 2

83 2168 187 2203 cedit:
225 2165 239 2172 ”
318 2169 323 2177 ”

155 2215 383 2251 emxxw.
420 2215 476 2252 73.
511 2219 659 2251 Etiamne
686 2237 733 2244 —-
752 2219 782 2263 §-
798 2217 870 2263 δί]

18 2275 22 2278 ·
82 2261 121 2296 Si
142 2262 371 2304 coucedatur,
394 2263 603 2308 sapientem,
628 2264 662 2296 in
687 2263 738 2297 his
765 2276 869 2298 occu-

77 2315 204 2358 patum
223 2309 355 2348 studiis,
374 2309 511 2343 beatum
532 2322 605 2343 esse
621 2323 733 2356 posse,
758 2319 869 2344 tamen

84 2354 233 2389 dubitari
254 2355 374 2400 possit,
397 2368 477 2389 num
495 2357 586 2390 idem
609 2357 643 2390 in
667 2357 815 2390 cruciatu
836 2365 870 2390 et

84 2401 266 2435 tormentis
284 2402 403 2436 beatus
421 2415 495 2436 esse
517 2403 636 2448 possit.
679 2403 796 2437 Cicero
813 2417 868 2438 re-

84 2447 235 2492 spondet
266 2447 336 2481 sic:
374 2449 404 2482 si
425 2449 615 2494 sapientem
648 2461 811 2494 ponamus
835 2451 870 2483 in

8 2527 16 2539 ,
84 2495 157 2528 vita
173 2494 370 2528 suavissima
384 2502 418 2528 et
429 2495 679 2536 iucundissima,
702 2509 769 2530 non
787 2509 871 2541 opus

87 2547 141 2574 est
174 2553 359 2586 quaerere,
396 2542 549 2586 possitne
580 2542 607 2575 is
631 2543 750 2576 beatus
786 2556 870 2577 esse.

23 2625 26 2627 ,
87 2587 125 2620 Si
145 2586 211 2632 ipsi
233 2587 401 2632 Epicuro,
435 2589 493 2632 qui
525 2600 625 2622 omne
653 2590 776 2623 malum
806 2590 871 2624 do-

84 2632 161 2668 lore
187 2633 327 2668 definiat
341 2661 350 2675 ,
380 2634 507 2668 bonum
530 2635 722 2679 voluptate,
758 2637 872 2671 dicere

85 2678 225 2724 licebit,
248 2681 438 2724 sapientem
457 2693 602 2726 semper,
627 2683 728 2716 etiam
749 2684 782 2716 iu
801 2696 872 2718 ma-

85 2724 186 2759 ximis
209 2727 432 2766 cruciatibus,
469 2728 604 2761 beatum
633 2741 728 2767 esse,
766 2731 873 2764 multo

87 2771 195 2815 magis
214 2772 252 2807 id
269 2773 310 2806 iis
331 2773 525 2808 faciendum
546 2782 607 2814 est,
631 2776 687 2821 qui
708 2776 796 2810 hanc
813 2789 871 2810 se-

89 2824 239 2861 quuntur
257 2820 474 2862 sententiam,
500 2828 538 2854 nt
557 2833 723 2855 summum
746 2823 872 2857 boumn

55 2884 58 2888 -
88 2862 125 2895 in
148 2862 273 2907 virtute
289 2867 448 2911 positum
473 2879 546 2901 esse
570 2875 732 2901 statuant.

159 2915 210 2943 me
224 2912 260 2944 in
273 2914 362 2946 violo
377 2932 424 2939 —-·
438 2919 495 2947 out
513 2917 548 2948 in
565 2926 639 2948 rosa
654 2917 772 2958 dicere]
789 2915 832 2948 H.
844 2926 874 2947 e.

88 2953 190 2988 violis
214 2962 274 2989 aut
295 2957 381 2990 rosis
410 2959 606 2994 redimitum
638 2969 696 2994 aut
729 2961 875 2994 circum-

25 3010 30 3014 ’
87 2999 204 3036 fusum
238 3001 366 3037 dicere.
403 3004 473 3049 (cf.
504 3017 606 3051 supra
631 3008 778 3048 111.1e5,
808 3005 872 3042 43:

904 1720 987 1753 puer
1008 1711 1041 1741 in
1062 1720 1137 1741 rosa
1156 1728 1201 1734 —-
1226 1709 1352 1753 urget?

974 1759 1021 1788 An
1045 1757 1181 1796 Epicuro
1199 1759 1280 1799 etc}
1321 1756 1517 1789 Orationem
1549 1757 1687 1791 exordi-

905 1807 977 1837 tur.
1004 1814 1042 1833 ac
1061 1801 1087 1833 si
1110 1809 1288 1845 sequatur:
1311 1803 1368 1841 iis,
1396 1804 1451 1847 qui
1473 1804 1555 1836 nihil
1582 1817 1689 1850 expe-

904 1847 1044 1880 tendum
1065 1867 1129 1887 —,
1156 1848 1244 1892 quod
1265 1849 1444 1882 honestate
1464 1858 1588 1890 mreat,
1614 1851 1688 1884 exi-

903 1894 1042 1926 stimant
1057 1919 1065 1932 .
1106 1905 1173 1926 non
1211 1895 1348 1934 licebit;
1394 1896 1454 1929 sed
1490 1896 1615 1931 diutius
1652 1898 1688 1933 in

907 1940 1040 1984 Epicuri
1079 1941 1248 1974 sententia
1288 1942 1486 1986 explicanda
1523 1953 1687 1987 moratus,

904 1994 1073 2020 structura
1086 1987 1231 2029 deserta,
1251 1988 1364 2034 pergit
1376 1990 1405 2034 §-
1417 1990 1478 2025 Τότ
1504 1991 1572 2023 Sed
1585 2003 1688 2036 quum

903 2033 930 2066 is
957 2033 1047 2066 dioet
1064 2042 1128 2067 etc.

973 2082 1031 2114 hoc
1050 2092 1164 2114 nomen
1183 2082 1359 2128 inscripsit]
1391 2082 1434 2116 de
1458 2084 1567 2118 Finib.
1590 2086 1631 2120 Π.
1653 2085 1687 2126 3,

906 2126 945 2161 7:
973 2127 1028 2172 qui
1053 2128 1244 2172 (Epicurus)
1266 2142 1302 2162 se
1327 2142 1432 2169 uuus,
1457 2131 1548 2175 quod
1570 2132 1686 2173 sciam,

904 2173 1093 2218 sapientem
1121 2175 1272 2218 profiteri
1296 2176 1339 2208 sit
1364 2189 1474 2210 ausus.

975 2225 1008 2253 ut
1039 2222 1130 2254 habet
1156 2232 1188 2254 se
1216 2224 1279 2265 res}
1320 2223 1361 2256 H.
1375 2236 1404 2256 e.
1436 2224 1463 2256 si
1485 2236 1556 2257 rem
1577 2225 1686 2270 ipsam

904 2273 1107 2311 spectamus,
1134 2268 1224 2300 nulla
1241 2268 1355 2302 habita
1372 2270 1503 2304 ratione
1517 2271 1586 2304 eius
1605 2284 1688 2304 sen—

904 2313 1056 2353 tentiae,
1092 2326 1156 2358 qua
1181 2325 1280 2348 omne
1308 2317 1431 2350 malum
1456 2317 1578 2351 dolore
1599 2317 1688 2350 defi-

905 2360 987 2396 niat.
1009 2360 1134 2394 bonum
1151 2362 1340 2406 voluptate.
1380 2364 1546 2396 Bentleius
1567 2364 1688 2407 legen-

905 2406 984 2439 dum
1019 2407 1181 2442 coniecit:
1220 2413 1289 2442 utut
1319 2412 1409 2443 habet
1432 2421 1463 2443 se
1490 2420 1563 2450 res,
1599 2410 1632 2443 h.
1655 2421 1692 2443 e.-

905 2461 1075 2497 utcunque
1091 2454 1193 2488 habet
1208 2467 1245 2488 se
1260 2468 1323 2495 res,
1348 2456 1498 2501 quamvis
1513 2467 1580 2488 non
1601 2468 1687 2490 con-

905 2506 972 2532 stet
990 2500 1072 2538 sibi,
1108 2501 1167 2534 sed
1191 2501 1329 2535 decreta
1358 2514 1415 2534 sua
1440 2509 1591 2540 evertat3
1625 2502 1686 2535 sed

905 2550 974 2578 ulia
997 2546 1245 2581 ciceronianum
1272 2560 1338 2581 non
1367 2555 1427 2580 est.
1477 2549 1687 2581 Vocabulum

904 2597 1011 2626 tomen
1037 2593 1179 2627 Orellius
1213 2594 1255 2627 ad
1283 2594 1383 2626 verba
1406 2598 1439 2626 ut
1461 2605 1511 2627 res
1534 2605 1566 2627 se
1584 2597 1688 2635 habet,

907 2639 1062 2672 Klotzius
1077 2640 1118 2673 ad
1134 2641 1233 2673 verba
1247 2643 1323 2682 quia
1339 2660 1373 2665 -
1390 2643 1570 2683 inscripsit;
1595 2648 1686 2673 uter-

907 2697 992 2730 que,
1018 2693 1054 2719 ut
1078 2687 1231 2724 videtur,
1264 2698 1329 2718 non
1357 2694 1459 2718 recte.
1509 2688 1545 2718 lu
1578 2687 1687 2720 verbis

906 2732 1015 2764 enim:
1055 2735 1139 2774 quod
1170 2734 1297 2774 quidem
1318 2751 1363 2757 —-
1386 2733 1463 2765 dicit
1494 2732 1578 2765 haec
1599 2733 1688 2766 inest

907 2779 1096 2811 sententia:
1125 2777 1223 2818 Quod
1246 2777 1403 2822 Epicurus
1429 2777 1522 2818 dicit,
1548 2779 1687 2823 sapien-

907 2832 976 2856 tem
998 2836 1151 2868 semper,
1176 2824 1276 2856 etiarn
1298 2825 1330 2856 in
1353 2823 1505 2856 maximis
1528 2825 1688 2859 cruciati-

908 2870 990 2908 bus,
1027 2882 1097 2903 esse
1119 2870 1274 2907 beatum3
1313 2869 1349 2902 id
1371 2872 1439 2904 licet
1462 2879 1588 2915 pugnet
1612 2885 1687 2907 cum

909 2917 1045 2961 reliquis
1070 2916 1138 2948 eius
1160 2915 1316 2955 decretis,
1342 2920 1447 2950 lamen
1466 2929 1526 2961 per
1547 2930 1585 2951 se
1604 2918 1687 2965 spe-4

910 2970 1036 2996 etatum
1059 2972 1126 2994 non
1150 2973 1287 3006 possum
1311 2974 1380 2996 non
1403 2963 1560 3008 probare.

978 3011 1108 3042 honesta
1130 3009 1253 3054 turpia]
1278 3009 1320 3041 V.
1345 3008 1390 3043 ad
1413 3011 1455 3045 V.
1479 3010 1547 3055 39,
1573 3009 1650 3047 114.

1295 3072 1352 3107 20
