1859 3149
35 2003 46 2014 ⁴
101 2002 206 2031 mus.

506 584 567 629 M.
605 577 843 626 TULLn
876 571 1249 620 clcssaoxls

235 664 1542 743 TUSCULANARLmlIHSPUTATHJNUol

861 816 920 841 AD

721 894 768 928 M.
805 889 1055 925 BRUTUM

594 977 800 1018 Lmen
850 969 1185 1024 QUARTUS.

205 1156 240 1200 I.
278 1163 318 1199 1.
361 1152 493 1210 Quum
526 1151 658 1193 multis
691 1148 790 1191 locis
821 1154 1048 1188 nostrorum
1083 1141 1283 1184 hominum
1315 1138 1476 1194 ingenia
1503 1136 1692 1179 virtutes-

91 1248 194 1293 que,
233 1231 387 1289 Brute,
433 1228 544 1270 soleo
583 1226 745 1276 mirari3
792 1231 871 1264 tum
897 1221 1068 1262 maxime
1103 1219 1142 1259 in
1176 1218 1223 1258 iis
1258 1216 1425 1266 studiis,
1470 1227 1569 1269 quae
1599 1226 1692 1254 sero

92 1309 302 1354 admodum
331 1305 508 1362 expetita
537 1304 579 1345 in
604 1301 704 1342 hanc
733 1299 934 1340 civitatem
963 1311 983 1337 e
1013 1294 1185 1339 Graecia
1219 1291 1523 1334 transtulerunt.
1585 1287 1695 1330 Nam

45 1397 51 1400 '
92 1400 212 1443 quum
236 1398 259 1426 a
282 1381 409 1440 primo
431 1378 551 1423 Urbis
573 1384 663 1419 ortu
686 1374 808 1430 regiis
831 1372 1020 1414 institutis
1036 1404 1046 1421 ‚
1083 1369 1222 1426 partim
1247 1367 1362 1408 etiam
1389 1365 1542 1420 legibus
1565 1363 1697 1419 auspi-

93 1460 178 1513 cia,
211 1456 505 1507 caerimoniae,
539 1451 726 1503 comitia,
768 1448 1100 1505 provocationes,
1135 1452 1288 1501 patrum
1318 1440 1554 1491 consilinm,
1589 1438 1700 1494 equi-

97 1543 177 1578 tum
202 1533 454 1591 peditumque
480 1528 719 1585 descriptio,
763 1532 844 1566 tota
865 1539 930 1565 res
955 1521 1134 1564 militaris
1160 1519 1348 1561 divinitus
1376 1523 1484 1558 esset
1508 1514 1700 1555 constitu-

97 1618 162 1663 ta3
194 1616 277 1651 tum
296 1606 525 1665 progressio
547 1601 789 1646 admirabilis
810 1598 1132 1652 incredibilisque
1156 1608 1298 1636 cursus
1319 1593 1365 1633 ad
1387 1604 1542 1632 omnem
1564 1588 1701 1630 excel-

96 1685 259 1728 lentiam
281 1684 408 1725 faetus
430 1688 494 1723 est
509 1713 520 1732 ‚
554 1678 757 1721 dominatu
782 1675 894 1731 regio
916 1689 959 1715 re
987 1672 1142 1728 publica
1166 1671 1347 1711 liberata.
1409 1664 1499 1707 Nec
1521 1678 1618 1705 vero
1640 1662 1703 1704 hic

95 1762 210 1805 iocus
231 1766 320 1812 est,
362 1765 405 1800 ut
426 1758 474 1799 de
497 1755 674 1797 moribus
698 1751 968 1805 institutisque
995 1748 1212 1796 maiorum,
1248 1750 1286 1784 et
1306 1741 1512 1797 disciplina
1533 1753 1577 1780 ac
1603 1746 1702 1780 tem-

67 1878 76 1888 ,
99 1837 307 1896 peratione
334 1832 508 1876 civitatis
540 1831 773 1886 loquamur3
819 1826 906 1867 aliis
936 1824 1033 1864 haec
1067 1821 1164 1863 loris
1199 1819 1297 1860 satis
1329 1823 1515 1858 accurate
1542 1829 1564 1856 a
1590 1814 1704 1855 nobis

100 1913 207 1956 dicta
231 1917 348 1962 sunt,
390 1907 645 1960 maximeque
668 1903 710 1944 in
733 1902 781 1943 iis
806 1915 882 1942 sex
912 1898 1047 1949 libris,
1089 1909 1187 1951 quos
1214 1894 1262 1935 de
1290 1907 1335 1934 re
1363 1891 1518 1949 publica
1544 1889 1706 1946 scripsi-

101 1974 103 1976 Γ
268 1993 311 2028 2.
346 1983 435 2026 Hoc
468 1988 600 2023 autem
635 1979 723 2020 loco
756 1973 1022 2018 consideranti
1055 1971 1149 2012 mihi
1179 1969 1309 2012 studia
1347 1967 1550 2009 doetrinae
1584 1965 1708 2006 multa

105 2076 204 2106 sane
230 2064 470 2108 occurrunt,
505 2069 576 2096 cur
606 2068 655 2095 ea
678 2065 834 2109 quoque
858 2049 1053 2092 arcessita
1087 2046 1245 2087 aliunde
1275 2057 1403 2099 neque
1435 2042 1561 2084 solum
1585 2053 1710 2097 expe-

106 2137 201 2189 tita,
235 2135 305 2177 sed
328 2134 447 2176 etiam
473 2136 713 2173 conservata
733 2135 774 2170 et
797 2126 902 2168 culta
924 2125 1150 2166 videantur.
1214 2119 1315 2161 Erat
1352 2119 1456 2160 enim
1484 2117 1561 2159 illis
1585 2129 1711 2173 paene

107 2211 150 2254 in
173 2215 386 2266 conspeetu
411 2205 630 2264 praestanti
657 2203 851 2260 sapientia
876 2209 915 2243 et
938 2199 1145 2242 nobilitate
1167 2195 1418 2253 Pythagoras
1434 2227 1445 2247 ‚
1487 2194 1552 2249 qui
1577 2193 1649 2235 fuit
1672 2192 1713 2233 in

110 2285 228 2329 Italia
254 2283 497 2341 temporibus
520 2281 686 2332 iisdem,
734 2278 876 2334 quibus
896 2275 948 2318 L.
971 2274 1120 2317 Brutus
1149 2273 1314 2329 patriam
1344 2270 1555 2321 liberavit,
1596 2281 1710 2324 prae-

183 2395 264 2428 Cn.
282 2395 308 2427 Ι.
336 2393 367 2428 1.
401 2391 529 2436 mirari]
566 2391 608 2423 de
630 2392 702 2423 Inv.
727 2389 768 2421 Ιῐ.
793 2389 831 2427 1,
853 2388 892 2420 2:

116 2443 228 2484 Quum
252 2451 432 2486 pneromm
460 2439 564 2483 igitur
594 2437 720 2470 formas
753 2441 787 2467 et
817 2445 896 2466 cor-

116 2500 202 2534 pora
221 2498 345 2532 magno
366 2486 423 2519 hic
444 2497 546 2529 opere
569 2486 750 2516 miraretur.

182 2533 435 2577 provocationes]
462 2529 742 2564 Provocationem
767 2526 810 2559 ad
830 2537 899 2570 po-

116 2580 233 2626 pulum
251 2580 319 2613 iam
340 2591 359 2611 a
381 2578 514 2622 regibus
537 2577 660 2615 fuisse,
685 2574 757 2618 ipse
780 2573 899 2606 Cicero

119 2634 239 2660 auctor
259 2633 310 2659 ωε
333 2624 376 2657 de
399 2625 481 2668 Rep.
504 2625 545 2662 11,
567 2624 621 2656 31.

187 2672 354 2716 divinitus]
370 2670 461 2716 qnod
476 2670 611 2714 proprie
626 2666 792 2711 significat
805 2676 901 2710 grae-

122 2729 198 2761 cum
219 2715 354 2757 Βεόῒὲέν,
378 2717 509 2760 saepius
535 2728 554 2748 a
579 2715 742 2747 Cicerone
765 2712 903 2757 ponitur

124 2775 189 2807 pro
201 2764 327 2805 divine,
347 2763 561 2796 excellenter.
578 2761 620 2792 de
633 2762 726 2792 Orat.
748 2761 770 2790 Ι.
790 2759 822 2797 7,
837 2762 900 2790 ’ὥς

125 2809 194 2849 illa,
219 2821 303 2854 quae
319 2809 516 2854 philosophi
531 2810 684 2841 divinitus
701 2806 815 2838 ferunt
831 2815 903 2836 esse

125 2853 228 2888 dicta.
273 2855 318 2888 ad
338 2855 432 2888 Fam.
454 2857 489 2894 1,
514 2854 557 2888 9:
584 2864 668 2898 quae
703 2858 781 2884 sunt
813 2849 904 2894 apud

125 2899 301 2934 Platonem
323 2902 449 2946 scripta
471 2903 636 2934 divinitus.

200 2949 378 2989 prom-essin
413 2948 614 2980 admirabilis
652 2944 904 2982 incredibilisque

127 2991 253 3036 cursus]
278 2993 330 3026 De
343 2992 409 3027 hac
427 2991 575 3036 eleganti
594 2989 774 3024 verborum
795 2986 902 3020 collo-

932 2386 1084 2422 catione,
1122 2395 1207 2427 qnae
1234 2380 1385 2427 γ-ιασμός
1419 2379 1628 2424 appellatur,
1666 2375 1711 2408 cf.

931 2443 993 2464 nos
1016 2430 1056 2463 ad
1084 2431 1124 2462 1Ῐ.
1142 2428 1184 2469 4,
1215 2431 1261 2463 ll.

1001 2479 1224 2518 temperatione
1245 2475 1393 2516 civitatis]
1422 2473 1462 2503 V.
1480 2470 1523 2502 ad
1539 2471 1565 2501 Ι.
1583 2468 1634 2506 10,
1657 2466 1713 2500 21.

1003 2534 1058 2557 sex
1080 2525 1168 2554 libris
1193 2541 1235 2546 --
1259 2523 1297 2553 de
1320 2532 1352 2553 re
1374 2518 1515 2559 publica]
1554 2513 1640 2545 Vide
1669 2513 1714 2545 sis

934 2582 995 2603 nos
1016 2570 1048 2601 in
1071 2569 1158 2601 libro
1181 2568 1213 2599 d.
1237 2569 1274 2599 de
1288 2567 1443 2599 Ciceronis
1467 2566 1499 2595 in
1517 2563 1630 2602 philos.
1649 2569 1715 2591 me-

935 2620 1015 2651 ritis.
1039 2628 1073 2659 p.
1086 2617 1128 2648 45,
1143 2626 1217 2658 sqq.

1004 2667 1037 2707 3.
1062 2664 1128 2694 Hoc
1150 2665 1254 2692 aulem
1276 2656 1356 2699 loco]
1383 2653 1628 2686 Sententiarum
1650 2662 1717 2683 ne-

937 2722 997 2742 xus
1022 2715 1074 2740 est
1106 2706 1178 2738 hic:
1222 2703 1282 2735 Uti
1312 2712 1422 2733 mores
1449 2706 1482 2731 et
1506 2710 1558 2731 res
1583 2697 1717 2741 publica

938 2754 1098 2788 divinitus
1124 2765 1142 2783 a
1164 2748 1344 2782 maioribus
1377 2745 1501 2778 nostris
1533 2743 1716 2777 constituta

940 2809 1012 2837 est3
1048 2800 1097 2831 ita
1119 2796 1229 2829 studia
1251 2793 1425 2826 doctrinae
1447 2791 1514 2823 iam
1535 2789 1716 2834 antiquitus

939 2848 981 2880 ab
1002 2847 1042 2878 iis
1066 2842 1224 2877 arcessita
1246 2838 1400 2877 aliunde,
1438 2849 1501 2870 nec
1527 2836 1637 2870 solum
1658 2848 1717 2868 ar-

940 2893 1080 2929 cessita,
1118 2888 1178 2921 sed
1213 2886 1314 2918 etiam
1346 2890 1545 2917 conservata
1568 2890 1602 2915 et
1629 2882 1717 2916 culta

938 2939 1106 2972 videntur.
1140 2934 1259 2976 Neque
1276 2942 1358 2964 vero
1374 2930 1409 2962 id
1422 2930 1542 2963 mirum
1560 2935 1631 2969 est;
1656 2928 1720 2962 flo-

939 2985 1036 3019 rebat
1057 2980 1146 3014 enim
1162 2978 1198 3011 in
1217 2978 1290 3023 ipsa
1302 2976 1400 3010 Italia
1409 2976 1618 3022 Pythagoras
1637 2981 1719 3009 cett.
