1859 3149
666 73 834 109 mam
858 72 900 110 v.
924 71 967 116 8,
990 71 1048 108 23.
1568 62 1650 107 281

62 167 130 203 aut
150 161 334 202 fortunae
364 155 483 200 mala.
546 153 793 198 Dicebantur
818 155 941 207 haec,
986 168 1086 212 quae
1109 152 1347 211 scriptitavit
1371 152 1489 195 etiam
1511 152 1655 196 Antio-

60 235 158 278 chus
174 234 272 277 locis
290 232 490 290 pluribus,
537 230 724 272 virtutem
741 231 866 287 ipsam
886 244 956 286 per
981 243 1025 271 se
1046 229 1202 271 beatam
1220 228 1342 270 vitam
1363 229 1518 270 efficere
1537 243 1655 285 posse

60 323 190 367 neque
223 317 355 351 tamen
396 305 689 358 beatissimam3
747 305 888 347 deinde
922 318 977 346 ex
1010 304 1162 345 maiore
1195 311 1306 360 parte
1345 303 1553 361 plerasque
1589 318 1656 346 res

62 384 286 436 nominari,
347 382 466 423 etiam
507 380 541 422 si
584 394 682 436 quae
725 394 818 436 pars
859 378 1046 430 abesset,
1104 386 1147 420 ut
1185 378 1322 430 vires,
1380 386 1423 420 ut
1463 377 1658 421 valetudi-

62 474 176 512 nem,
216 465 260 501 ut
283 457 466 508 divitias,
511 462 553 497 ut
577 455 790 507 honorem,
835 462 876 496 ut
900 450 1090 510 gloriam,
1136 467 1237 509 quae
1262 467 1435 509 genere,
1479 468 1560 495 non
1587 468 1661 496 nu-

62 549 174 577 mero
209 539 495 583 cernerentur,
541 530 635 572 item
675 530 831 572 beatam
869 529 1016 581 vitam,
1066 528 1184 570 etiam
1221 526 1256 569 si
1293 541 1346 569 ex
1379 528 1509 584 aliqua
1549 536 1660 584 parte

61 610 290 662 clauderet,

61 691 134 728 25.
166 683 278 727 Haec
296 697 400 726 nunc
422 681 634 723 enucleare
656 695 735 722 non
755 681 808 722 ita
828 693 995 722 necesse
1016 686 1092 731 est,
1128 693 1350 735 quanquam
1372 693 1452 720 non
1475 687 1662 721 constan-

339 615 472 649 tamen
511 619 564 648 ex
606 606 729 647 multo
769 605 919 646 maiore
961 611 1072 660 parte
1111 603 1292 645 obtinere
1341 618 1486 645 nomen
1527 618 1657 646 suum.

61 760 214 803 tissime
233 758 310 801 dici
329 757 423 800 mihi
441 756 642 799 videntur.
690 754 795 798 Nam
815 762 855 796 et
877 754 940 811 qui
964 755 1104 796 beatus
1126 762 1203 806 est,
1239 769 1318 796 non
1338 754 1533 810 intelligo,
1569 754 1662 810 quid

61 835 253 891 requirat,
285 841 329 876 ut
347 834 400 876 sit
416 832 598 884 beatior,
632 831 666 872 si
689 838 750 872 est
769 830 874 873 enim
896 830 1000 886 quod
1022 829 1139 882 desit,
1174 843 1223 871 ne
1244 829 1385 871 beatus
1405 829 1562 885 quidem
1583 837 1661 883 est,

64 917 119 963 et,
153 909 256 966 quod
277 923 332 952 ex
352 909 503 951 maiore
526 913 636 964 parte
656 921 774 948 unam
796 919 989 962 quamque
1014 919 1097 947 rem
1121 904 1308 962 appellari
1333 905 1584 961 spectarique
1606 905 1664 946 di-

63 991 181 1041 cunt,
213 992 293 1037 est,
326 985 393 1027 ubi
411 984 449 1026 id
477 981 698 1026 istomodo
722 981 869 1022 valeat.
934 978 1066 1035 Quum
1083 994 1181 1023 vero
1204 980 1278 1021 tria
1298 993 1450 1036 genera
1471 980 1665 1022 malorum

6 1086 9 1089 <
64 1074 157 1102 esse
181 1060 336 1112 dicant,
369 1059 435 1116 qui
459 1059 624 1101 duorum
650 1070 839 1113 generum
872 1055 984 1098 malis
1012 1055 1194 1097 omuibus
1220 1063 1436 1111 urgeatur,
1471 1062 1512 1096 ut
1532 1054 1665 1097 omnia

64 1136 234 1178 adversa
257 1135 339 1177 sint
360 1134 401 1176 in
429 1135 586 1176 fortuna
602 1165 612 1185 ,
645 1131 827 1173 omnibus
850 1145 1082 1188 oppressum
1112 1145 1256 1187 corpus
1281 1138 1320 1173 et
1344 1131 1568 1172 confectum
1594 1131 1664 1172 do-

64 1210 240 1262 loribus,
274 1209 364 1251 huic
387 1209 610 1266 panllumne
643 1208 692 1249 ad
715 1207 868 1249 beatam
893 1206 1014 1248 vitam
1040 1206 1181 1247 deesse
1205 1206 1409 1260 dicemus,
1443 1220 1522 1248 nou
1547 1205 1663 1248 modo

64 1286 113 1328 ad
139 1284 439 1328 beatissimam?

67 1413 120 1442 eo,
146 1400 238 1447 quod
259 1399 418 1434 maximas
439 1405 553 1444 partes
574 1398 726 1432 continet
746 1398 846 1432 latis-

65 1448 216 1492 simeque
252 1446 426 1485 funditur,
460 1452 536 1478 tota
562 1457 614 1478 res
642 1445 843 1490 appellatur.

66 1494 215 1528 Dicimus
236 1494 379 1538 aliquem
395 1491 502 1524 hilare
524 1491 654 1524 vivere:
680 1491 792 1535 igitur,
818 1491 845 1524 si

66 1540 170 1573 semel
193 1539 323 1572 tristior
359 1537 499 1571 eftectus
525 1545 594 1579 est,
635 1538 742 1571 hilara
776 1537 846 1571 vita

66 1586 187 1620 amissa
211 1585 289 1619 est?

134 1642 265 1687 9enere,
299 1641 363 1665 non
394 1629 540 1675 numero]
580 1633 695 1664 Genere
727 1637 778 1663 est
801 1640 846 1671 re,

64 1681 198 1721 propria
212 1680 245 1712 vi
259 1687 320 1711 sua
338 1678 555 1722 (ωεεεπιῑῐσὴ),
572 1684 609 1709 ut
625 1677 667 1710 de
683 1684 754 1721 opt.
770 1688 845 1721 gen.

69 1736 118 1772 ⁰.¹'·
141 1727 170 1770 ξ.
183 1722 223 1757 4τ
246 1735 310 1758 non
329 1734 450 1766 genere,
472 1725 527 1756 sed
547 1725 663 1764 qradu.

120 1771 295 1812 clauderet]
328 1781 392 1814 pro
421 1771 627 1803 claudicaret.
683 1771 774 1802 Orat.
793 1769 848 1810 51,

66 1814 150 1851 214:
191 1816 273 1861 quid
297 1822 369 1856 est,
408 1827 466 1848 cur
492 1817 640 1848 claudere
672 1822 730 1848 aut
764 1815 849 1848 insi-

67 1869 156 1896 stere
181 1862 369 1896 orationem
391 1861 522 1894 malint.

135 1908 192 1943 23.
228 1911 361 1942 nonita
389 1916 512 1941 necesse
542 1907 601 1951 est]
637 1907 680 1938 H.
705 1919 733 1939 e.
765 1906 850 1939 haec

69 1967 158 1989 nunc
188 1954 363 1987 enucleare
391 1964 455 1986 non
476 1956 523 1985 ita
547 1964 681 1986 necesse
707 1960 778 1991 est,
813 1960 849 1984 ut

72 2013 111 2035 ea
131 2000 234 2033 modo
252 2000 426 2032 enucleate
448 1998 597 2042 exposui.
629 1998 733 2031 Acad.
753 2001 792 2031 ll.
815 2000 847 2038 2,

71 2049 112 2082 5:
138 2057 251 2080 earum
272 2057 382 2078 rerum
399 2045 664 2089 disputationem
683 2044 849 2089 principi—

71 2093 133 2126 bus
154 2091 300 2125 civitatis
318 2102 381 2124 non
400 2094 447 2123 ita
465 2090 623 2123 decoram
639 2097 759 2134 putant
772 2091 804 2123 h.
819 2102 848 2123 e.

69 2150 133 2174 non
154 2141 200 2171 ita
221 2137 334 2171 decor.
347 2162 357 2177 ,
390 2141 424 2170 ut
442 2141 515 2170 sunt
531 2139 692 2178 principes
716 2139 775 2170 civ.
795 2136 850 2169 vel

69 2196 134 2219 non
156 2184 270 2217 decor.
294 2189 416 2228 putant
436 2187 582 2224 eatenus,
602 2187 759 2224 quatenus
778 2187 851 2216 sunt

68 2242 121 2273 pr.
146 2232 237 2263 Brut.
254 2230 310 2270 X,
324 2227 367 2263 41
382 2241 388 2261 :
413 2229 660 2263 Themistocles
681 2229 849 2262 insecutus

74 2283 148 2317 est,
178 2283 216 2308 ut
236 2275 327 2320 apud
349 2287 410 2308 nos
432 2275 668 2319 perantiquus,
703 2282 738 2307 ut
761 2274 852 2319 apud

74 2322 314 2361 Athenienses,
351 2332 414 2355 non
444 2325 491 2354 ita
523 2333 602 2353 sane
635 2328 731 2354 vetus
760 2321 850 2365 (he.

73 2381 143 2402 non
173 2375 253 2401 sane
283 2375 379 2400 vetus
410 2370 458 2400 ita
479 2383 526 2396 =
550 2375 704 2411 respectu
734 2367 852 2399 habito

75 2414 355 2451 Atheniensium).
388 2413 444 2446 Sic
465 2413 651 2446 identidem
667 2414 699 2445 in
714 2413 852 2445 Cicero-

73 2461 125 2494 nis
147 2460 282 2503 scriptis
311 2459 524 2504 philosophis
557 2459 713 2503 leguntur
743 2459 853 2502 parti-

76 2507 170 2540 culae
199 2517 263 2540 non
287 2508 332 2538 ita
354 2506 418 2538 hac
443 2505 476 2537 vi
498 2505 629 2543 dictae,
665 2512 702 2536 ut
728 2504 854 2556 »liquid

73 2559 198 2597 negent
217 2558 374 2596 respectu
395 2551 512 2584 habito
535 2550 721 2594 praegxessi
743 2551 854 2583 cuius-

76 2598 152 2632 dam
174 2598 228 2631 vel
251 2598 345 2630 unius
368 2596 524 2630 vocabuli
544 2597 598 2629 vel
620 2596 723 2629 totius
746 2609 856 2629 enun-

76 2644 164 2677 tiati.
220 2643 311 2677 Alias
342 2643 529 2688 particulae
561 2654 625 2676 non
658 2645 725 2683 ila,
768 2645 857 2676 haud

80 2690 188 2734 (nicht
211 2690 309 2734 eben)
344 2693 391 2722 ita
423 2701 556 2733 semper
587 2688 631 2722 ad
664 2689 856 2722 adiunctum

78 2735 274 2768 adverbium
295 2736 349 2768 vel
371 2735 573 2768 adiectivum
601 2747 674 2768 cum
697 2736 856 2768 substan-

77 2780 150 2814 tivo
171 2781 282 2826 aliquo
302 2782 513 2822 referuntur,
547 2781 596 2814 ita
625 2780 780 2824 quidem,
819 2787 856 2813 ut

79 2826 186 2870 ipsam
209 2839 279 2859 rem
301 2839 370 2860 non
402 2834 545 2871 negent,
559 2826 641 2859 ‘sed
663 2827 855 2860 adiunctam

79 2878 211 2904 tantum
229 2872 425 2913 notionem,
449 2881 629 2917 menteque
652 2873 720 2906 eius
743 2873 792 2906 rei
814 2873 856 2905 de

81 2928 146 2961 qua
159 2917 268 2960 agitur
282 2918 376 2951 notio
395 2919 598 2952 affirmativa
619 2918 858 2963 praecipienda

82 2963 136 2996 sit.
171 2961 261 2995 Hinc
281 2974 390 3007 neque
406 2976 480 2997 eum
500 2965 574 2998 solo
590 2965 693 2998 verbo
719 2966 795 3008 (non
810 2967 857 2996 ita

81 3008 213 3052 probo),
239 3019 348 3053 neque
370 3021 443 3043 cum
463 3010 539 3043 solo
563 3010 743 3051 adiectivo,
769 3009 859 3054 quod

879 1398 973 1432 verbi
993 1398 1082 1432 vices
1104 1397 1245 1432 sustinet
1267 1399 1343 1443 (non
1361 1400 1407 1431 ica
1427 1408 1498 1432 sum
1516 1400 1663 1441 aegrotus

880 1463 925 1475 =
947 1457 1010 1479 non
1039 1449 1086 1478 ila
1114 1445 1275 1487 aeyroto),
1310 1444 1402 1489 iungi
1426 1452 1589 1489 possunt;
1625 1451 1662 1477 at

881 1500 974 1526 recte
1007 1504 1080 1525 sese
1112 1492 1239 1525 habent
1270 1491 1371 1524 haec:
1408 1502 1471 1524 non
1497 1494 1544 1523 ita
1568 1493 1662 1524 valde

878 1542 977 1581 probo
1005 1541 1063 1583 (=
1082 1545 1117 1571 ut
1143 1538 1271 1583 probo,
1297 1538 1343 1570 ita
1368 1549 1437 1570 uou
1462 1537 1581 1578 valde,
1608 1537 1661 1570 vel

881 1586 989 1630 probo
1009 1584 1165 1630 quidem,
1199 1583 1259 1617 sed
1281 1595 1349 1617 non
1373 1583 1508 1626 valde),
1534 1594 1597 1617 non
1616 1587 1661 1616 ila

880 1634 973 1665 valde
992 1643 1130 1673 moveor,
1154 1642 1216 1664 non
1239 1633 1283 1663 ita
1304 1632 1402 1663 multo
1424 1634 1513 1671 post,
1536 1641 1598 1662 non
1617 1633 1663 1662 ila

880 1681 975 1719 lonqa
994 1680 1207 1719 disputatione
1227 1688 1310 1720 opus
1333 1683 1384 1708 est
1407 1678 1466 1720 (Ξ
1483 1674 1569 1720 disp.
1585 1675 1663 1720 qui—

882 1724 971 1764 dem,
992 1725 1052 1757 sed
1071 1736 1138 1757 non
1159 1723 1288 1766 longa).
1324 1721 1425 1762 Quod
1443 1728 1555 1755 autem
1574 1722 1662 1755 Tul-

882 1770 945 1803 lius
972 1782 1104 1813 semper
1134 1772 1285 1810 nonita,
1321 1780 1511 1813 nunquam,
1550 1775 1585 1800 ut
1608 1768 1664 1800 alii

883 1828 1004 1859 saepe,
1028 1817 1115 1847 haud
1137 1818 1184 1847 ita
1205 1814 1308 1853 dixit,
1344 1825 1384 1846 ex
1410 1826 1448 1846 ea
1474 1826 1588 1847 caussa
1607 1814 1664 1847 fa-

885 1870 975 1895 ctum
998 1861 1141 1899 videtur,
1168 1859 1258 1904 quod
1282 1859 1390 1892 noluit
1412 1860 1494 1892 duas
1519 1860 1664 1893 coniun-

885 1920 963 1951 gere
986 1906 1186 1951 particulas,
1224 1917 1362 1950 quarum
1392 1906 1549 1939 notiones
1574 1918 1665 1950 quo-

885 1954 1068 1986 dammodo
1105 1952 1224 1985 eodem
1259 1951 1421 1990 redeuut;
1464 1964 1541 1984 nam
1576 1955 1665 1986 haud

884 2011 1053 2044 nunquam
1079 1998 1296 2043 simpliciter,
1331 1998 1391 2030 sed
1415 2010 1548 2042 semper
1571 2000 1664 2032 dubi-

883 2051 984 2079 tanter
1010 2053 1045 2078 et
1065 2056 1137 2078 cum
1166 2047 1367 2087 fluctuatione
1398 2046 1542 2086 quadam
1567 2046 1664 2089 (nicht

883 2095 978 2133 eben,
1011 2103 1073 2125 non
1103 2094 1212 2133 ferme)
1245 2097 1347 2134 negat
1379 2092 1439 2135 (cf.
1464 2092 1490 2123 1.
1515 2092 1582 2131 42,
1605 2089 1661 2124 99.

887 2139 958 2170 Nae
984 2150 1047 2182 ego
1069 2139 1157 2171 haud
1181 2136 1294 2181 paullo
1317 2137 1408 2169 hunc
1430 2136 1577 2169 animum
1602 2138 1663 2180 (sc.

885 2185 1046 2226 Socratis)
1070 2184 1203 2223 malim,
1239 2195 1338 2226 quam
1370 2195 1486 2216 eorum
1515 2183 1664 2216 omnium

886 2231 1061 2269 fortunas,
1097 2229 1221 2273 quide
1245 2229 1310 2261 hoc
1343 2229 1583 2262 iudicaverunt.
1624 2230 1664 2261 V.

889 2277 940 2315 12,
960 2277 1016 2310 35.
1045 2277 1143 2309 Haud
1161 2277 1245 2308 scio:
1270 2275 1326 2307 ubi
1345 2287 1375 2308 v.
1391 2275 1580 2313 Adnotata;
1607 2276 1665 2307 ΙΙΙ.

890 2323 918 2360 l,
939 2325 971 2355 2.
996 2324 1084 2354 haud
1105 2329 1176 2353 erat
1197 2333 1289 2361 sane,
1314 2333 1348 2354 es
1367 2334 1435 2354 war
1455 2322 1550 2354 nicht.
1569 2321 1665 2359 eben,

887 2369 928 2399 V.
953 2365 1016 2406 40,
1039 2369 1118 2400 115:
1155 2369 1244 2401 haud
1263 2379 1343 2399 sane
1371 2368 1558 2411 periculum
1583 2365 1659 2408 est.)

887 2413 1053 2457 particula
1065 2416 1112 2446 ila
1129 2421 1241 2446 autem
1260 2414 1294 2445 in
1312 2413 1377 2446 hac
1392 2414 1571 2446 verborum
1588 2412 1667 2444 iun-

890 2468 982 2492 ctura
1003 2460 1070 2492 vim
1092 2460 1196 2493 habet
1214 2462 1432 2493 restrictivom.
1468 2460 1522 2491 Cf.
1543 2458 1668 2491 Adnot.

888 2505 921 2537 in
947 2507 1003 2538 1V.
1022 2505 1077 2546 30,
1099 2506 1154 2540 ὃὸ.
1205 2509 1310 2538 Acute
1334 2506 1422 2537 hmo
1443 2517 1513 2537 rem
1534 2503 1666 2537 enoda—-

889 2551 939 2583 vit
972 2551 1140 2597 docteque
1171 2551 1350 2584 illustravit
1375 2553 1608 2591 Stiirenburqus
1632 2548 1668 2582 in

893 2598 1080 2631 Comment.
1104 2600 1130 2630 I.
1159 2598 1239 2641 Cap.
1260 2598 1301 2629 II.
1325 2596 1369 2628 ad
1396 2597 1463 2630 Cic.
1489 2595 1619 2628 Officia.

960 2644 1114 2702 est,31b1·]
1140 2654 1393 2695 nonnunquam
1401 2642 1513 2674 locum
1532 2642 1665 2673 habeat.

892 2690 947 2723 Sic
967 2702 1015 2734 gr.
1039 2689 1129 2724 ἔστιν
1146 2689 1223 2731 ινα,
1262 2684 1385 2722 ἔστιν
1374 2683 1481 2727 ὅπου,
1515 2686 1604 2721 ἔστιν
1626 2698 1665 2721 ου

890 2748 953 2781 pro
979 2735 1091 2770 ἐνίοτε.

958 2785 1030 2815 huic
1051 2780 1249 2822 paullumue]
1271 2778 1386 2822 Carpit
1407 2778 1668 2813 inconstantiam

890 2827 1210 2872 Peripateticorum,
1249 2825 1324 2868 qui,
1360 2836 1460 2868 quum
1485 2824 1580 2868 plura
1602 2825 1666 2857 ad-

890 2873 1027 2906 mittant
1057 2873 1222 2904 bonorum
1252 2882 1394 2914 genera,
1430 2878 1542 2903 tamen
1564 2870 1669 2904 vitam

891 2919 1026 2952 beatam
1057 2917 1176 2950 confici
1203 2915 1327 2948 virtute
1351 2923 1480 2968 putent.
1528 2917 1616 2950 Nam
1640 2917 1670 2950 si

891 2965 956 2997 tria
978 2975 1100 3008 genera
1118 2962 1303 3002 malorum,
1327 2962 1440 3003 animi,
1464 2963 1615 3007 corporis
1636 2969 1670 2996 et

894 3011 1051 3043 fortunae
1074 3020 1147 3042 esse
1169 3008 1338 3049 dicamus3
1372 3010 1430 3054 qui
1449 3009 1586 3045 tandem
1613 3009 1670 3042 di-
