1811 3053
149 25 202 69 16
758 32 1105 67 PROLEGOMENA.

145 131 304 170 perare,
334 117 376 157 h.
395 130 429 156 e.
456 116 562 155 ratio
582 114 842 154 temeritatem
873 129 1054 154 coercere
1073 115 1201 156 debet.
1257 117 1354 155 Tres
1379 116 1527 169 gradus
1555 117 1712 170 imperii

144 186 312 225 rationis
337 186 383 225 in
403 184 680 233 temeritatem,
709 184 775 222 vel
797 189 846 222 ut
866 183 1015 222 domini
1042 184 1086 222 in
1116 198 1271 235 servos,
1300 185 1366 224 vel
1384 192 1433 224 ut
1459 185 1712 238 imperatoris

144 254 187 293 in
216 255 396 304 militem,
426 254 491 293 vel
518 259 566 291 ut
593 252 770 304 parentis
799 252 841 290 in
869 252 1008 291 filium.
1051 266 1086 290 c.
1103 256 1171 291 21.
1188 256 1256 291 22.
1285 251 1325 305 5.
1344 257 1414 293 51.

255 322 302 373 β)
332 324 518 374 Propone
541 320 671 358 animo
693 320 840 371 species
863 318 1048 359 honestas
1077 320 1280 370 virorum,
1319 321 1390 372 qui
1413 306 1575 360 fortiter
1603 321 1709 360 tule-

144 398 245 430 runt
274 391 445 430 dolores.
487 403 521 427 c.
540 392 607 426 22.
635 386 678 440 5.
697 392 765 427 52.
784 392 853 426 55.

255 461 300 511 y)
333 459 490 509 Cogita,
529 456 627 506 quid
656 456 895 494 fortitudine
926 463 965 494 et
997 455 1118 494 animi
1145 455 1417 507 magnitudine
1442 455 1712 508 dignissimum

143 528 206 565 sit.
264 526 427 565 Animus
455 524 678 562 intentione
708 538 778 562 sua
801 524 962 576 depellit
992 537 1170 575 pressum
1196 537 1348 562 omnem
1371 525 1613 576 ponderum;
1642 539 1709 564 re·-

142 595 327 633 missione
357 601 487 631 autem
508 593 565 631 sic
591 599 773 643 urgetur,
800 599 847 630 ut
869 606 908 630 se
930 599 1100 642 nequeat
1129 592 1331 630 extollere.
1390 591 1625 630 Adhibenda
1653 600 1712 631 est

142 664 267 714 igitur
297 662 415 700 animi
436 660 660 709 contentio,
691 660 803 698 cuius
824 667 871 698 ut
892 660 934 697 in
961 673 1149 711 corpore,
1178 659 1233 697 sic
1255 660 1299 697 in
1322 659 1452 698 animo
1482 674 1621 713 magna
1648 660 1712 699 vis

142 732 207 769 sit.
252 745 285 769 c.
308 735 375 769 22.
403 728 444 781 5.
468 733 534 768 55.
567 735 669 766 extr.
701 742 733 766 c.
757 732 825 767 25.
854 726 895 779 5.
918 732 986 767 54.

255 797 296 849 δ)
330 798 483 849 Cogita,
524 811 641 848 quam
668 796 798 848 turpis
830 796 881 834 sit
905 796 996 833 viro
1024 795 1187 847 gemitus
1219 795 1498 833 elamentabilis
1533 802 1572 833 et
1594 795 1712 833 fletus

143 866 365 916 muliebri53
396 880 429 903 e.
455 870 521 904 25.
540 864 580 917 5.
597 868 745 903 55.56.
771 878 802 901 c.
827 867 893 902 24.
923 862 963 915 5.
990 867 1057 902 57.
1084 870 1244 912 contra,
1276 877 1393 914 quam
1416 863 1627 902 honestum
1646 863 1711 912 sit,

142 936 319 973 dolorem
343 934 495 986 placide
518 940 635 983 atque
658 932 790 970 sedate
810 933 928 969 serre.
970 945 1002 968 c.
1022 935 1089 970 24.
1107 930 1147 982 5.
1162 935 1229 970 58.
1250 935 1318 970 59.
1376 931 1463 969 Hoc
1483 931 1611 982 igitur
1633 930 1711 969 tibi

140 1016 343 1056 propone:
374 1001 672 1053 amplitudinem
694 999 825 1047 animi,
848 1012 947 1049 quae
968 999 1135 1035 maxime
1157 999 1299 1036 eminet
1317 999 1613 1037 contemnendis
1633 999 1711 1036 do-

141 1071 316 1119 loribus,
344 1083 463 1107 unam
487 1082 567 1106 esse
590 1067 765 1105 omnium
790 1080 872 1104 rem
893 1065 1217 1117 pulcherrimam.
1247 1079 1280 1103 c.
1297 1070 1364 1104 25.
1380 1069 1448 1105 26.
1505 1067 1611 1104 Haec
1634 1079 1711 1104 au-

141 1147 218 1178 tem
243 1137 437 1190 patientia
459 1137 642 1174 dolorum
663 1136 705 1172 in
728 1135 835 1172 omni
854 1147 994 1185 genere
1017 1134 1258 1184 aequabilem
1279 1146 1320 1171 se
1338 1134 1537 1185 praebeat,
1565 1135 1639 1172 i.e.
1661 1146 1711 1172 ne

141 1208 227 1246 aliis
250 1207 292 1244 in
316 1205 521 1243 doloribus
542 1203 700 1252 fortior,
730 1203 773 1240 in
796 1203 882 1239 aliis
906 1202 1034 1240 minus
1055 1201 1169 1239 fortis
1192 1201 1255 1238 sis.
1297 1202 1407 1249 Nam,
1432 1201 1541 1252 quod
1559 1215 1581 1238 a
1603 1207 1710 1239 certa

142 1275 299 1314 ratione
324 1272 616 1324 proficiscitur,
647 1271 690 1308 in
715 1270 822 1307 omni
842 1283 981 1321 genere
1004 1269 1206 1319 aequabile
1231 1282 1311 1307 esse
1331 1268 1463 1318 debet;
1501 1269 1557 1306 ita
1585 1269 1709 1307 forti-

141 1343 242 1382 tudo
251 1372 261 1391 ,
292 1356 312 1378 a
335 1347 442 1378 certa
465 1339 620 1377 ratione
641 1339 838 1390 profecta,
876 1337 920 1375 in
951 1337 1057 1374 omni
1079 1350 1219 1388 genere
1240 1336 1423 1375 dolorum
1444 1337 1604 1376 eandem
1632 1336 1708 1374 ha-

142 1412 236 1450 bere
267 1410 382 1447 debet
411 1408 503 1446 vim.
543 1421 577 1444 c.
597 1411 665 1445 27.
695 1404 735 1458 5.
759 1410 827 1444 65.

257 1478 321 1515 ΠΙ.
381 1478 599 1514 cosensm
625 1488 764 1512 Torius
786 1486 1097 1511 DISPL‘TATIONIS.
1157 1472 1268 1519 Quae
1285 1486 1407 1523 quum
1430 1472 1487 1510 ita
1508 1473 1600 1521 sint,
1619 1472 1708 1510 exi-

143 1547 303 1586 stimare
322 1545 522 1592 debemus,
555 1542 750 1590 dolorem,
781 1541 930 1579 etiamsi
956 1541 1099 1578 malum
1126 1541 1197 1589 sit,
1228 1541 1428 1578 tantulum
1458 1547 1588 1578 tamen
1618 1553 1708 1588 esse,

144 1621 191 1653 ut
218 1628 239 1651 a
264 1616 415 1652 virtute
433 1612 488 1649 ita
512 1612 729 1658 obruatur,
771 1616 818 1647 ut
844 1622 1038 1658 nusquam
1073 1614 1286 1659 appareat,
1326 1608 1560 1660 praesertim
1587 1621 1709 1658 quum

142 1689 327 1735 paratum
351 1680 401 1718 sit
423 1679 526 1716 illud
546 1692 593 1716 ex
610 1677 792 1715 hesterna
806 1676 1076 1728 disputatione
1090 1676 1138 1714 de
1158 1677 1445 1716 contemnenda
1463 1682 1591 1715 morte
1610 1688 1708 1727 per-

143 1750 306 1803 fugium.
347 1762 380 1787 c.
402 1751 469 1787 27.
498 1745 539 1799 5.
560 1750 627 1786 66.
643 1749 711 1786 67.

793 1916 1061 1923 —..--————

280 2061 897 2111 TUSCULANARUM
944 2057 1572 2119 DISPUTATIONUM

774 2162 894 2194 LIBRI
917 2162 1081 2204 TERTII,

542 2240 612 2275 QUI
628 2240 706 2268 EST
724 2239 778 2267 DE
795 2238 1000 2266 LEMENDA
1019 2237 1311 2273 AEGRITUDINE,

717 2310 1142 2350 CONSPECTL‘S.

258 2429 289 2466 I.
327 2428 568 2466 Pnoommm
583 2430 769 2463 versatur
784 2424 827 2461 in
844 2423 1028 2462 laudibus
1043 2420 1340 2474 philosophiae:
1372 2433 1472 2472 quae
1487 2434 1609 2471 quum
1624 2435 1707 2460 me-

147 2497 280 2536 dicina
309 2494 429 2534 animi
452 2494 521 2542 sit,
553 2506 674 2544 eaque
697 2493 739 2529 in
760 2498 953 2543 potestate
976 2497 1113 2528 nostra
1143 2489 1235 2539 sita,
1276 2489 1489 2527 dolendum
1510 2503 1590 2527 esse
1612 2489 1711 2527 dicit

146 2567 306 2614 Cicero,
345 2562 559 2600 medicinae
590 2560 771 2612 corporis
803 2559 973 2597 multum
1003 2565 1040 2596 et
1063 2557 1231 2595 honoris
1255 2556 1411 2606 haberi,
1453 2564 1492 2595 et
1518 2557 1708 2608 temporis

146 2633 296 2682 tribui,
325 2632 431 2669 illam
452 2636 580 2668 autem
602 2627 720 2666 animi
737 2627 968 2665 medicinam
994 2625 1193 2664 contemni
1223 2631 1261 2663 et
1284 2624 1441 2677 negligi.
1480 2639 1514 2663 c.
1539 2628 1576 2663 1.
1604 2623 1709 2676 5.1.

149 2700 312 2738 Caussae
329 2700 562 2737 morborum
581 2695 701 2734 animi
721 2695 896 2733 breviter
919 2695 1242 2732 dinumerantur:
1271 2706 1458 2744 perversa
1487 2691 1709 2730 iuventutis

150 2765 328 2803 educatio
353 2774 392 2805 et
414 2765 636 2814 institutio,
666 2764 781 2802 lectio
804 2769 1025 2814 poetarum,
1055 2761 1180 2813 gloria
1203 2766 1241 2797 et
1262 2761 1363 2797 fama
1383 2758 1605 2811 popularis,
1634 2772 1709 2809 pe-

152 2832 292 2869 cuniae
314 2835 521 2884 cupiditas,
551 2833 806 2885 voluptatum
826 2831 961 2869 libido.
992 2827 1033 2881 5.
1055 2833 1093 2867 2.
1116 2842 1149 2865 c-
1164 2832 1200 2866 2.
1223 2825 1264 2879 5.
1286 2831 1325 2866 5.
1347 2831 1387 2867 4.
1438 2826 1571 2864 Morbi
1588 2826 1710 2864 animi

153 2904 192 2938 et
213 2898 528 2952 perniciosiores,
558 2908 596 2941 et
612 2901 749 2954 plures
769 2905 884 2949 sunt,
915 2911 1032 2950 quam
1052 2895 1247 2948 corporis.
1302 2895 1465 2934 Elorum
1486 2894 1611 2947 igitur
1635 2906 1710 2932 cu-
