1827 3133
193 56 251 102 92
704 67 874 102 Lissssn
898 68 926 102 1.
950 65 1016 109 3ο,
1040 64 1097 102 74.
1120 65 1266 110 31‚75.

196 150 340 194 oratio.
412 157 482 195 74.
524 148 606 193 Sed
639 149 737 191 haec
767 156 808 189 ct
837 154 998 200 vetera,
1042 155 1083 190 et
1113 162 1136 190 a
1167 147 1351 192 Graecis.
1424 146 1528 192 Cato
1553 155 1684 192 autem
1717 147 1776 191 sic

194 225 291 268 abiit
318 240 339 268 e
366 226 473 277 vita,
508 233 550 266 ut
580 238 760 266 caussam
792 222 984 264 moriendi
1017 230 1172 264 nactum
1195 237 1239 265 se
1266 237 1356 266 esse
1386 224 1593 280 gauderet.
1652 221 1777 266 Vetat

194 301 297 343 enim
342 300 545 342 dominans
575 298 641 339 ille
672 298 710 339 in
743 297 856 339 nobis
887 297 982 338 deus
1013 298 1164 339 iniussu
1197 298 1285 339 hinc
1317 313 1389 341 nos
1420 313 1492 340 suo
1523 297 1772 354 demigrare3

193 391 309 432 quum
331 389 428 418 vero
454 388 633 415 caussam
666 372 807 414 iustam
833 372 929 414 deus
956 372 1039 428 ipsc
1066 372 1240 423 dederit,
1276 380 1318 413 ut
1339 379 1431 414 tunc
1451 371 1635 424 Socrati,
1668 386 1774 414 nunc

741 461 813 488 nae
835 447 900 488 ille
915 478 926 498 ,
970 446 1236 488 mediusfidius
1251 478 1263 498 ,
1305 446 1368 489 vir
1390 448 1547 503 sapiens
1571 448 1699 490 laetus
1722 461 1775 489 ex

1107 519 1197 562 Nec
1216 527 1344 562 tamen
1368 521 1431 562 illa
1450 521 1580 564 vincla
1597 520 1771 564 carceris

194 448 363 501 Catoni,
397 463 515 504 saepe
538 447 695 489 multis:

192 525 254 567 his
279 524 451 566 tenebris
474 523 513 564 in
539 523 663 564 lucem
683 521 785 562 illam
808 521 1045 562 excesserit.

189 599 365 655 ruperit,
397 599 525 653 (leges
548 598 650 640 enim
672 598 852 650 vetunt3)
891 596 958 637 sed
983 603 1163 650 tanquam
1187 610 1209 637 a
1235 595 1466 650 magistratu
1483 604 1550 638 aut
1570 596 1618 638 ab
1640 596 1773 652 aliqua

190 681 385 730 potestate
416 673 586 729 legitima
603 705 614 725 ‚
659 672 716 713 sic
743 686 764 713 a
785 672 858 712 deo
883 678 1072 712 evocatus
1098 677 1214 726 atque
1240 670 1409 712 emissus
1431 670 1592 713 exierit.
1659 670 1774 713 Tota

189 749 292 791 enim
318 748 675 804 philosophorum
697 748 787 788 cita
800 779 814 798 ‚
847 753 888 787 ut
911 745 966 786 ait
989 745 1090 786 idem
1105 777 1116 797 ,
1151 747 1454 788 commentatio
1477 747 1631 788 mortis
1652 749 1729 788 est.

301 821 470 865 XXXI.
514 829 583 864 75.
616 821 719 862 Nam
743 821 833 876 quid
856 820 959 861 aliud
980 819 1155 875 agimus,
1189 835 1305 875 quum
1328 834 1350 861 ιι
1370 820 1596 877 voluptate,
1628 820 1666 862 id
1691 826 1768 873 cst,

187 913 210 940 a
229 912 417 954 corpore,
452 912 567 951 quum
591 910 613 937 ιι
638 910 681 937 re
707 895 911 946 familiari,
945 908 1042 949 quae
1065 901 1125 934 est
1146 894 1325 935 ministra
1346 902 1385 936 et
1410 895 1552 936 famula
1573 895 1768 951 corporis,

184 978 305 1029 'quum
331 987 352 1014 ιι
379 986 422 1013 re
446 971 622 1028 publica,
664 984 779 1025 quum
805 983 826 1010 a
853 968 1012 1024 negotio
1035 969 1139 1009 omni
1162 983 1396 1011 sevocamus
1422 970 1620 1011 animum?
1659 968 1766 1024 quid,

185 1048 370 1103 inquam,
413 1054 491 1088 tum
514 1045 665 1100 affinius
681 1076 691 1095 ,
737 1043 812 1084 nisi
837 1043 1008 1084 animum
1035 1043 1083 1084 ad
1105 1057 1149 1084 se
1174 1043 1300 1100 ipsum
1324 1044 1590 1097 advocamus,
1633 1057 1770 1086 secum

991 1164 1062 1185 esse
1083 1154 1277 1186 decreverit?
1311 1163 1374 1196 pro
1396 1151 1525 1186 Milone
1547 1164 1576 1187 c.
1598 1152 1766 1192 XXXVI,

186 1157 356 1191 Phaedon.
372 1168 403 1200 p.
421 1155 476 1190 85.
492 1155 539 1186 D·
566 1157 622 1188 δεῖ
634 1172 676 1178 -
694 1151 751 1187 τὸν
773 1152 851 1195 γοῦν
876 1151 956 1196 βέλ-

990 1198 1052 1232 99:
1079 1199 1248 1242 praeclare
1270 1199 1358 1230 enim
1380 1201 1508 1240 vixero,
1531 1198 1559 1231 si
1583 1198 1663 1242 quid
1683 1196 1766 1230 mihi

183 1215 294 1238 ‘rwwv
328 1215 394 1236 ’ων
425 1199 642 1242 ανῗῖὓωῗῖίλων
675 1195 784 1241 λογων
810 1200 870 1246 Ad?
862 1210 956 1232 Ονῖα

184 1249 244 1284 καὶ
258 1252 316 1287 δυς
321 1245 579 1302 εξεὶεμτότατσ
566 1259 607 1283 ...ν
627 1242 810 1278 ἐπὶτουτου
831 1241 847 1277 ὀ
860 1256 881 1287 χ
893 1256 907 1277 0
920 1256 955 1277 υ-

186 1308 234 1339 μ
254 1307 336 1333 σιν,
363 1290 544 1334 ὥςπερ
529 1291 579 1325 ἐ··
556 1290 823 1345 τῑὶμσγεδίας
846 1302 878 1322 γ..
869 1292 954 1323 ιδυ-

183 1339 322 1375 veihata
356 1344 389 1374 δ’.
379 1338 557 1372 απλεῦσαι
588 1334 644 1370 τέ)
683 1336 714 1386 β’
709 1347 750 1369 ο)
811 1335 954 1366 Omnino

183 1386 326 1418 maxime
348 1385 389 1416 bl
384 1384 496 1416 andita
518 1389 568 1414 est
589 1381 754 1413 veteribus
776 1380 954 1423 scriptori-

181 1432 243 1464 bus
264 1433 347 1464 haec
367 1430 498 1472 imago,
520 1439 616 1472 qnam
641 1439 660 1458 v
663 1426 738 1458 auiis
761 1426 868 1457 modis
894 1438 954 1457 ex-

182 1484 386 1532 presserunt.
428 1475 510 1507 1²11t
530 1470 886 1527 desse1›.111.p.3¹›4.
909 1473 951 1503 D.

183 1521 252 1565 ’ὅπη
289 1518 328 1558 ἂν
360 1535 376 1557 0
411 1519 464 1563 λό’Ι
463 1532 508 1559 ος
543 1515 633 1557 ὡςτε
638 1531 653 1560 ρ
686 1528 744 1551 ’Ἣ
748 1517 818 1559 ὖμα
852 1529 895 1557 φε
882 1516 954 1561 ὀῃ,

180 1581 290 1613 ταυτῃ
312 1568 404 1602 ἰ··εόν.
443 1568 470 1597 G
477 1577 606 1598 raecum
623 1561 660 1598 λό
665 1575 722 1606 (ος
743 1571 775 1595 ct
788 1566 953 1614 rationem,

182 1622 216 1648 et
247 1617 418 1647 orationem
444 1612 493 1655 sig
484 1610 618 1643 nificat.
668 1609 782 1641 Oratio
816 1608 953 1641 rationis

181 1660 389 1694 notionem
380 1658 472 1702 qnasi
474 1638 677 1689 Dinvolntam
702 1655 814 1686 habet.

249 1705 303 1740 74.
337 1709 363 1738 εί
382 1715 402 1736 α
424 1702 565 1744 Graecis]
587 1703 637 1733 Pr
639 1709 792 1744 iepositio
814 1711 833 1732 a
853 1700 954 1743 signi-

180 1752 258 1785 ficat
281 1751 335 1792 id,
373 1749 463 1793 quod
489 1747 708 1825 prolicilscitur
729 1746 887 1789 (ducitur)
911 1746 952 1778 ab

180 1798 303 1842 aliquo.
365 1796 416 1828 Cl.
441 1795 482 1827 (le
506 1796 562 1825 Or.
616 1793 693 1831 .70‚
715 1793 800 1825 205:
838 1795 878 1824 ab
898 1794 953 1825 hoc

179 1856 261 1877 vero
289 1846 400 1875 (rosso
434 1840 513 1872 nihil
542 1838 692 1871 facetius.
739 1837 951 1876 Ibid.1.13›,

180 1890 242 1922 55;
269 1889 334 1921 Sed
358 1887 445 1925 vide
471 1898 512 1918 ne
535 1885 612 1926 hoc,
637 1883 817 1923 Scaevola,
843 1890 952 1915 totum

179 1934 224 1966 sit
256 1946 276 1966 a
305 1944 364 1966 me.
412 1933 503 1964 {nfra
528 1931 571 1963 ad
593 1930 693 1971 11.3,
718 1930 756 1965 ’ἵε
796 1929 852 1974 qui
875 1935 952 1961 sunt

180 1979 222 2013 ab
245 1992 281 2011 ea
305 1978 489 2021 disciplina.

251 2027 327 2057 Cato
349 2028 455 2055 aulem
473 2026 517 2055 sic
540 2024 616 2054 abiit
640 2032 655 2054 e
675 2023 757 2063 vita]
792 2021 839 2052 M.
864 2021 949 2053 Por-

182 2070 251 2104 cius
274 2070 355 2101 Cuto
381 2068 544 2101 Uticensis
560 2094 568 2105 ,
610 2067 802 2110 disciplinae
824 2066 950 2098 stoicae

180 2116 352 2153 addictus,
376 2114 410 2146 in
430 2114 520 2146 bello
544 2112 650 2150 civili,
677 2111 870 2155 Pompeium
894 2111 948 2143 in-

179 2169 232 2195 ter
253 2168 288 2195 et
310 2161 480 2192 Caesarem
501 2165 608 2202 gesto,
633 2158 849 2201 Pompeianas
868 2169 950 2200 par-—

178 2215 231 2241 tes
254 2213 404 2243 secutus,
430 2217 529 2249 quum
554 2204 673 2236 Caesar
693 2215 819 2235 summa
841 2214 950 2235 rerum

179 2252 307 2298 potitus
328 2258 425 2287 esset,
449 2250 576 2287 Uticae,
598 2249 732 2282 Africae
754 2249 845 2287 ur,be
868 2260 949 2301 per—

179 2299 269 2332 lecto
302 2305 399 2329 antea
429 2295 576 2328 Platonis
609 2295 651 2326 de
677 2294 858 2326 animorum
883 2294 947 2326 im-

178 2344 381 2378 mortalitate
400 2342 497 2379 libro,
523 2340 578 2385 qui
598 2342 726 2373 Phaedo
748 2340 947 2379 inscribitur,

179 2402 312 2424 manum
336 2388 397 2420 sibi
420 2387 541 2420 intulit
590 2386 716 2418 Multae
740 2385 826 2417 enim
851 2393 948 2418 vete-

179 2448 252 2470 rum
274 2433 568 2485 philosophorum,
593 2431 695 2464 veluti
716 2432 948 2475 Pythagoreo—

180 2494 273 2519 rum,
311 2479 575 2531 Platonicorum,
602 2477 788 2510 Stoicorum
812 2478 916 2510 schol
909 2489 947 2509 ‹te

179 2533 387 2564 statuerunt,
412 2524 473 2556 nisi
490 2524 575 2557 iusta
595 2535 707 2555 caussa
726 2523 859 2566 abipso
882 2523 946 2555 deo

179 2575 279 2615 data,
314 2571 501 2605 hominibus
530 2581 599 2602 non
620 2568 720 2601 licere
755 2579 773 2600 e
796 2568 864 2601 vita
884 2568 947 2601 de-

178 2620 332 2663 migrare.

248 2676 345 2706 quum
373 2674 445 2696 vero
466 2681 511 2688 --
533 2663 652 2694 dederit
678 2679 718 2685 —
741 2670 802 2693 nae
827 2663 880 2694 ille
903 2681 947 2686 —-

179 2712 356 2752 excesserit]
401 2708 530 2751 Duplex
565 2708 712 2739 futurum
746 2714 895 2740 exactum
929 2720 947 2740 a

179 2756 346 2789 veteiibus
367 2753 583 2798 scriptoribus
605 2753 750 2797 ponitur,
775 2765 875 2797 quum
896 2765 946 2785 res

179 2802 214 2834 in
242 2800 382 2845 apotlosi
413 2811 566 2843 expressa
596 2798 712 2831 eodem
746 2810 811 2842 quo
843 2799 946 2831 altera

180 2847 214 2878 in
228 2846 352 2889 protasi
364 2857 517 2890 expressa
528 2844 687 2889 temporis
701 2851 826 2887 puncto
843 2856 947 2877 even-

180 2897 251 2923 tum
282 2892 404 2924 habere
435 2891 565 2924 dicitur.
623 2890 716 2923 Infra
741 2891 781 2923 ΙΙ.
807 2889 850 2931 6,
886 2889 945 2924 16·

181 2947 280 2980 quam
301 2937 370 2980 quis
389 2936 604 2980 ignominiam
624 2947 691 2969 non
710 2938 886 2977 pertulerit,
911 2942 948 2967 ut

183 2981 321 3025 effugiat
345 2982 516 3024 dolorem,
540 2981 569 3015 si
589 2982 626 3015 id
646 2993 809 3016 summum
826 2981 949 3015 malum

989 1247 1139 1277 acciderit
1163 1244 1270 1287 prius,
1308 1255 1405 1288 quam
1437 1243 1502 1276 hoc
1526 1250 1655 1276 tantum
1687 1242 1766 1275 mali

989 1292 1107 1322 videro.
1153 1292 1193 1322 V.
1217 1301 1278 1322 nos
1296 1289 1330 1321 iu
1353 1289 1411 1322 Gr.
1425 1290 1454 1322 L
1471 1289 1502 1333 5.
1518 1288 1594 1324 107.
1612 1289 1693 1322 Not.
1709 1289 1763 1322 11.

989 1348 1020 1379 p.
1038 1336 1113 1369 158.
1134 1335 1186 1368 ed.
1201 1336 1234 1370 2.

1057 1392 1148 1423 saepe
1167 1379 1289 1425 multis]
1326 1382 1427 1421 Saepe
1447 1382 1538 1413 mulli
1560 1387 1629 1413 est:
1664 1379 1763 1413 multi

989 1426 1071 1459 alius
1096 1428 1162 1460 alio
1185 1435 1347 1470 tempore.
1371 1426 1414 1458 de
1435 1425 1541 1458 Amic.
1559 1427 1586 1469 1,
1608 1429 1648 1460 2:
1678 1426 1760 1459 Cum

988 1485 1088 1516 saepe
1123 1473 1245 1510 multa,
1282 1479 1353 1504 tum
1382 1471 1517 1504 memini
1541 1491 1584 1497 --
1616 1471 1649 1504 ἱη
1684 1483 1760 1505 eum

987 1530 1022 1550 s
1027 1530 1173 1551 rmonem
1208 1518 1299 1550 illum
1334 1517 1492 1550 incidere.
1549 1517 1606 1551 Sic
1642 1517 1763 1552 Graeci

988 1564 1101 1597 dicunt
1125 1562 1230 1599 πολλὰ
1251 1560 1421 1602 πολλάκις.

1055 1621 1114 1643 nae
1137 1611 1203 1655 ille]
1231 1609 1417 1641 observent
1435 1609 1584 1649 tirones,
1607 1608 1760 1654 particu-

986 1655 1051 1688 lam
1073 1655 1308 1689 affirmativam
1339 1665 1400 1688 uae
1428 1655 1470 1687 ab
1492 1667 1611 1688 aureae
1640 1655 1762 1688 aetatis

988 1702 1206 1752 scriptmibus
1227 1713 1300 1734 cum
1318 1701 1516 1745 pronomine
1532 1701 1622 1745 iungi
1637 1701 1758 1734 solere.

989 1749 1078 1780 Infra
1114 1760 1140 1781 c.
1163 1746 1225 1786 4²,
1261 1746 1324 1780 99.
1357 1757 1417 1779 nae
1448 1757 1514 1788 290.
1572 1749 1628 1780 111.
1650 1745 1691 1787 4,
1715 1747 1757 1781 8:

986 1796 1052 1826 Nae
1079 1796 1142 1826 ista
1166 1792 1312 1836 gloriosa
1339 1791 1504 1835 sapientia
1535 1803 1601 1826 non
1635 1803 1758 1836 magno

987 1839 1192 1871 aestimanda
1210 1845 1270 1871 est.
1305 1839 1345 1870 V.
1359 1840 1497 1870 Kiz'hner.
1511 1840 1549 1870 L.
1564 1839 1621 1872 Gr.
1636 1841 1665 1884 §.
1680 1839 1756 1880 133,

1042 1897 1074 1929 p.
1089 1886 1166 1920 327.
1191 1885 1244 1917 ed.
1258 1886 1289 1916 2.
1311 1903 1355 1908 —
1375 1885 1594 1925 mediusfidius
1613 1884 1634 1917 i.
1656 1896 1686 1918 e.
1707 1894 1758 1918 ‘mc

986 1932 1058 1964 dius
1092 1930 1126 1974 (i.
1152 1943 1179 1963 e.
1203 1926 1295 1970 Διός)
1331 1931 1428 1971 fidius
1460 1929 1494 1972 (i.
1517 1941 1546 1962 e.
1567 1932 1675 1972 filiu83
1711 1929 1757 1963 cf.

984 1978 1131 2009 «lacrima
1156 1989 1217 2020 pro
1241 1978 1375 2008 lacrima
1390 1975 1468 2015 etc.)
1493 1974 1594 2007 iuvet.

1051 2025 1107 2054 illa
1127 2025 1234 2055 vincla
1251 2021 1400 2064 carceris]
1425 2022 1483 2052 illa
1500 2020 1533 2056 h.
1554 2032 1583 2053 e.
1604 2032 1654 2062 ea,
1679 2020 1758 2066 qui-

985 2068 1045 2101 bus
1065 2066 1273 2100 adstiictus
1264 2078 1298 2098 m
1322 2077 1463 2109 corpore
1483 2072 1628 2099 tenetur.

1052 2118 1205 2155 tanquam
1229 2124 1249 2145 a
1273 2113 1461 2152 magistram
1481 2130 1546 2153 —,
1569 2114 1614 2145 sic
1636 2122 1656 2145 a
1681 2112 1754 2158 deo]

986 2160 1076 2192 qura
1092 2161 1131 2192 V.
1150 2161 1191 2199 5,
1220 2159 1277 2192 13:
1313 2162 1466 2210 tanquam
1485 2157 1570 2190 levia
1591 2157 1755 2202 quaedam

985 2206 1061 2238 vina
1083 2205 1163 2237 nihil
1187 2204 1300 2236 valent
1322 2203 1356 2235 in
1380 2214 1483 2247 aqua,
1500 2206 1545 2236 sic
1564 2203 1755 2237 Stoicorum

983 2250 1046 2283 ista
1077 2250 1180 2294 magis
1205 2255 1357 2293 gustata,
1393 2260 1492 2293 quam
1515 2255 1632 2293 potata
1658 2249 1754 2282 dele-

985 2303 1086 2329 ctant.
1144 2295 1215 2327 Sic:
1253 2296 1345 2336 quasi
1366 2312 1412 2319 ·-—-
1433 2297 1500 2335 sic,
1534 2301 1570 2327 ut
1600 2294 1689 2328 infra
1709 2296 1753 2329 V·

983 2342 1015 2382 3,
1040 2343 1072 2376 9.
1093 2341 1135 2373 de
1159 2343 1236 2373 Sen.
1255 2341 1305 2378 19,
1332 2339 1385 2373 71.
1431 2340 1472 2373 V.
1494 2350 1555 2372 nos
1578 2339 1613 2372 iu
1635 2340 1694 2373 Gr.
1710 2341 1752 2374 L.

984 2389 1013 2432 §-
1031 2387 1114 2425 156,
1147 2385 1174 2420 1.
1197 2398 1230 2430 p.
1242 2382 1308 2418 427
1322 2396 1371 2428 sq.
1393 2384 1446 2417 ed.
1461 2385 1492 2418 2.

1051 2436 1127 2466 Tota
1149 2435 1231 2464 enim
1248 2432 1502 2471 philosophorum
1525 2433 1610 2472 vita,
1645 2435 1680 2465 ut
1707 2435 1754 2466 αἱι

982 2481 1086 2519 idem,
1111 2479 1327 2510 commentatio
1346 2478 1457 2509 mortis
1477 2477 1535 2521 est]
1561 2477 1753 2512 Sententiae

981 2524 1030 2557 sic
1053 2524 1250 2557 cohaerent:
1286 2521 1336 2554 vir
1353 2522 1505 2566 sapienS,
1537 2535 1557 2556 a
1579 2522 1644 2556 deo
1666 2535 1752 2557 evo-

984 2577 1096 2609 catus,
1133 2581 1173 2601 ex
1203 2568 1253 2600 his
1279 2567 1427 2600 tenebris
1457 2567 1492 2600 iu
1520 2568 1630 2601 lucem
1659 2569 1751 2602 illam

983 2615 1122 2648 excedet
1144 2615 1255 2647 animo
1278 2613 1480 2652 laetissimo·
1504 2626 1580 2647 nam
1606 2626 1668 2658 per
1690 2622 1751 2648 to-

981 2668 1050 2693 tam
1074 2661 1177 2692 xit-am
1197 2660 1232 2692 id
1253 2659 1339 2702 egit,
1366 2666 1402 2691 ut
1421 2667 1609 2692 secerneret
1626 2672 1646 2692 a
1669 2672 1749 2693 cor-

981 2718 1064 2750 pore
1082 2706 1238 2746 animum,
1261 2705 1294 2737 h.
1312 2715 1340 2735 e.
1361 2704 1446 2737 mori
1466 2704 1620 2738 disceret.
1658 2708 1749 2739 Gom-

981 2754 1129 2784 mentatio
1144 2749 1278 2794 propiie
1294 2749 1414 2781 dicitur
1430 2749 1472 2781 de
1489 2757 1660 2783 oratorum
1674 2763 1748 2784 me-

982 2796 1155 2829 ditatione.
1203 2798 1289 2828 Tum
1322 2805 1402 2827 vero
1435 2795 1478 2827 ad
1498 2795 1636 2829 aliarum
1660 2809 1750 2840 quo-
1802 2803 1808 2813 ¹

981 2854 1045 2886 que
1064 2853 1171 2874 rerum
1191 2839 1428 2884 cogitationem
1448 2853 1478 2873 v.
1499 2841 1751 2876 meditationem

982 2895 1060 2921 ante
1079 2887 1350 2920 exercitationem
1364 2887 1575 2921 transfertur.
1608 2888 1750 2932 Elegan-

980 2942 1034 2967 ter
1055 2936 1210 2967 Kernius:
1233 2933 1542 2975 Todesbetrachtuny.
1587 2933 1642 2967 Sic
1662 2933 1752 2967 infra

983 2982 1025 3014 11.
1043 2980 1096 3021 le,
1119 2978 1181 3014 42:
1207 2979 1250 3013 de
1267 2977 1526 3020 exercitatione,
1550 2985 1586 3013 et
1605 2990 1747 3014 consue-
