1827 3117
143 87 201 130 82

149 190 248 233 quae
272 188 391 232 porro
414 180 491 215 tam
517 170 709 213 immensa
732 167 984 224 magnitudo,
1018 180 1116 223 quae
1139 166 1206 208 illa
1230 172 1309 207 tam
1334 165 1455 208 multa
1475 165 1602 222 possit
1625 167 1734 208 effin-

150 251 276 307 gere?
308 247 442 304 Quid?
472 246 536 288 illa
558 245 619 286 vis
644 257 744 299 qnae
766 242 923 284 tandem
947 248 1032 293 est,
1066 255 1167 296 quae
1189 240 1403 296 investigat
1423 240 1599 292 occulta,
1632 254 1735 296 quae

153 324 330 367 inventio
364 330 479 377 atque
513 317 753 373 excogitatio
789 316 957 358 dicitur?
997 330 1052 357 ex
1073 315 1197 356 hacne
1224 314 1292 355 tihi
1319 322 1477 356 terrena
1502 314 1736 370 mortalique

155 406 296 440 natura
319 404 357 438 et
381 396 527 437 caduca
550 399 736 434 concreta
760 405 807 433 ea
823 391 1007 432 videtur?
1037 397 1107 432 62.
1133 396 1201 430 aut
1224 388 1288 444 qui
1311 388 1473 444 primus,
1506 389 1608 444 quod
1631 402 1738 430 sum-

742 88 913 122 annn
938 88 965 121 1.
989 83 1137 129 25‚62.

157 486 244 514 mae
267 469 481 526 sapientiae
509 466 760 524 Pythagorae
784 465 913 506 visum
938 472 1020 515 est,
1064 463 1244 505 omnibus
1267 462 1385 504 rebus
1407 462 1592 518 imposuit
1612 462 1739 504 nomi-

158 546 237 587 na?
280 550 347 586 aut
381 543 444 598 qui
483 542 691 598 dissipatos
721 539 900 581 homines
929 538 1188 593 congregavit
1221 544 1260 579 et
1291 536 1338 577 ad
1371 536 1602 578 societatem
1633 537 1739 578 vitae

158 617 422 661 convocavit?
452 623 519 658 aut
539 616 602 671 qui
627 629 746 656 sonos
769 613 896 665 vocis,
932 613 994 668 qui
1020 612 1159 653 infiniti
1184 611 1443 663 videbantur,
1477 611 1610 666 paucis
1635 610 1741 652 litte-

159 707 293 735 rarum
329 691 432 733 notis
463 689 715 732 terminavit?
754 695 820 729 aut
853 688 916 742 qui
945 686 1159 728 errantium
1189 685 1391 726 stellarum
1422 699 1584 737 cursus,
1629 698 1744 740 prae-

158 767 416 824 gressiones,
459 764 682 806 institiones
717 763 897 804 notavit?
957 759 1108 803 Omnes
1142 759 1299 815 magni,
1345 759 1462 800 etiam
1497 758 1741 814 superiores,

160 842 225 898 qui
249 842 383 896 fruges
399 871 410 892 ,
444 839 509 894 qui
533 838 716 879 vestitum
732 868 743 888 ,
778 836 842 891 qui
866 842 966 876 tecta
982 866 993 886 ,
1027 834 1091 890 qui
1118 835 1263 875 cultum
1291 833 1397 875 vitae
1413 865 1423 884 ,
1458 833 1523 888 qni
1547 833 1745 888 praesidia

161 922 300 957 contra
317 916 422 956 feras
445 914 706 954 invenerunt:
742 925 764 951 a
784 910 922 965 quibus
944 909 1199 950 mansuefacti
1223 915 1263 949 et
1286 907 1434 948 exculti
1460 922 1481 948 a
1504 907 1744 949 necessariis

163 980 339 1032 artificiis
358 989 406 1029 ad
429 986 670 1041 elegantiora
691 983 941 1025 defluximus.
1003 981 1106 1023 Nam
1130 989 1171 1023 et
1188 982 1348 1024 auribus
1371 981 1581 1022 oblectatio
1603 994 1746 1035 magua

164 1071 274 1120 parta
299 1069 382 1114 est,
413 1061 573 1102 inventa
595 1066 634 1100 et
656 1064 870 1114 temperata
893 1057 1086 1098 varietate
1111 1064 1150 1097 et
1174 1064 1312 1098 natura
1334 1070 1546 1107 sonorum3
1580 1062 1621 1096 et
1640 1061 1747 1096 astra

164 1137 441 1193 suspeximus,
485 1149 600 1191 quum
629 1147 700 1186 ea,
746 1145 845 1188 quae
877 1138 967 1173 sunt
992 1131 1113 1172 infixa
1136 1131 1255 1172 certis
1283 1129 1407 1182 locis,
1452 1136 1532 1171 tum
1567 1129 1633 1171 illa
1668 1143 1749 1170 non

235 1257 439 1298 magnitudo,
476 1264 556 1296 quae
579 1272 624 1278 —
648 1255 745 1294 possit
776 1251 937 1292 effingere]

168 1303 331 1336 Manioi-ia
355 1307 567 1343 comparatur
598 1310 671 1331 cum
695 1296 808 1329 tabula
832 1308 937 1335 cerea,

170 1349 221 1381 cui
234 1361 286 1380 res
300 1346 541 1390 imprimuntur.
579 1344 688 1376 Multo
709 1342 849 1374 vividius
866 1341 939 1384 ipsa

169 1394 283 1427 tabula
302 1404 354 1425 res
374 1392 403 1423 ei
420 1391 595 1434 impressas
615 1389 775 1431 effingere
797 1394 830 1418 et
848 1386 939 1430 quasi

172 1452 211 1472 ex
232 1450 304 1471 sese
327 1437 446 1469 efferre
469 1435 607 1469 dicitur.
634 1446 731 1478 quam
754 1444 806 1465 res
827 1432 860 1464 in
884 1440 938 1465 ta-

171 1485 249 1518 bula
279 1482 404 1525 effingi.
454 1481 508 1513 Sic
537 1479 746 1523 accipiendus
776 1479 866 1510 locus
900 1477 942 1510 de

173 1529 283 1563 Divin.
300 1530 342 1560 11.
365 1529 429 1566 45,
453 1525 514 1560 94:
543 1526 622 1566 Quis
645 1525 732 1557 enim
752 1535 818 1556 non
840 1523 942 1561 videt,

174 1582 209 1608 et
232 1575 357 1606 formas
370 1600 378 1612 ,
404 1580 438 1605 et
458 1584 567 1605 mores
588 1579 621 1603 et
642 1571 818 1615 plerosque
838 1575 943 1601 status

174 1632 214 1653 ac
233 1627 343 1652 motus
363 1619 523 1661 effingere
544 1630 563 1650 a
582 1616 773 1660 parentibus
794 1613 943 1646 liberos?

178 1666 237 1698 Cui
258 1664 344 1697 adde
364 1664 471 1697 ibid.I
500 1664 551 1702 13,
571 1664 632 1695 2²3:
659 1666 800 1704 Aspersa
819 1667 946 1692 temere

175 1711 347 1756 pigmenta
379 1710 411 1742 in
435 1709 549 1741 tabula
579 1708 645 1740 oris
666 1708 869 1739 lineamenta
891 1705 945 1738 ef-

176 1758 301 1800 fingere
322 1762 472 1799 possunt.

245 1829 325 1861 quae
353 1819 519 1858 investigat
550 1835 612 1856 --,
647 1824 727 1855 quae
749 1834 795 1838 —
817 1812 946 1857 dicitur]

179 1866 223 1898 H.
248 1877 277 1897 e.
300 1864 355 1896 illa
379 1863 509 1895 occulta
531 1860 734 1903 investigans
759 1859 827 1898 vis,
865 1870 948 1902 quae

178 1910 329 1943 inventio
351 1917 449 1952 atque
471 1919 541 1939 exc.
563 1906 694 1938 dicitur.
753 1906 803 1937 De
825 1903 950 1947 duplici

180 1955 378 2000 pronomine
402 1953 541 1986 relativo
556 1978 563 1989 ,
590 1951 631 1983 ad
655 1951 743 1982 idem
766 1949 950 1982 substanti-

181 2012 259 2033 vum
278 2000 404 2037 relato,
439 1999 482 2030 cf.
506 1998 594 2029 infra
619 1998 657 2028 H.
680 1997 720 2035 3,
748 1994 787 2028 7:
824 2007 949 2034 eorum,

182 2048 237 2088 qui
253 2057 288 2077 se
310 2044 528 2088 philosophos
545 2041 705 2085 appellari
723 2041 851 2077 volunt,
875 2052 952 2081 quo-

182 2102 254 2125 rum
271 2090 424 2121 dicuntur
442 2099 513 2120 esse
529 2087 640 2118 Latini
657 2098 736 2118 sane
751 2086 846 2117 multi
864 2085 951 2124 libn',

182 2147 260 2178 quos
289 2147 357 2167 nou
390 2141 579 2166 contemno.
628 2131 689 2170 13,
714 2131 774 2164 30:
813 2131 953 2163 excellet

182 2181 286 2221 illud,
310 2182 392 2221 quod
411 2185 502 2211 recte
522 2177 752 2220 amplexantur
771 2175 847 2214 isti,
871 2178 955 2216 quod

182 2227 362 2260 honestum
373 2244 418 2249 —-
431 2223 645 2267 appellamus,
679 2221 870 2254 Accuratius
884 2233 953 2253 rem

186 2271 321 2316 exposui
333 2271 368 2303 in
383 2270 439 2302 Gr.
450 2270 489 2301 L.
504 2269 533 2312 §-
548 2267 620 2307 145,
639 2265 690 2300 14.
703 2279 734 2311 p.
745 2265 953 2300 394—396.

187 2318 240 2351 ed.
255 2321 288 2351 2.

252 2373 308 2407 62.
334 2376 390 2404 aut
409 2373 462 2412 qui
480 2369 617 2413 primus]
643 2371 726 2408 Aut,
753 2367 808 2412 qui
829 2367 953 2411 primus

186 2419 338 2454 omnibus
358 2417 454 2450 rebus
475 2415 608 2448 nomina
630 2414 805 2456 imposuit,
843 2413 954 2445 eiusne

185 2466 248 2499 tibi
269 2464 394 2498 animus
425 2474 466 2494 ex
493 2461 556 2493 hac
575 2467 709 2492 terrena
732 2465 850 2491 natura
870 2470 953 2491 con-

187 2518 296 2545 cretus
318 2507 476 2543 videtur?

253 2574 337 2615 quod
375 2579 516 2604 summae
550 2569 724 2608 sapientiae
757 2567 956 2607 Pytha9orae

187 2622 290 2654 visum
312 2620 369 2660 est]
406 2618 448 2649 H.
473 2627 501 2648 e.
533 2614 569 2646 id
590 2611 680 2656 quod
705 2623 866 2643 summam
898 2623 956 2642 sa-

188 2665 349 2710 pientiam
365 2662 533 2695 declarare
549 2658 758 2702 Pythagorae
774 2656 879 2688 visum
896 2663 955 2688 est„

188 2710 367 2744 Audiamus
388 2707 532 2740 Gellium
548 2705 592 2737 N.
607 2706 646 2735 A.
661 2703 706 2735 X.
723 2700 761 2734 4:
786 2701 956 2742 „Nomina

187 2756 366 2789 verborum
385 2765 454 2786 non
472 2750 582 2796 positu
604 2747 765 2787 fortuito,
790 2746 850 2778 sed
871 2758 953 2790 qua-

189 2802 267 2833 dam
287 2801 320 2833 vi
339 2799 469 2832 ratione
486 2804 623 2830 naturae
643 2794 731 2826 facta
751 2802 821 2824 esse
839 2793 875 2824 P.
891 2792 956 2823 Ni-

189 2846 296 2889 gidius
319 2865 363 2870 —-
387 2845 506 2882 docet,
542 2853 613 2874 rem
635 2851 713 2872 sane
743 2837 778 2870 in
800 2837 955 2881 philoso—

189 2891 287 2933 phiae
310 2888 593 2934 disquisitionibus
624 2884 808 2922 celebrem,
842 2882 955 2926 quaeri

190 2935 278 2967 enim
306 2936 441 2968 solitum
469 2933 558 2977 apud
576 2929 819 2977 philosoph05‚
851 2925 955 2972 φύσει

190 2978 233 3015 τὰ
250 2977 401 3023 ὀνόματα
417 2980 484 3013 sint
503 2991 546 3013 an
565 2977 697 3014 5έσει.“
740 2977 790 3008 Ac
807 2973 955 3019 priorem

972 1250 1106 1295 quidem
1128 1249 1328 1282 sententiam
1351 1249 1447 1282 Plato
1468 1248 1502 1280 in
1525 1248 1660 1292 Cratylo
1682 1247 1750 1280 mi-

972 1297 1064 1329 rifice
1085 1296 1290 1339 amplexatus
1313 1302 1383 1336 est,
1407 1295 1555 1338 itemque
1577 1293 1694 1326 Stoici.

1038 1356 1288 1393 praeqressiones
1296 1376 1305 1393 ,
1347 1353 1519 1384 institiones
1530 1352 1542 1393 ]

974 1410 1042 1430 non
1063 1398 1169 1429 solum
1191 1399 1359 1439 progredi,
1383 1396 1443 1428 sed
1464 1395 1630 1427 interdum
1650 1395 1751 1428 etiam

975 1447 1113 1476 insistere
1150 1443 1194 1486 (h.
1217 1455 1244 1475 e.
1269 1449 1376 1479 stare3
1415 1442 1459 1474 es.
1486 1442 1527 1474 N.
1549 1443 1588 1473 D.
1612 1442 1660 1478 H,
1686 1442 1744 1474 20.

977 1496 1010 1521 et
1033 1489 1103 1523 4ολ
1127 1488 1302 1520 videntur:
1328 1487 1417 1519 unde
1439 1489 1587 1519 stationes
1605 1488 1752 1527 planeta-

977 1546 1047 1568 rum
1070 1534 1243 1573 dicuntur,
1268 1541 1302 1566 et
1321 1533 1385 1577 ipsi
1404 1535 1550 1574 planetae
1571 1534 1754 1565 stationales

979 1593 1032 1624 ap.
1056 1580 1139 1612 Plin.
1162 1581 1203 1612 II.
1222 1580 1273 1612 15.
1301 1580 1352 1613 16.

1048 1635 1236 1679 superiores]
1276 1636 1317 1668 H.
1344 1646 1373 1667 e.
1396 1634 1451 1679 qui
1474 1632 1639 1679 prioribus
1662 1638 1754 1666 tem·-

980 1682 1117 1727 poribus
1140 1682 1304 1714 vixerunt.

1051 1729 1095 1759 ad
1127 1729 1317 1767 elegantiora
1351 1724 1557 1770 defluximus]
1604 1724 1755 1756 venuste

982 1773 1109 1806 dictum
1132 1783 1193 1815 pro
1210 1770 1356 1814 vulgari:
1381 1771 1424 1803 ad
1442 1771 1546 1813 magis
1567 1770 1667 1810 lecta,
1692 1780 1754 1801 ex-

983 1818 1154 1863 quisitiora
1174 1817 1333 1854 artificia,
1367 1823 1403 1848 ut
1423 1816 1567 1856 musica,
1601 1814 1754 1858 philoso-

984 1864 1107 1908 phiam,
1131 1862 1377 1900 mathematica,
1404 1861 1526 1893 sensim
1547 1859 1675 1904 delapsi
1695 1871 1756 1892 su-

984 1922 1065 1942 mus.
1112 1909 1223 1942 Verbo
1246 1909 1403 1950 defluendi
1429 1907 1601 1944 similiter,
1636 1905 1754 1938 sedin

984 1956 1105 1987 malam
1124 1961 1252 1998 partem
1265 1978 1274 1992 ,
1298 1953 1402 1985 utitur
1421 1952 1581 1992 Quinctil.
1601 1953 1683 1983 Inst.
1700 1952 1756 1983 Or.

985 2003 1011 2033 Ι.
1028 2004 1069 2037 ὅ,
1099 1999 1137 2034 9:
1176 2000 1210 2032 in
1234 1998 1344 2031 omnia
1368 1997 1562 2030 deliciarum
1594 1996 1680 2029 vitia.
1700 1995 1756 2028 di-

988 2045 1083 2080 cendi
1106 2056 1236 2089 quoque
1259 2044 1387 2077 ratione
1411 2045 1612 2085 defluximus.
1657 2042 1703 2073 X.
1725 2041 1755 2079 1,

988 2092 1070 2125 126:
1095 2098 1225 2123 tantum
1245 2090 1286 2122 ab
1307 2089 1366 2122 illo
1388 2090 1576 2131 defluebant,
1599 2094 1758 2132 quantum

986 2138 1042 2169 ille
1063 2137 1104 2169 ab
1125 2136 1268 2180 antiquis
1290 2134 1519 2167 descenderat.

1056 2196 1208 2225 varietate
1236 2197 1264 2225 et
1291 2196 1409 2224 natura
1425 2189 1588 2235 sonorum]
1621 2189 1664 2223 V.
1683 2187 1759 2222 Ad·-

987 2244 1103 2271 notata
1125 2238 1157 2269 in
1180 2239 1221 2270 11.
1241 2235 1282 2275 4,
1310 2237 1361 2270 12.

1055 2294 1117 2316 non
1136 2293 1191 2323 re,
1214 2284 1268 2315 sed
1289 2283 1441 2314 vocabulo
1463 2280 1618 2324 errantia]
1644 2279 1760 2312 Voca-

986 2329 1107 2361 bantur
1137 2327 1214 2359 illae
1244 2327 1382 2366 stellae,
1421 2337 1504 2369 quae
1537 2325 1624 2358 circa
1655 2325 1759 2356 solem

987 2374 1085 2407 simul
1105 2385 1178 2405 cum
1197 2379 1288 2404 terra
1308 2378 1504 2410 moventur,
1530 2370 1572 2403 ab
1592 2369 1758 2414 antiquis-

988 2419 1077 2451 simis
1101 2419 1267 2462 πλανῆται
1286 2417 1320 2449 h.
1343 2429 1372 2448 e.
1394 2422 1560 2455 errantes,
1585 2415 1662 2459 quia
1682 2426 1761 2447 mo—

988 2472 1042 2497 tus
1073 2476 1187 2497 eorum
1220 2462 1316 2495 nullis
1340 2462 1468 2505 legibus
1492 2461 1653 2494 obnoxius
1686 2471 1760 2493 esse

988 2510 1168 2542 videretur.
1226 2507 1391 2540 Platonici
1426 2513 1544 2540 contra
1578 2506 1761 2545 docebant,

989 2555 1102 2587 stellas
1136 2553 1292 2586 erraticas
1324 2565 1394 2585 non
1426 2564 1512 2596 vago
1545 2559 1660 2591 motu,
1700 2552 1762 2585 sed

991 2601 1090 2632 certis
1106 2600 1231 2643 legibus
1248 2598 1377 2642 agitari.
1425 2598 1514 2630 Hinc
1529 2597 1646 2629 Cicero
1661 2597 1705 2630 N.
1719 2598 1761 2629 D.

991 2647 1032 2677 ΙΙ.
1049 2645 1112 2685 20,
1138 2645 1201 2678 51:
1228 2643 1396 2685 „Maxime
1418 2655 1498 2675 vero
1518 2649 1595 2674 sunt
1613 2641 1759 2675 admira-

989 2690 1073 2722 biles
1107 2697 1215 2721 motus
1252 2700 1363 2720 earum
1399 2688 1543 2731 quinque
1578 2686 1760 2727 stellarum,

991 2747 1074 2778 quae
1096 2735 1182 2767 falso
1204 2740 1367 2766 vocantur
1389 2737 1546 2773 errantes;
1569 2732 1652 2764 nihil
1674 2733 1763 2764 enim

990 2787 1097 2819 errat,
1123 2779 1214 2823 quod
1234 2779 1269 2810 in
1291 2777 1381 2810 omni
1403 2778 1603 2810 aeternitate
1624 2789 1763 2810 conser-

989 2832 1046 2858 vat
1069 2835 1263 2868 progressus
1290 2822 1500 2868 reliquosque
1530 2829 1640 2855 motus
1676 2834 1761 2856 con—

988 2877 1115 2903 stantes
1146 2876 1180 2902 et
1201 2873 1326 2901 ratos.“
1372 2868 1522 2901 Eandem
1545 2867 1651 2901 nostri
1673 2879 1763 2912 quo?-

988 2928 1052 2961 que
1074 2915 1260 2949 astronomi
1278 2921 1461 2959 sequuntur
1484 2913 1697 2947 seutentiam.

1055 2976 1109 3015 qui
1131 2972 1304 3016 [animus]]
1329 2970 1537 3007 Vocabulum
1557 2973 1686 3005 animus
1705 2969 1762 3002 in-

1593 1350 1752 1382 planetae
