<?xml version="1.0" encoding="UTF-8"?>
<!DOCTYPE html PUBLIC "-//W3C//DTD XHTML 1.0 Transitional//EN"
    "http://www.w3.org/TR/xhtml1/DTD/xhtml1-transitional.dtd">
<html xmlns="http://www.w3.org/1999/xhtml" xml:lang="en" lang="en">
 <head>
  <title>
</title>
<meta http-equiv="Content-Type" content="text/html;charset=utf-8" />
  <meta name='ocr-system' content='tesseract 3.04.00' />
  <meta name='ocr-capabilities' content='ocr_page ocr_carea ocr_par ocr_line ocrx_word'/>
</head>
<body>
  <div class='ocr_page' id='page_1' title='image "./tusculanarumdi00ciceuoft_0216.png"; bbox 0 0 1843 3101; ppageno 0'>
   <div class='ocr_carea' id='block_1_1' title="bbox 175 63 260 106">
    <p class='ocr_par' dir='ltr' id='par_1_1' title="bbox 175 63 260 106">
     <span class='ocr_line' id='line_1_1' title="bbox 175 63 260 106; baseline 0 0"><span class='ocrx_word' id='word_1_1' title='bbox 175 63 260 106; x_wconf 73' lang='lat'><strong>206</strong></span> 
     </span>
    </p>
   </div>
   <div class='ocr_carea' id='block_1_2' title="bbox 174 150 1749 283">
    <p class='ocr_par' dir='ltr' id='par_1_2' title="bbox 174 150 1749 283">
     <span class='ocr_line' id='line_1_2' title="bbox 174 150 1749 207; baseline -0.001 -11"><span class='ocrx_word' id='word_1_2' title='bbox 174 154 354 195; x_wconf 80' lang='lat' dir='ltr'><strong>accidere</strong></span> <span class='ocrx_word' id='word_1_3' title='bbox 386 153 460 204; x_wconf 88' lang='lat' dir='ltr'><strong>iis,</strong></span> <span class='ocrx_word' id='word_1_4' title='bbox 507 152 571 207; x_wconf 87' lang='lat' dir='ltr'><strong>qui</strong></span> <span class='ocrx_word' id='word_1_5' title='bbox 594 159 685 192; x_wconf 83' lang='lat' dir='ltr'><strong>ante</strong></span> <span class='ocrx_word' id='word_1_6' title='bbox 711 151 972 203; x_wconf 77' lang='lat' dir='ltr'>meditantur,</span> <span class='ocrx_word' id='word_1_7' title='bbox 1019 151 1122 205; x_wconf 92' lang='lat' dir='ltr'><strong>quod</strong></span> <span class='ocrx_word' id='word_1_8' title='bbox 1158 150 1232 203; x_wconf 85' lang='lat' dir='ltr'><strong>iis,</strong></span> <span class='ocrx_word' id='word_1_9' title='bbox 1279 150 1419 205; x_wconf 90' lang='lat' dir='ltr'><strong>quibus</strong></span> <span class='ocrx_word' id='word_1_10' title='bbox 1445 152 1625 194; x_wconf 84' lang='lat' dir='ltr'><strong>medetur</strong></span> <span class='ocrx_word' id='word_1_11' title='bbox 1649 153 1749 206; x_wconf 82' lang='lat' dir='ltr'><strong>dies;</strong></span> 
     </span>
     <span class='ocr_line' id='line_1_3' title="bbox 174 225 1749 283; baseline -0.001 -14"><span class='ocrx_word' id='word_1_12' title='bbox 174 228 250 270; x_wconf 91' lang='lat' dir='ltr'><strong>nisi</strong></span> <span class='ocrx_word' id='word_1_13' title='bbox 274 228 375 283; x_wconf 89' lang='lat' dir='ltr'><strong>quod</strong></span> <span class='ocrx_word' id='word_1_14' title='bbox 399 227 500 268; x_wconf 87' lang='lat' dir='ltr'><strong>ratio</strong></span> <span class='ocrx_word' id='word_1_15' title='bbox 524 226 713 280; x_wconf 77' lang='lat' dir='ltr'>quaedam</span> <span class='ocrx_word' id='word_1_16' title='bbox 748 232 858 266; x_wconf 82' lang='lat' dir='ltr'><strong>sanat</strong></span> <span class='ocrx_word' id='word_1_17' title='bbox 882 225 971 266; x_wconf 92' lang='lat' dir='ltr'><strong>illos</strong></span> <span class='ocrx_word' id='word_1_18' title='bbox 987 257 997 277; x_wconf 85' lang='lat'>‚</span> <span class='ocrx_word' id='word_1_19' title='bbox 1043 225 1113 267; x_wconf 88' lang='lat' dir='ltr'><strong>hos</strong></span> <span class='ocrx_word' id='word_1_20' title='bbox 1138 225 1223 280; x_wconf 86' lang='lat' dir='ltr'><strong>ipsa</strong></span> <span class='ocrx_word' id='word_1_21' title='bbox 1249 232 1411 276; x_wconf 84' lang='lat' dir='ltr'><strong>natura,</strong></span> <span class='ocrx_word' id='word_1_22' title='bbox 1459 225 1658 280; x_wconf 82' lang='lat' dir='ltr'><strong>intellecto</strong></span> <span class='ocrx_word' id='word_1_23' title='bbox 1684 240 1749 278; x_wconf 90' lang='lat' dir='ltr'><strong>eo,</strong></span> 
     </span>
    </p>
   </div>
   <div class='ocr_carea' id='block_1_3' title="bbox 671 68 1257 111">
    <p class='ocr_par' dir='ltr' id='par_1_3' title="bbox 671 68 1257 111">
     <span class='ocr_line' id='line_1_4' title="bbox 671 68 1257 111; baseline -0.002 -7"><span class='ocrx_word' id='word_1_24' title='bbox 671 71 839 104; x_wconf 69' lang='lat' dir='ltr'><strong>Lmen</strong></span> <span class='ocrx_word' id='word_1_25' title='bbox 864 72 922 104; x_wconf 87' lang='lat'><strong>111.</strong></span> <span class='ocrx_word' id='word_1_26' title='bbox 947 69 1009 111; x_wconf 72' lang='lat'><strong>24,</strong></span> <span class='ocrx_word' id='word_1_27' title='bbox 1035 68 1090 104; x_wconf 82' lang='lat'><strong>59.</strong></span> <span class='ocrx_word' id='word_1_28' title='bbox 1112 69 1179 111; x_wconf 81' lang='lat'><strong>25,</strong></span> <span class='ocrx_word' id='word_1_29' title='bbox 1203 68 1257 104; x_wconf 85' lang='lat'><strong>60.</strong></span> 
     </span>
    </p>
   </div>
   <div class='ocr_carea' id='block_1_4' title="bbox 166 299 1752 1541">
    <p class='ocr_par' dir='ltr' id='par_1_4' title="bbox 166 299 1752 1541">
     <span class='ocr_line' id='line_1_5' title="bbox 174 299 1749 357; baseline -0.001 -14"><span class='ocrx_word' id='word_1_30' title='bbox 174 303 276 357; x_wconf 91' lang='lat' dir='ltr'><strong>quod</strong></span> <span class='ocrx_word' id='word_1_31' title='bbox 315 315 398 342; x_wconf 87' lang='lat' dir='ltr'><strong>rem</strong></span> <span class='ocrx_word' id='word_1_32' title='bbox 445 300 644 350; x_wconf 82' lang='lat' dir='ltr'><strong>continet,</strong></span> <span class='ocrx_word' id='word_1_33' title='bbox 703 299 870 351; x_wconf 85' lang='lat' dir='ltr'><strong>malum,</strong></span> <span class='ocrx_word' id='word_1_34' title='bbox 925 299 1026 354; x_wconf 88' lang='lat' dir='ltr'><strong>quod</strong></span> <span class='ocrx_word' id='word_1_35' title='bbox 1057 299 1254 354; x_wconf 80' lang='lat' dir='ltr'><strong>opinatum</strong></span> <span class='ocrx_word' id='word_1_36' title='bbox 1296 299 1347 339; x_wconf 91' lang='lat' dir='ltr'><strong>sit</strong></span> <span class='ocrx_word' id='word_1_37' title='bbox 1388 313 1479 340; x_wconf 88' lang='lat' dir='ltr'><strong>esse</strong></span> <span class='ocrx_word' id='word_1_38' title='bbox 1518 301 1749 353; x_wconf 83' lang='lat' dir='ltr'><strong>maximum,</strong></span> 
     </span>
     <span class='ocr_line' id='line_1_6' title="bbox 173 372 1752 431; baseline 0 -14"><span class='ocrx_word' id='word_1_39' title='bbox 173 388 416 431; x_wconf 84' lang='lat' dir='ltr'>nequaquam</span> <span class='ocrx_word' id='word_1_40' title='bbox 442 388 531 414; x_wconf 88' lang='lat' dir='ltr'><strong>esse</strong></span> <span class='ocrx_word' id='word_1_41' title='bbox 555 381 728 424; x_wconf 84' lang='lat' dir='ltr'><strong>tantum,</strong></span> <span class='ocrx_word' id='word_1_42' title='bbox 764 381 805 414; x_wconf 91' lang='lat' dir='ltr'><strong>ut</strong></span> <span class='ocrx_word' id='word_1_43' title='bbox 828 374 946 415; x_wconf 88' lang='lat' dir='ltr'><strong>vitam</strong></span> <span class='ocrx_word' id='word_1_44' title='bbox 971 373 1122 414; x_wconf 80' lang='lat' dir='ltr'>beatam</span> <span class='ocrx_word' id='word_1_45' title='bbox 1148 372 1272 429; x_wconf 78' lang='lat' dir='ltr'><strong>possit</strong></span> <span class='ocrx_word' id='word_1_46' title='bbox 1289 380 1486 414; x_wconf 87' lang='lat' dir='ltr'><strong>evertere.</strong></span> <span class='ocrx_word' id='word_1_47' title='bbox 1550 381 1620 416; x_wconf 85' lang='lat'><strong>59.</strong></span> <span class='ocrx_word' id='word_1_48' title='bbox 1665 374 1752 417; x_wconf 82' lang='lat' dir='ltr'><strong>Hoc</strong></span> 
     </span>
     <span class='ocr_line' id='line_1_7' title="bbox 173 447 1751 505; baseline 0 -15"><span class='ocrx_word' id='word_1_49' title='bbox 173 451 293 505; x_wconf 86' lang='lat' dir='ltr'><strong>igitur</strong></span> <span class='ocrx_word' id='word_1_50' title='bbox 316 448 504 499; x_wconf 77' lang='lat' dir='ltr'><strong>efficitur,</strong></span> <span class='ocrx_word' id='word_1_51' title='bbox 551 454 593 488; x_wconf 87' lang='lat' dir='ltr'><strong>ut</strong></span> <span class='ocrx_word' id='word_1_52' title='bbox 618 461 671 488; x_wconf 83' lang='lat' dir='ltr'><strong>ex</strong></span> <span class='ocrx_word' id='word_1_53' title='bbox 693 448 758 487; x_wconf 91' lang='lat' dir='ltr'><strong>illo</strong></span> <span class='ocrx_word' id='word_1_54' title='bbox 782 447 1016 503; x_wconf 84' lang='lat' dir='ltr'><strong>necopinato</strong></span> <span class='ocrx_word' id='word_1_55' title='bbox 1041 449 1151 503; x_wconf 84' lang='lat' dir='ltr'>plaga</span> <span class='ocrx_word' id='word_1_56' title='bbox 1175 447 1301 487; x_wconf 83' lang='lat' dir='ltr'><strong>maior</strong></span> <span class='ocrx_word' id='word_1_57' title='bbox 1325 447 1399 498; x_wconf 78' lang='lat' dir='ltr'><strong>sit,</strong></span> <span class='ocrx_word' id='word_1_58' title='bbox 1433 462 1511 488; x_wconf 89' lang='lat' dir='ltr'><strong>nou</strong></span> <span class='ocrx_word' id='word_1_59' title='bbox 1535 455 1578 489; x_wconf 90' lang='lat' dir='ltr'><strong>ut</strong></span> <span class='ocrx_word' id='word_1_60' title='bbox 1604 448 1659 490; x_wconf 90' lang='lat' dir='ltr'><strong>illi</strong></span> <span class='ocrx_word' id='word_1_61' title='bbox 1682 464 1751 505; x_wconf 88' lang='lat' dir='ltr'><strong>pu-</strong></span> 
     </span>
     <span class='ocr_line' id='line_1_8' title="bbox 172 521 1750 577; baseline 0.001 -13"><span class='ocrx_word' id='word_1_62' title='bbox 172 531 278 573; x_wconf 84' lang='lat' dir='ltr'><strong>tant,</strong></span> <span class='ocrx_word' id='word_1_63' title='bbox 327 529 391 573; x_wconf 75' lang='lat' dir='ltr'><strong>ut,</strong></span> <span class='ocrx_word' id='word_1_64' title='bbox 440 537 554 576; x_wconf 90' lang='lat' dir='ltr'><strong>quum</strong></span> <span class='ocrx_word' id='word_1_65' title='bbox 582 522 731 562; x_wconf 91' lang='lat' dir='ltr'><strong>duobus</strong></span> <span class='ocrx_word' id='word_1_66' title='bbox 754 536 866 576; x_wconf 86' lang='lat' dir='ltr'><strong>pares</strong></span> <span class='ocrx_word' id='word_1_67' title='bbox 893 535 1008 562; x_wconf 78' lang='lat' dir='ltr'><strong>casus</strong></span> <span class='ocrx_word' id='word_1_68' title='bbox 1034 521 1262 572; x_wconf 75' lang='lat' dir='ltr'><strong>evenerint,</strong></span> <span class='ocrx_word' id='word_1_69' title='bbox 1308 521 1342 561; x_wconf 85' lang='lat' dir='ltr'><strong>is</strong></span> <span class='ocrx_word' id='word_1_70' title='bbox 1366 522 1480 562; x_wconf 88' lang='lat' dir='ltr'><strong>modo</strong></span> <span class='ocrx_word' id='word_1_71' title='bbox 1507 522 1750 577; x_wconf 82' lang='lat' dir='ltr'>aegritudine</span> 
     </span>
     <span class='ocr_line' id='line_1_9' title="bbox 172 585 1752 651; baseline 0 -13"><span class='ocrx_word' id='word_1_72' title='bbox 172 598 385 647; x_wconf 84' lang='lat' dir='ltr'><strong>afficiatur,</strong></span> <span class='ocrx_word' id='word_1_73' title='bbox 431 596 490 636; x_wconf 89' lang='lat' dir='ltr'><strong>cui</strong></span> <span class='ocrx_word' id='word_1_74' title='bbox 524 596 587 636; x_wconf 91' lang='lat' dir='ltr'><strong>ille</strong></span> <span class='ocrx_word' id='word_1_75' title='bbox 620 597 852 651; x_wconf 79' lang='lat' dir='ltr'><strong>necopinato</strong></span> <span class='ocrx_word' id='word_1_76' title='bbox 882 610 997 636; x_wconf 84' lang='lat' dir='ltr'><strong>casus</strong></span> <span class='ocrx_word' id='word_1_77' title='bbox 1032 595 1224 637; x_wconf 82' lang='lat' dir='ltr'><strong>evenerit.</strong></span> <span class='ocrx_word' id='word_1_78' title='bbox 1287 585 1425 650; x_wconf 79' lang='lat' dir='ltr'><strong>Itaque</strong></span> <span class='ocrx_word' id='word_1_79' title='bbox 1451 595 1634 638; x_wconf 88' lang='lat' dir='ltr'><strong>dicuntur</strong></span> <span class='ocrx_word' id='word_1_80' title='bbox 1652 611 1752 638; x_wconf 88' lang='lat' dir='ltr'><strong>non-</strong></span> 
     </span>
     <span class='ocr_line' id='line_1_10' title="bbox 171 669 1750 724; baseline -0.001 -11"><span class='ocrx_word' id='word_1_81' title='bbox 171 672 266 713; x_wconf 88' lang='lat' dir='ltr'><strong>nulli</strong></span> <span class='ocrx_word' id='word_1_82' title='bbox 296 671 337 711; x_wconf 91' lang='lat' dir='ltr'><strong>in</strong></span> <span class='ocrx_word' id='word_1_83' title='bbox 362 683 568 721; x_wconf 80' lang='lat' dir='ltr'><strong>maerore,</strong></span> <span class='ocrx_word' id='word_1_84' title='bbox 617 684 731 724; x_wconf 89' lang='lat' dir='ltr'><strong>quum</strong></span> <span class='ocrx_word' id='word_1_85' title='bbox 764 670 809 710; x_wconf 91' lang='lat' dir='ltr'><strong>de</strong></span> <span class='ocrx_word' id='word_1_86' title='bbox 835 670 905 710; x_wconf 85' lang='lat' dir='ltr'><strong>hac</strong></span> <span class='ocrx_word' id='word_1_87' title='bbox 939 670 1133 710; x_wconf 82' lang='lat' dir='ltr'><strong>communi</strong></span> <span class='ocrx_word' id='word_1_88' title='bbox 1169 669 1366 710; x_wconf 88' lang='lat' dir='ltr'><strong>hominum</strong></span> <span class='ocrx_word' id='word_1_89' title='bbox 1394 669 1617 712; x_wconf 82' lang='lat' dir='ltr'><strong>conditione</strong></span> <span class='ocrx_word' id='word_1_90' title='bbox 1643 671 1750 712; x_wconf 85' lang='lat' dir='ltr'><strong>audi-</strong></span> 
     </span>
     <span class='ocr_line' id='line_1_11' title="bbox 170 744 1751 801; baseline 0 -14"><span class='ocrx_word' id='word_1_91' title='bbox 170 746 322 787; x_wconf 88' lang='lat' dir='ltr'><strong>vissent</strong></span> <span class='ocrx_word' id='word_1_92' title='bbox 339 778 349 797; x_wconf 82' lang='lat'>‚</span> <span class='ocrx_word' id='word_1_93' title='bbox 398 759 445 785; x_wconf 86' lang='lat' dir='ltr'><strong>ea</strong></span> <span class='ocrx_word' id='word_1_94' title='bbox 468 745 553 799; x_wconf 81' lang='lat' dir='ltr'><strong>lege</strong></span> <span class='ocrx_word' id='word_1_95' title='bbox 582 758 669 784; x_wconf 86' lang='lat' dir='ltr'><strong>esse</strong></span> <span class='ocrx_word' id='word_1_96' title='bbox 695 758 767 799; x_wconf 91' lang='lat' dir='ltr'><strong>nos</strong></span> <span class='ocrx_word' id='word_1_97' title='bbox 794 751 931 794; x_wconf 85' lang='lat' dir='ltr'><strong>natos,</strong></span> <span class='ocrx_word' id='word_1_98' title='bbox 981 751 1021 783; x_wconf 90' lang='lat' dir='ltr'><strong>ut</strong></span> <span class='ocrx_word' id='word_1_99' title='bbox 1045 757 1159 784; x_wconf 91' lang='lat' dir='ltr'><strong>nemo</strong></span> <span class='ocrx_word' id='word_1_100' title='bbox 1181 744 1221 783; x_wconf 92' lang='lat' dir='ltr'><strong>in</strong></span> <span class='ocrx_word' id='word_1_101' title='bbox 1249 750 1476 800; x_wconf 88' lang='lat' dir='ltr'><strong>perpetuum</strong></span> <span class='ocrx_word' id='word_1_102' title='bbox 1502 758 1593 786; x_wconf 90' lang='lat' dir='ltr'><strong>esse</strong></span> <span class='ocrx_word' id='word_1_103' title='bbox 1618 752 1751 801; x_wconf 84' lang='lat' dir='ltr'><strong>posset</strong></span> 
     </span>
     <span class='ocr_line' id='line_1_12' title="bbox 171 817 990 876; baseline -0.007 -14"><span class='ocrx_word' id='word_1_104' title='bbox 171 834 316 876; x_wconf 79' lang='lat' dir='ltr'><strong>expers</strong></span> <span class='ocrx_word' id='word_1_105' title='bbox 346 819 464 869; x_wconf 79' lang='lat' dir='ltr'><strong>mali⁷</strong></span> <span class='ocrx_word' id='word_1_106' title='bbox 498 818 658 872; x_wconf 77' lang='lat' dir='ltr'><strong>gravius</strong></span> <span class='ocrx_word' id='word_1_107' title='bbox 692 818 806 857; x_wconf 82' lang='lat' dir='ltr'><strong>etiam</strong></span> <span class='ocrx_word' id='word_1_108' title='bbox 839 817 990 857; x_wconf 85' lang='lat' dir='ltr'><strong>tulisse.</strong></span> 
     </span>
     <span class='ocr_line' id='line_1_13' title="bbox 259 889 1747 950; baseline -0.001 -15"><span class='ocrx_word' id='word_1_109' title='bbox 259 892 403 935; x_wconf 80' lang='lat' dir='ltr'><strong>XXV.</strong></span> <span class='ocrx_word' id='word_1_110' title='bbox 439 892 634 947; x_wconf 81' lang='lat' dir='ltr'><strong>Quocirca</strong></span> <span class='ocrx_word' id='word_1_111' title='bbox 647 889 894 950; x_wconf 68' lang='lat' dir='ltr'><strong>Carneades,</strong></span> <span class='ocrx_word' id='word_1_112' title='bbox 917 899 957 932; x_wconf 79' lang='lat' dir='ltr'><strong>ut</strong></span> <span class='ocrx_word' id='word_1_113' title='bbox 977 891 1091 931; x_wconf 81' lang='lat' dir='ltr'><strong>video</strong></span> <span class='ocrx_word' id='word_1_114' title='bbox 1108 899 1284 949; x_wconf 87' lang='lat' dir='ltr'><strong>nostrum</strong></span> <span class='ocrx_word' id='word_1_115' title='bbox 1304 891 1478 932; x_wconf 85' lang='lat' dir='ltr'><strong>scribere</strong></span> <span class='ocrx_word' id='word_1_116' title='bbox 1491 891 1747 943; x_wconf 68' lang='lat' dir='ltr'><strong>Antiochum,</strong></span> 
     </span>
     <span class='ocr_line' id='line_1_14' title="bbox 168 964 1744 1025; baseline -0.001 -15"><span class='ocrx_word' id='word_1_117' title='bbox 168 969 407 1025; x_wconf 86' lang='lat' dir='ltr'><strong>reprendere</strong></span> <span class='ocrx_word' id='word_1_118' title='bbox 439 965 699 1022; x_wconf 70' lang='lat' dir='ltr'><strong>Chrysippum</strong></span> <span class='ocrx_word' id='word_1_119' title='bbox 728 966 879 1005; x_wconf 80' lang='lat' dir='ltr'><strong>solebat</strong></span> <span class='ocrx_word' id='word_1_120' title='bbox 907 965 1124 1005; x_wconf 77' lang='lat' dir='ltr'><strong>laudantem</strong></span> <span class='ocrx_word' id='word_1_121' title='bbox 1159 964 1412 1021; x_wconf 84' lang='lat' dir='ltr'><strong>Euripideum</strong></span> <span class='ocrx_word' id='word_1_122' title='bbox 1439 980 1597 1008; x_wconf 87' lang='lat' dir='ltr'><strong>carmen</strong></span> <span class='ocrx_word' id='word_1_123' title='bbox 1628 967 1744 1008; x_wconf 89' lang='lat' dir='ltr'><strong>illud:</strong></span> 
     </span>
     <span class='ocr_line' id='line_1_15' title="bbox 370 1040 1370 1092; baseline -0.001 -11"><span class='ocrx_word' id='word_1_124' title='bbox 370 1043 554 1081; x_wconf 59' lang='lat' dir='ltr'><strong>Mortalis</strong></span> <span class='ocrx_word' id='word_1_125' title='bbox 584 1055 689 1079; x_wconf 75' lang='lat' dir='ltr'><strong>nemo</strong></span> <span class='ocrx_word' id='word_1_126' title='bbox 720 1048 796 1087; x_wconf 71' lang='lat' dir='ltr'><strong>ess,</strong></span> <span class='ocrx_word' id='word_1_127' title='bbox 833 1042 939 1092; x_wconf 56' lang='lat' dir='ltr'><strong>quem.</strong></span> <span class='ocrx_word' id='word_1_128' title='bbox 969 1054 1042 1078; x_wconf 75' lang='lat' dir='ltr'><strong>nou</strong></span> <span class='ocrx_word' id='word_1_129' title='bbox 1074 1040 1234 1090; x_wconf 65' lang='lat' dir='ltr'><strong>attingit</strong></span> <span class='ocrx_word' id='word_1_130' title='bbox 1260 1042 1370 1080; x_wconf 79' lang='lat' dir='ltr'><strong>dolor</strong></span> 
     </span>
     <span class='ocr_line' id='line_1_16' title="bbox 369 1112 1268 1167; baseline -0.003 -12"><span class='ocrx_word' id='word_1_131' title='bbox 369 1114 625 1167; x_wconf 54' lang='lat' dir='ltr'><strong>fllarbhsquae</strong></span> <span class='ocrx_word' id='word_1_132' title='bbox 660 1116 786 1153; x_wconf 75' lang='lat' dir='ltr'><strong>mullis</strong></span> <span class='ocrx_word' id='word_1_133' title='bbox 816 1112 906 1152; x_wconf 68' lang='lat' dir='ltr'><strong>sein!</strong></span> <span class='ocrx_word' id='word_1_134' title='bbox 935 1115 1116 1153; x_wconf 73' lang='lat' dir='ltr'><strong>humandi</strong></span> <span class='ocrx_word' id='word_1_135' title='bbox 1145 1114 1268 1162; x_wconf 69' lang='lat' dir='ltr'><strong>liberi,</strong></span> 
     </span>
     <span class='ocr_line' id='line_1_17' title="bbox 367 1190 1392 1240; baseline -0.002 -11"><span class='ocrx_word' id='word_1_136' title='bbox 367 1193 528 1230; x_wconf 69' lang='lat' dir='ltr'><strong>Rursz&#39;tm</strong></span> <span class='ocrx_word' id='word_1_137' title='bbox 561 1191 735 1236; x_wconf 73' lang='lat' dir='ltr'><strong>creandi,</strong></span> <span class='ocrx_word' id='word_1_138' title='bbox 770 1191 943 1240; x_wconf 71' lang='lat' dir='ltr'><strong>morsque</strong></span> <span class='ocrx_word' id='word_1_139' title='bbox 973 1196 1029 1227; x_wconf 82' lang='lat' dir='ltr'><strong>cst</strong></span> <span class='ocrx_word' id='word_1_140' title='bbox 1046 1190 1167 1240; x_wconf 60' lang='lat' dir='ltr'><strong>¹sinim</strong></span> <span class='ocrx_word' id='word_1_141' title='bbox 1199 1190 1367 1228; x_wconf 70' lang='lat' dir='ltr'><strong>omnibus</strong></span> <span class='ocrx_word' id='word_1_142' title='bbox 1380 1205 1392 1227; x_wconf 85' lang='lat'><strong>.-</strong></span> 
     </span>
     <span class='ocr_line' id='line_1_18' title="bbox 374 1263 1528 1317; baseline -0.002 -13"><span class='ocrx_word' id='word_1_143' title='bbox 374 1267 476 1315; x_wconf 81' lang='lat' dir='ltr'><strong>Quac</strong></span> <span class='ocrx_word' id='word_1_144' title='bbox 502 1266 642 1316; x_wconf 64' lang='lat' dir='ltr'><strong>generi</strong></span> <span class='ocrx_word' id='word_1_145' title='bbox 668 1266 828 1302; x_wconf 72' lang='lat' dir='ltr'><strong>hlamma</strong></span> <span class='ocrx_word' id='word_1_146' title='bbox 857 1265 1036 1314; x_wconf 65' lang='lat' dir='ltr'><strong>augurem</strong></span> <span class='ocrx_word' id='word_1_147' title='bbox 1066 1265 1309 1315; x_wconf 71' lang='lat' dir='ltr'><strong>nequicquam</strong></span> <span class='ocrx_word' id='word_1_148' title='bbox 1341 1263 1528 1317; x_wconf 64' lang='lat' dir='ltr'><strong>dffkrunt.</strong></span> 
     </span>
     <span class='ocr_line' id='line_1_19' title="bbox 337 1337 1382 1384; baseline -0.003 -6"><span class='ocrx_word' id='word_1_149' title='bbox 337 1344 343 1351; x_wconf 82' lang='lat'>&#39;</span> <span class='ocrx_word' id='word_1_150' title='bbox 366 1341 565 1378; x_wconf 53' lang='lat' dir='ltr'><strong>Reddenda</strong></span> <span class='ocrx_word' id='word_1_151' title='bbox 597 1346 722 1376; x_wconf 76' lang='lat' dir='ltr'><strong>terrae</strong></span> <span class='ocrx_word' id='word_1_152' title='bbox 751 1344 807 1375; x_wconf 81' lang='lat' dir='ltr'><strong>est</strong></span> <span class='ocrx_word' id='word_1_153' title='bbox 838 1339 941 1374; x_wconf 72' lang='lat' dir='ltr'><strong>te&#39;t‘ra</strong></span> <span class='ocrx_word' id='word_1_154' title='bbox 953 1354 965 1384; x_wconf 85' lang='lat'><strong>,-</strong></span> <span class='ocrx_word' id='word_1_155' title='bbox 1001 1344 1076 1375; x_wconf 83' lang='lat' dir='ltr'><strong>tum</strong></span> <span class='ocrx_word' id='word_1_156' title='bbox 1106 1339 1182 1375; x_wconf 78' lang='lat' dir='ltr'><strong>vita</strong></span> <span class='ocrx_word' id='word_1_157' title='bbox 1213 1337 1382 1375; x_wconf 63' lang='lat' dir='ltr'><strong>amnibus</strong></span> 
     </span>
     <span class='ocr_line' id='line_1_20' title="bbox 366 1410 1340 1464; baseline -0.002 -14"><span class='ocrx_word' id='word_1_158' title='bbox 366 1414 566 1458; x_wconf 60' lang='lat' dir='ltr'><strong>metenda,</strong></span> <span class='ocrx_word' id='word_1_159' title='bbox 603 1419 648 1449; x_wconf 75' lang='lat' dir='ltr'><strong>ut</strong></span> <span class='ocrx_word' id='word_1_160' title='bbox 660 1412 818 1464; x_wconf 75' lang='lat' dir='ltr'><strong>fruges.</strong></span> <span class='ocrx_word' id='word_1_161' title='bbox 883 1410 948 1449; x_wconf 74' lang='lat' dir='ltr'><strong>Sic</strong></span> <span class='ocrx_word' id='word_1_162' title='bbox 979 1411 1084 1449; x_wconf 77' lang='lat' dir='ltr'><strong>iubet</strong></span> <span class='ocrx_word' id='word_1_163' title='bbox 1109 1412 1340 1449; x_wconf 51' lang='lat' dir='ltr'><strong>Necessitas.</strong></span> 
     </span>
     <span class='ocr_line' id='line_1_21' title="bbox 166 1483 1748 1541; baseline -0.002 -12"><span class='ocrx_word' id='word_1_164' title='bbox 166 1494 236 1531; x_wconf 90' lang='grc'><strong>60.</strong></span> <span class='ocrx_word' id='word_1_165' title='bbox 270 1485 455 1541; x_wconf 83' lang='lat' dir='ltr'><strong>Negabat</strong></span> <span class='ocrx_word' id='word_1_166' title='bbox 472 1499 597 1538; x_wconf 86' lang='lat' dir='ltr'><strong>genus</strong></span> <span class='ocrx_word' id='word_1_167' title='bbox 618 1484 690 1524; x_wconf 89' lang='lat' dir='ltr'><strong>hoc</strong></span> <span class='ocrx_word' id='word_1_168' title='bbox 709 1484 899 1525; x_wconf 88' lang='lat' dir='ltr'><strong>orationis</strong></span> <span class='ocrx_word' id='word_1_169' title='bbox 920 1484 1122 1538; x_wconf 86' lang='lat' dir='ltr'><strong>quicquam</strong></span> <span class='ocrx_word' id='word_1_170' title='bbox 1144 1483 1302 1524; x_wconf 88' lang='lat' dir='ltr'><strong>omnino</strong></span> <span class='ocrx_word' id='word_1_171' title='bbox 1322 1483 1370 1524; x_wconf 84' lang='lat' dir='ltr'><strong>ad</strong></span> <span class='ocrx_word' id='word_1_172' title='bbox 1389 1483 1597 1525; x_wconf 88' lang='lat' dir='ltr'><strong>levandam</strong></span> <span class='ocrx_word' id='word_1_173' title='bbox 1617 1484 1748 1539; x_wconf 86' lang='lat' dir='ltr'><strong>aegri-</strong></span> 
     </span>
    </p>
   </div>
   <div class='ocr_carea' id='block_1_5' title="bbox 164 1556 1744 1613">
    <p class='ocr_par' dir='ltr' id='par_1_5' title="bbox 164 1556 1744 1613">
     <span class='ocr_line' id='line_1_22' title="bbox 164 1556 1744 1613; baseline -0.003 -10"><span class='ocrx_word' id='word_1_174' title='bbox 164 1562 337 1604; x_wconf 86' lang='lat' dir='ltr'><strong>tudinem</strong></span> <span class='ocrx_word' id='word_1_175' title='bbox 365 1560 577 1613; x_wconf 84' lang='lat' dir='ltr'><strong>pertinere.</strong></span> <span class='ocrx_word' id='word_1_176' title='bbox 640 1556 684 1599; x_wconf 93' lang='lat' dir='ltr'><strong>Id</strong></span> <span class='ocrx_word' id='word_1_177' title='bbox 713 1559 813 1599; x_wconf 88' lang='lat' dir='ltr'><strong>enim</strong></span> <span class='ocrx_word' id='word_1_178' title='bbox 839 1559 963 1613; x_wconf 90' lang='lat' dir='ltr'><strong>ipsum</strong></span> <span class='ocrx_word' id='word_1_179' title='bbox 992 1558 1199 1598; x_wconf 90' lang='lat' dir='ltr'><strong>dolendum</strong></span> <span class='ocrx_word' id='word_1_180' title='bbox 1224 1571 1312 1598; x_wconf 90' lang='lat' dir='ltr'><strong>esse</strong></span> <span class='ocrx_word' id='word_1_181' title='bbox 1341 1557 1519 1608; x_wconf 82' lang='lat' dir='ltr'><strong>dicebat,</strong></span> <span class='ocrx_word' id='word_1_182' title='bbox 1569 1559 1670 1613; x_wconf 92' lang='lat' dir='ltr'><strong>quod</strong></span> <span class='ocrx_word' id='word_1_183' title='bbox 1703 1559 1744 1599; x_wconf 91' lang='lat' dir='ltr'><strong>in</strong></span> 
     </span>
    </p>
   </div>
   <div class='ocr_carea' id='block_1_6' title="bbox 165 1628 1746 1752">
    <p class='ocr_par' dir='ltr' id='par_1_6' title="bbox 165 1628 1746 1752">
     <span class='ocr_line' id='line_1_23' title="bbox 166 1628 1746 1686; baseline -0.003 -9"><span class='ocrx_word' id='word_1_184' title='bbox 166 1644 243 1678; x_wconf 84' lang='lat' dir='ltr'><strong>tam</strong></span> <span class='ocrx_word' id='word_1_185' title='bbox 274 1633 471 1676; x_wconf 83' lang='lat' dir='ltr'><strong>crudelem</strong></span> <span class='ocrx_word' id='word_1_186' title='bbox 503 1632 776 1673; x_wconf 82' lang='lat' dir='ltr'><strong>necessitatem</strong></span> <span class='ocrx_word' id='word_1_187' title='bbox 805 1632 1093 1672; x_wconf 76' lang='lat' dir='ltr'><strong>incidissemus.</strong></span> <span class='ocrx_word' id='word_1_188' title='bbox 1154 1630 1259 1671; x_wconf 88' lang='lat' dir='ltr'><strong>Nam</strong></span> <span class='ocrx_word' id='word_1_189' title='bbox 1291 1631 1393 1671; x_wconf 85' lang='lat' dir='ltr'><strong>illam</strong></span> <span class='ocrx_word' id='word_1_190' title='bbox 1419 1631 1572 1686; x_wconf 91' lang='lat' dir='ltr'><strong>quidem</strong></span> <span class='ocrx_word' id='word_1_191' title='bbox 1599 1628 1746 1673; x_wconf 81' lang='lat' dir='ltr'><strong>oratio-</strong></span> 
     </span>
     <span class='ocr_line' id='line_1_24' title="bbox 165 1705 1745 1752; baseline -0.003 0"><span class='ocrx_word' id='word_1_192' title='bbox 165 1725 254 1752; x_wconf 91' lang='lat' dir='ltr'><strong>nem</strong></span> <span class='ocrx_word' id='word_1_193' title='bbox 286 1723 338 1750; x_wconf 86' lang='lat' dir='ltr'><strong>ex</strong></span> <span class='ocrx_word' id='word_1_194' title='bbox 369 1705 742 1747; x_wconf 81' lang='lat' dir='ltr'><strong>commemoratione</strong></span> <span class='ocrx_word' id='word_1_195' title='bbox 766 1706 983 1746; x_wconf 86' lang='lat' dir='ltr'><strong>alienorum</strong></span> <span class='ocrx_word' id='word_1_196' title='bbox 1009 1706 1195 1745; x_wconf 87' lang='lat' dir='ltr'><strong>malorum</strong></span> <span class='ocrx_word' id='word_1_197' title='bbox 1228 1705 1273 1744; x_wconf 88' lang='lat' dir='ltr'><strong>ad</strong></span> <span class='ocrx_word' id='word_1_198' title='bbox 1298 1705 1513 1746; x_wconf 90' lang='lat' dir='ltr'><strong>malevolos</strong></span> <span class='ocrx_word' id='word_1_199' title='bbox 1537 1706 1745 1747; x_wconf 86' lang='lat' dir='ltr'><strong>consolan-</strong></span> 
     </span>
    </p>
   </div>
   <div class='ocr_carea' id='block_1_7' title="bbox 166 1778 1746 1832">
    <p class='ocr_par' dir='ltr' id='par_1_7' title="bbox 166 1778 1746 1832">
     <span class='ocr_line' id='line_1_25' title="bbox 166 1778 1746 1832; baseline -0.003 -6"><span class='ocrx_word' id='word_1_200' title='bbox 166 1786 237 1826; x_wconf 92' lang='lat' dir='ltr'><strong>dos</strong></span> <span class='ocrx_word' id='word_1_201' title='bbox 273 1797 362 1824; x_wconf 92' lang='lat' dir='ltr'><strong>esse</strong></span> <span class='ocrx_word' id='word_1_202' title='bbox 389 1781 736 1823; x_wconf 84' lang='lat' dir='ltr'><strong>accommodatam.</strong></span> <span class='ocrx_word' id='word_1_203' title='bbox 797 1778 898 1820; x_wconf 87' lang='lat' dir='ltr'><strong>Mihi</strong></span> <span class='ocrx_word' id='word_1_204' title='bbox 931 1793 1028 1821; x_wconf 87' lang='lat' dir='ltr'><strong>vero</strong></span> <span class='ocrx_word' id='word_1_205' title='bbox 1054 1779 1171 1832; x_wconf 86' lang='lat' dir='ltr'><strong>longe</strong></span> <span class='ocrx_word' id='word_1_206' title='bbox 1196 1778 1354 1819; x_wconf 90' lang='lat' dir='ltr'><strong>videtur</strong></span> <span class='ocrx_word' id='word_1_207' title='bbox 1380 1791 1513 1820; x_wconf 89' lang='lat' dir='ltr'><strong>secus.</strong></span> <span class='ocrx_word' id='word_1_208' title='bbox 1573 1778 1679 1820; x_wconf 88' lang='lat' dir='ltr'><strong>Nam</strong></span> <span class='ocrx_word' id='word_1_209' title='bbox 1706 1787 1746 1821; x_wconf 85' lang='lat' dir='ltr'><strong>et</strong></span> 
     </span>
    </p>
   </div>
   <div class='ocr_carea' id='block_1_8' title="bbox 233 1915 1741 1967">
    <p class='ocr_par' dir='ltr' id='par_1_8' title="bbox 233 1915 1741 1967">
     <span class='ocr_line' id='line_1_26' title="bbox 233 1915 1741 1967; baseline -0.003 -8"><span class='ocrx_word' id='word_1_210' title='bbox 233 1927 316 1967; x_wconf 84' lang='lat' dir='ltr'><strong>quod</strong></span> <span class='ocrx_word' id='word_1_211' title='bbox 336 1935 402 1958; x_wconf 85' lang='lat' dir='ltr'><strong>rem</strong></span> <span class='ocrx_word' id='word_1_212' title='bbox 425 1924 570 1967; x_wconf 73' lang='lat' dir='ltr'><strong>continet]</strong></span> <span class='ocrx_word' id='word_1_213' title='bbox 605 1923 638 1955; x_wconf 87' lang='lat' dir='ltr'><strong>in</strong></span> <span class='ocrx_word' id='word_1_214' title='bbox 663 1933 727 1966; x_wconf 91' lang='lat' dir='ltr'><strong>quo</strong></span> <span class='ocrx_word' id='word_1_215' title='bbox 753 1921 853 1955; x_wconf 81' lang='lat' dir='ltr'><strong>cardo</strong></span> <span class='ocrx_word' id='word_1_216' title='bbox 877 1928 937 1954; x_wconf 75' lang='lat' dir='ltr'><strong>to-</strong></span> <span class='ocrx_word' id='word_1_217' title='bbox 1010 1917 1109 1965; x_wconf 82' lang='grc' dir='ltr'><strong>’Έφυ</strong></span> <span class='ocrx_word' id='word_1_218' title='bbox 1132 1919 1190 1964; x_wconf 84' lang='grc' dir='ltr'><strong>μὲν</strong></span> <span class='ocrx_word' id='word_1_219' title='bbox 1211 1917 1341 1960; x_wconf 69' lang='grc' dir='ltr'>οὐδείς,</span> <span class='ocrx_word' id='word_1_220' title='bbox 1368 1915 1458 1959; x_wconf 73' lang='grc' dir='ltr'>ὅςτις</span> <span class='ocrx_word' id='word_1_221' title='bbox 1481 1916 1520 1954; x_wconf 75' lang='grc' dir='ltr'><strong>οὔ</strong></span> <span class='ocrx_word' id='word_1_222' title='bbox 1544 1924 1642 1955; x_wconf 81' lang='grc' dir='ltr'>πονεῖ</span> <span class='ocrx_word' id='word_1_223' title='bbox 1661 1922 1741 1965; x_wconf 83' lang='grc' dir='ltr'>βρο-</span> 
     </span>
    </p>
   </div>
   <div class='ocr_carea' id='block_1_9' title="bbox 140 1966 1746 2283">
    <p class='ocr_par' dir='ltr' id='par_1_9' title="bbox 140 1966 1746 2283">
     <span class='ocr_line' id='line_1_27' title="bbox 163 1966 1655 2007; baseline -0.002 -4"><span class='ocrx_word' id='word_1_224' title='bbox 163 1971 228 2003; x_wconf 84' lang='lat' dir='ltr'><strong>tius</strong></span> <span class='ocrx_word' id='word_1_225' title='bbox 250 1971 297 2003; x_wconf 75' lang='lat' dir='ltr'><strong>rei</strong></span> <span class='ocrx_word' id='word_1_226' title='bbox 321 1971 472 2002; x_wconf 82' lang='lat' dir='ltr'><strong>vertitur.</strong></span> <span class='ocrx_word' id='word_1_227' title='bbox 521 1969 575 2001; x_wconf 87' lang='lat' dir='ltr'><strong>Sic</strong></span> <span class='ocrx_word' id='word_1_228' title='bbox 602 1969 689 2001; x_wconf 81' lang='lat' dir='ltr'><strong>infra</strong></span> <span class='ocrx_word' id='word_1_229' title='bbox 712 1969 766 1999; x_wconf 86' lang='lat' dir='ltr'><strong>IV.</strong></span> <span class='ocrx_word' id='word_1_230' title='bbox 794 1969 852 2007; x_wconf 81' lang='grc'><strong>10,</strong></span> <span class='ocrx_word' id='word_1_231' title='bbox 873 1967 933 2000; x_wconf 72' lang='grc' dir='ltr'><strong>23ῑ</strong></span> <span class='ocrx_word' id='word_1_232' title='bbox 1589 1966 1655 2000; x_wconf 72' lang='grc' dir='ltr'><strong>τῶν</strong></span> 
     </span>
     <span class='ocr_line' id='line_1_28' title="bbox 140 2004 1744 2060; baseline -0.001 -12"><span class='ocrx_word' id='word_1_233' title='bbox 140 2031 142 2035; x_wconf 67' lang='lat'>,</span> <span class='ocrx_word' id='word_1_234' title='bbox 164 2028 228 2060; x_wconf 84' lang='lat' dir='ltr'><strong>qua</strong></span> <span class='ocrx_word' id='word_1_235' title='bbox 243 2016 394 2048; x_wconf 84' lang='lat' dir='ltr'><strong>oratione</strong></span> <span class='ocrx_word' id='word_1_236' title='bbox 413 2015 641 2058; x_wconf 78' lang='lat' dir='ltr'><strong>praetermissa</strong></span> <span class='ocrx_word' id='word_1_237' title='bbox 661 2013 795 2046; x_wconf 86' lang='lat' dir='ltr'><strong>minime</strong></span> <span class='ocrx_word' id='word_1_238' title='bbox 817 2025 937 2045; x_wconf 89' lang='lat' dir='ltr'><strong>neces-</strong></span> <span class='ocrx_word' id='word_1_239' title='bbox 1018 2010 1150 2047; x_wconf 81' lang='grc' dir='ltr'>Θάπτει</span> <span class='ocrx_word' id='word_1_240' title='bbox 1181 2023 1219 2045; x_wconf 86' lang='grc' dir='ltr'><strong>τε</strong></span> <span class='ocrx_word' id='word_1_241' title='bbox 1249 2010 1368 2052; x_wconf 79' lang='grc' dir='ltr'><strong>τέκνα,</strong></span> <span class='ocrx_word' id='word_1_242' title='bbox 1404 2006 1520 2055; x_wconf 68' lang='grc' dir='ltr'>χᾶτερ’</span> <span class='ocrx_word' id='word_1_243' title='bbox 1545 2004 1591 2046; x_wconf 63' lang='grc' dir='ltr'><strong>αὖ</strong></span> <span class='ocrx_word' id='word_1_244' title='bbox 1615 2011 1744 2055; x_wconf 72' lang='grc' dir='ltr'>σπείρει</span> 
     </span>
     <span class='ocr_line' id='line_1_29' title="bbox 164 2056 1653 2102; baseline -0.003 -8"><span class='ocrx_word' id='word_1_245' title='bbox 164 2062 269 2101; x_wconf 84' lang='lat' dir='ltr'><strong>saria,</strong></span> <span class='ocrx_word' id='word_1_246' title='bbox 297 2073 333 2093; x_wconf 83' lang='lat' dir='ltr'><strong>en</strong></span> <span class='ocrx_word' id='word_1_247' title='bbox 347 2087 355 2102; x_wconf 87' lang='lat'>‚</span> <span class='ocrx_word' id='word_1_248' title='bbox 377 2072 457 2102; x_wconf 85' lang='lat' dir='ltr'><strong>quae</strong></span> <span class='ocrx_word' id='word_1_249' title='bbox 474 2072 540 2093; x_wconf 84' lang='lat' dir='ltr'><strong>rem</strong></span> <span class='ocrx_word' id='word_1_250' title='bbox 559 2063 720 2096; x_wconf 73' lang='lat' dir='ltr'><strong>continent,</strong></span> <span class='ocrx_word' id='word_1_251' title='bbox 747 2065 937 2102; x_wconf 81' lang='lat' dir='ltr'><strong>pertracte-</strong></span> <span class='ocrx_word' id='word_1_252' title='bbox 1593 2056 1653 2090; x_wconf 78' lang='grc' dir='ltr'><strong>νέα</strong></span> 
     </span>
     <span class='ocr_line' id='line_1_30' title="bbox 163 2097 1746 2147; baseline -0.001 -8"><span class='ocrx_word' id='word_1_253' title='bbox 163 2120 245 2140; x_wconf 84' lang='lat' dir='ltr'><strong>mus.</strong></span> <span class='ocrx_word' id='word_1_254' title='bbox 271 2107 333 2145; x_wconf 83' lang='lat'><strong>31,</strong></span> <span class='ocrx_word' id='word_1_255' title='bbox 356 2107 419 2138; x_wconf 76' lang='lat'><strong>65:</strong></span> <span class='ocrx_word' id='word_1_256' title='bbox 458 2118 521 2138; x_wconf 81' lang='lat' dir='ltr'><strong>una</strong></span> <span class='ocrx_word' id='word_1_257' title='bbox 552 2118 603 2138; x_wconf 87' lang='lat' dir='ltr'><strong>res</strong></span> <span class='ocrx_word' id='word_1_258' title='bbox 637 2106 766 2137; x_wconf 83' lang='lat' dir='ltr'><strong>videtur</strong></span> <span class='ocrx_word' id='word_1_259' title='bbox 789 2114 937 2136; x_wconf 83' lang='lat' dir='ltr'><strong>caussam</strong></span> <span class='ocrx_word' id='word_1_260' title='bbox 1018 2100 1130 2142; x_wconf 70' lang='grc' dir='ltr'>Αὐτός</span> <span class='ocrx_word' id='word_1_261' title='bbox 1152 2102 1190 2136; x_wconf 74' lang='grc' dir='ltr'><strong>τε</strong></span> <span class='ocrx_word' id='word_1_262' title='bbox 1213 2100 1375 2146; x_wconf 63' lang='grc' dir='ltr'>ἓνήσκει·</span> <span class='ocrx_word' id='word_1_263' title='bbox 1401 2101 1461 2136; x_wconf 81' lang='grc' dir='ltr'><strong>καὶ</strong></span> <span class='ocrx_word' id='word_1_264' title='bbox 1482 2097 1559 2137; x_wconf 79' lang='grc' dir='ltr'>τάδ’</span> <span class='ocrx_word' id='word_1_265' title='bbox 1583 2098 1746 2147; x_wconf 45' lang='lat' dir='ltr'><strong>&amp;movi-ae</strong></span> 
     </span>
     <span class='ocr_line' id='line_1_31' title="bbox 164 2147 1701 2194; baseline -0.003 -8"><span class='ocrx_word' id='word_1_266' title='bbox 164 2156 326 2186; x_wconf 76' lang='lat' dir='ltr'><strong>continere.</strong></span> <span class='ocrx_word' id='word_1_267' title='bbox 352 2152 392 2183; x_wconf 88' lang='lat' dir='ltr'><strong>N.</strong></span> <span class='ocrx_word' id='word_1_268' title='bbox 415 2152 454 2182; x_wconf 92' lang='lat' dir='ltr'><strong>D.</strong></span> <span class='ocrx_word' id='word_1_269' title='bbox 478 2153 501 2182; x_wconf 89' lang='lat'><strong>1.</strong></span> <span class='ocrx_word' id='word_1_270' title='bbox 526 2151 561 2190; x_wconf 90' lang='lat'><strong>1,</strong></span> <span class='ocrx_word' id='word_1_271' title='bbox 582 2154 621 2183; x_wconf 72' lang='lat'><strong>2:</strong></span> <span class='ocrx_word' id='word_1_272' title='bbox 648 2150 738 2194; x_wconf 86' lang='lat' dir='ltr'><strong>quod</strong></span> <span class='ocrx_word' id='word_1_273' title='bbox 761 2161 841 2182; x_wconf 89' lang='lat' dir='ltr'><strong>vero</strong></span> <span class='ocrx_word' id='word_1_274' title='bbox 863 2161 936 2181; x_wconf 81' lang='lat' dir='ltr'><strong>ma·</strong></span> <span class='ocrx_word' id='word_1_275' title='bbox 1588 2147 1701 2193; x_wconf 75' lang='grc' dir='ltr'>βροτοὶ</span> 
     </span>
     <span class='ocr_line' id='line_1_32' title="bbox 162 2189 1743 2237; baseline -0.001 -6"><span class='ocrx_word' id='word_1_276' title='bbox 162 2198 250 2231; x_wconf 76' lang='lat' dir='ltr'><strong>xime</strong></span> <span class='ocrx_word' id='word_1_277' title='bbox 272 2207 339 2229; x_wconf 86' lang='lat' dir='ltr'><strong>rem</strong></span> <span class='ocrx_word' id='word_1_278' title='bbox 365 2207 568 2236; x_wconf 81' lang='lat' dir='ltr'><strong>caussamque</strong></span> <span class='ocrx_word' id='word_1_279' title='bbox 590 2199 731 2228; x_wconf 71' lang='lat' dir='ltr'><strong>continet.</strong></span> <span class='ocrx_word' id='word_1_280' title='bbox 1018 2194 1082 2233; x_wconf 81' lang='grc' dir='ltr'><strong>Εἰς</strong></span> <span class='ocrx_word' id='word_1_281' title='bbox 1106 2194 1169 2237; x_wconf 69' lang='grc' dir='ltr'><strong>γῆν</strong></span> <span class='ocrx_word' id='word_1_282' title='bbox 1195 2192 1352 2237; x_wconf 79' lang='grc' dir='ltr'>φέροντες</span> <span class='ocrx_word' id='word_1_283' title='bbox 1375 2193 1460 2237; x_wconf 83' lang='grc' dir='ltr'>γῆν·</span> <span class='ocrx_word' id='word_1_284' title='bbox 1493 2189 1688 2236; x_wconf 74' lang='grc' dir='ltr'>ἀναγκαίως</span> <span class='ocrx_word' id='word_1_285' title='bbox 1711 2189 1743 2229; x_wconf 82' lang='grc' dir='ltr'><strong>δ’</strong></span> 
     </span>
     <span class='ocr_line' id='line_1_33' title="bbox 231 2238 1659 2283; baseline -0.002 -8"><span class='ocrx_word' id='word_1_286' title='bbox 231 2245 394 2283; x_wconf 79' lang='lat' dir='ltr'><strong>opinatum</strong></span> <span class='ocrx_word' id='word_1_287' title='bbox 407 2244 444 2273; x_wconf 73' lang='lat' dir='ltr'><strong>sit</strong></span> <span class='ocrx_word' id='word_1_288' title='bbox 457 2251 519 2273; x_wconf 81' lang='lat' dir='ltr'><strong>esse</strong></span> <span class='ocrx_word' id='word_1_289' title='bbox 530 2244 720 2283; x_wconf 78' lang='lat' dir='ltr'><strong>maximum]</strong></span> <span class='ocrx_word' id='word_1_290' title='bbox 740 2242 849 2281; x_wconf 88' lang='lat' dir='ltr'><strong>Quum</strong></span> <span class='ocrx_word' id='word_1_291' title='bbox 861 2240 894 2272; x_wconf 91' lang='lat' dir='ltr'><strong>h.</strong></span> <span class='ocrx_word' id='word_1_292' title='bbox 911 2239 934 2272; x_wconf 92' lang='lat' dir='ltr'><strong>l.</strong></span> <span class='ocrx_word' id='word_1_293' title='bbox 1589 2238 1659 2282; x_wconf 77' lang='grc' dir='ltr'>ἔχει</span> 
     </span>
    </p>
   </div>
   <div class='ocr_carea' id='block_1_10' title="bbox 164 2279 1742 2327">
    <p class='ocr_par' dir='ltr' id='par_1_10' title="bbox 164 2279 1742 2327">
     <span class='ocr_line' id='line_1_34' title="bbox 164 2279 1742 2327; baseline -0.004 -5"><span class='ocrx_word' id='word_1_294' title='bbox 164 2301 231 2322; x_wconf 90' lang='lat' dir='ltr'><strong>non</strong></span> <span class='ocrx_word' id='word_1_295' title='bbox 254 2288 359 2320; x_wconf 91' lang='lat' dir='ltr'><strong>solum</strong></span> <span class='ocrx_word' id='word_1_296' title='bbox 383 2286 518 2317; x_wconf 85' lang='lat' dir='ltr'><strong>verbum</strong></span> <span class='ocrx_word' id='word_1_297' title='bbox 543 2289 715 2326; x_wconf 81' lang='lat' dir='ltr'><strong>opinandi,</strong></span> <span class='ocrx_word' id='word_1_298' title='bbox 739 2286 798 2318; x_wconf 87' lang='lat' dir='ltr'><strong>sed</strong></span> <span class='ocrx_word' id='word_1_299' title='bbox 823 2286 934 2325; x_wconf 78' lang='lat' dir='ltr'><strong>etiam,</strong></span> <span class='ocrx_word' id='word_1_300' title='bbox 1018 2285 1096 2319; x_wconf 71' lang='grc' dir='ltr'><strong>Βίων</strong></span> <span class='ocrx_word' id='word_1_301' title='bbox 1122 2284 1285 2325; x_wconf 56' lang='grc' dir='ltr'>ἓερίζειν,</span> <span class='ocrx_word' id='word_1_302' title='bbox 1311 2279 1397 2322; x_wconf 68' lang='lat' dir='ltr'><strong>dicre</strong></span> <span class='ocrx_word' id='word_1_303' title='bbox 1419 2281 1584 2326; x_wconf 79' lang='grc' dir='ltr'>κάρπιμον</span> <span class='ocrx_word' id='word_1_304' title='bbox 1605 2281 1742 2327; x_wconf 77' lang='grc' dir='ltr'>στάχυν.</span> 
     </span>
    </p>
   </div>
   <div class='ocr_carea' id='block_1_11' title="bbox 164 2327 1740 2374">
    <p class='ocr_par' dir='ltr' id='par_1_11' title="bbox 164 2327 1740 2374">
     <span class='ocr_line' id='line_1_35' title="bbox 164 2327 1740 2374; baseline -0.004 -7"><span class='ocrx_word' id='word_1_305' title='bbox 164 2342 201 2367; x_wconf 90' lang='lat' dir='ltr'><strong>ut</strong></span> <span class='ocrx_word' id='word_1_306' title='bbox 224 2331 389 2366; x_wconf 81' lang='lat' dir='ltr'><strong>sententia</strong></span> <span class='ocrx_word' id='word_1_307' title='bbox 413 2331 573 2374; x_wconf 84' lang='lat' dir='ltr'><strong>generalis</strong></span> <span class='ocrx_word' id='word_1_308' title='bbox 599 2331 820 2373; x_wconf 77' lang='lat' dir='ltr'><strong>significetur,</strong></span> <span class='ocrx_word' id='word_1_309' title='bbox 854 2344 934 2374; x_wconf 81' lang='lat' dir='ltr'><strong>pas-</strong></span> <span class='ocrx_word' id='word_1_310' title='bbox 1039 2327 1179 2363; x_wconf 74' lang='lat' dir='ltr'><strong>Mortalis</strong></span> <span class='ocrx_word' id='word_1_311' title='bbox 1199 2339 1287 2362; x_wconf 81' lang='lat' dir='ltr'><strong>nemo</strong></span> <span class='ocrx_word' id='word_1_312' title='bbox 1311 2333 1373 2369; x_wconf 82' lang='lat' dir='ltr'><strong>est,</strong></span> <span class='ocrx_word' id='word_1_313' title='bbox 1401 2339 1493 2369; x_wconf 84' lang='lat' dir='ltr'><strong>quem</strong></span> <span class='ocrx_word' id='word_1_314' title='bbox 1516 2339 1577 2362; x_wconf 81' lang='lat' dir='ltr'><strong>non</strong></span> <span class='ocrx_word' id='word_1_315' title='bbox 1602 2330 1740 2371; x_wconf 67' lang='lat' dir='ltr'><strong>attingit]</strong></span> 
     </span>
    </p>
   </div>
   <div class='ocr_carea' id='block_1_12' title="bbox 163 2376 935 3009">
    <p class='ocr_par' dir='ltr' id='par_1_12' title="bbox 163 2376 935 2470">
     <span class='ocr_line' id='line_1_36' title="bbox 163 2376 935 2418; baseline -0.004 -6"><span class='ocrx_word' id='word_1_316' title='bbox 163 2380 233 2413; x_wconf 84' lang='lat' dir='ltr'><strong>siva</strong></span> <span class='ocrx_word' id='word_1_317' title='bbox 259 2380 367 2411; x_wconf 80' lang='lat' dir='ltr'><strong>forma</strong></span> <span class='ocrx_word' id='word_1_318' title='bbox 392 2376 579 2408; x_wconf 83' lang='lat' dir='ltr'><strong>necessario</strong></span> <span class='ocrx_word' id='word_1_319' title='bbox 606 2376 810 2418; x_wconf 81' lang='lat' dir='ltr'><strong>requiratur,</strong></span> <span class='ocrx_word' id='word_1_320' title='bbox 837 2377 935 2409; x_wconf 82' lang='lat' dir='ltr'><strong>facile</strong></span> 
     </span>
     <span class='ocr_line' id='line_1_37' title="bbox 164 2422 735 2470; baseline -0.012 -11"><span class='ocrx_word' id='word_1_321' title='bbox 164 2425 313 2470; x_wconf 82' lang='lat' dir='ltr'><strong>passivus</strong></span> <span class='ocrx_word' id='word_1_322' title='bbox 337 2422 427 2455; x_wconf 83' lang='lat' dir='ltr'><strong>verbi</strong></span> <span class='ocrx_word' id='word_1_323' title='bbox 450 2433 524 2453; x_wconf 87' lang='lat' dir='ltr'><strong>usus</strong></span> <span class='ocrx_word' id='word_1_324' title='bbox 552 2427 735 2453; x_wconf 75' lang='lat' dir='ltr'><strong>excusatur.</strong></span> 
     </span>
    </p>

    <p class='ocr_par' dir='ltr' id='par_1_13' title="bbox 163 2466 934 2690">
     <span class='ocr_line' id='line_1_38' title="bbox 231 2466 933 2509; baseline -0.007 -6"><span class='ocrx_word' id='word_1_325' title='bbox 231 2472 286 2504; x_wconf 79' lang='lat'><strong>59.</strong></span> <span class='ocrx_word' id='word_1_326' title='bbox 312 2473 344 2501; x_wconf 80' lang='lat' dir='ltr'><strong>ut</strong></span> <span class='ocrx_word' id='word_1_327' title='bbox 361 2479 400 2500; x_wconf 82' lang='lat' dir='ltr'><strong>ex</strong></span> <span class='ocrx_word' id='word_1_328' title='bbox 413 2470 466 2499; x_wconf 86' lang='lat' dir='ltr'><strong>illo</strong></span> <span class='ocrx_word' id='word_1_329' title='bbox 485 2468 665 2506; x_wconf 76' lang='lat' dir='ltr'><strong>necopinato</strong></span> <span class='ocrx_word' id='word_1_330' title='bbox 682 2485 725 2489; x_wconf 49' lang='grc'><strong>*-</strong></span> <span class='ocrx_word' id='word_1_331' title='bbox 741 2466 795 2509; x_wconf 78' lang='lat' dir='ltr'><strong>sit]</strong></span> <span class='ocrx_word' id='word_1_332' title='bbox 823 2466 933 2506; x_wconf 83' lang='lat' dir='ltr'><strong>„Quia</strong></span> 
     </span>
     <span class='ocr_line' id='line_1_39' title="bbox 163 2510 933 2549; baseline -0.009 0"><span class='ocrx_word' id='word_1_333' title='bbox 163 2517 233 2549; x_wconf 87' lang='lat' dir='ltr'><strong>dies</strong></span> <span class='ocrx_word' id='word_1_334' title='bbox 258 2514 429 2548; x_wconf 88' lang='lat' dir='ltr'><strong>hominum</strong></span> <span class='ocrx_word' id='word_1_335' title='bbox 453 2512 562 2544; x_wconf 81' lang='lat' dir='ltr'><strong>dolori</strong></span> <span class='ocrx_word' id='word_1_336' title='bbox 586 2510 757 2542; x_wconf 83' lang='lat' dir='ltr'><strong>medetur:</strong></span> <span class='ocrx_word' id='word_1_337' title='bbox 783 2511 841 2542; x_wconf 83' lang='lat' dir='ltr'><strong>sed</strong></span> <span class='ocrx_word' id='word_1_338' title='bbox 866 2523 933 2543; x_wconf 86' lang='lat' dir='ltr'><strong>non</strong></span> 
     </span>
     <span class='ocr_line' id='line_1_40' title="bbox 164 2556 934 2604; baseline -0.01 -9"><span class='ocrx_word' id='word_1_339' title='bbox 164 2561 290 2601; x_wconf 84' lang='lat' dir='ltr'><strong>omnis,</strong></span> <span class='ocrx_word' id='word_1_340' title='bbox 328 2559 402 2604; x_wconf 81' lang='lat' dir='ltr'><strong>quia</strong></span> <span class='ocrx_word' id='word_1_341' title='bbox 437 2557 523 2589; x_wconf 82' lang='lat' dir='ltr'><strong>ratio</strong></span> <span class='ocrx_word' id='word_1_342' title='bbox 558 2557 606 2589; x_wconf 86' lang='lat' dir='ltr'><strong>sic</strong></span> <span class='ocrx_word' id='word_1_343' title='bbox 635 2567 752 2587; x_wconf 76' lang='lat' dir='ltr'><strong>sanare</strong></span> <span class='ocrx_word' id='word_1_344' title='bbox 783 2556 934 2588; x_wconf 85' lang='lat' dir='ltr'><strong>homines</strong></span> 
     </span>
     <span class='ocr_line' id='line_1_41' title="bbox 163 2602 933 2651; baseline -0.012 -11"><span class='ocrx_word' id='word_1_345' title='bbox 163 2613 295 2651; x_wconf 84' lang='lat' dir='ltr'><strong>potest,</strong></span> <span class='ocrx_word' id='word_1_346' title='bbox 332 2612 367 2637; x_wconf 87' lang='lat' dir='ltr'><strong>ut</strong></span> <span class='ocrx_word' id='word_1_347' title='bbox 393 2604 473 2636; x_wconf 86' lang='lat' dir='ltr'><strong>nihil</strong></span> <span class='ocrx_word' id='word_1_348' title='bbox 506 2602 717 2646; x_wconf 88' lang='lat' dir='ltr'><strong>inopinatum</strong></span> <span class='ocrx_word' id='word_1_349' title='bbox 750 2612 821 2632; x_wconf 86' lang='lat' dir='ltr'><strong>esse</strong></span> <span class='ocrx_word' id='word_1_350' title='bbox 852 2613 933 2632; x_wconf 87' lang='lat' dir='ltr'><strong>cen-</strong></span> 
     </span>
     <span class='ocr_line' id='line_1_42' title="bbox 163 2646 825 2690; baseline -0.014 -5"><span class='ocrx_word' id='word_1_351' title='bbox 163 2657 296 2685; x_wconf 75' lang='lat' dir='ltr'><strong>seant-‘⁶</strong></span> <span class='ocrx_word' id='word_1_352' title='bbox 328 2654 396 2684; x_wconf 79' lang='lat' dir='ltr'><strong>Non</strong></span> <span class='ocrx_word' id='word_1_353' title='bbox 420 2654 452 2682; x_wconf 74' lang='lat' dir='ltr'><strong>ut</strong></span> <span class='ocrx_word' id='word_1_354' title='bbox 477 2651 522 2681; x_wconf 82' lang='lat' dir='ltr'><strong>illi</strong></span> <span class='ocrx_word' id='word_1_355' title='bbox 545 2647 615 2680; x_wconf 90' lang='lat' dir='ltr'><strong>scil.</strong></span> <span class='ocrx_word' id='word_1_356' title='bbox 642 2646 825 2690; x_wconf 71' lang='lat' dir='ltr'><strong>Cyrenaici.</strong></span> 
     </span>
    </p>

    <p class='ocr_par' dir='ltr' id='par_1_14' title="bbox 164 2691 932 2778">
     <span class='ocr_line' id='line_1_43' title="bbox 234 2691 930 2733; baseline -0.01 -4"><span class='ocrx_word' id='word_1_357' title='bbox 234 2698 312 2730; x_wconf 53' lang='lat' dir='ltr'><strong>cip.</strong></span> <span class='ocrx_word' id='word_1_358' title='bbox 331 2696 445 2728; x_wconf 88' lang='lat' dir='ltr'><strong>XXV.</strong></span> <span class='ocrx_word' id='word_1_359' title='bbox 476 2698 616 2727; x_wconf 69' lang='lat' dir='ltr'><strong>nostrum</strong></span> <span class='ocrx_word' id='word_1_360' title='bbox 638 2693 835 2733; x_wconf 69' lang='lat' dir='ltr'><strong>Antiochum]</strong></span> <span class='ocrx_word' id='word_1_361' title='bbox 879 2691 930 2722; x_wconf 88' lang='lat' dir='ltr'><strong>Cf.</strong></span> 
     </span>
     <span class='ocr_line' id='line_1_44' title="bbox 164 2738 932 2778; baseline -0.01 -3"><span class='ocrx_word' id='word_1_362' title='bbox 164 2755 226 2775; x_wconf 87' lang='lat' dir='ltr'><strong>nos</strong></span> <span class='ocrx_word' id='word_1_363' title='bbox 248 2743 282 2775; x_wconf 90' lang='lat' dir='ltr'><strong>in</strong></span> <span class='ocrx_word' id='word_1_364' title='bbox 305 2741 390 2774; x_wconf 87' lang='lat' dir='ltr'><strong>libro</strong></span> <span class='ocrx_word' id='word_1_365' title='bbox 414 2740 447 2772; x_wconf 91' lang='lat' dir='ltr'><strong>d.</strong></span> <span class='ocrx_word' id='word_1_366' title='bbox 472 2742 509 2772; x_wconf 85' lang='lat' dir='ltr'><strong>de</strong></span> <span class='ocrx_word' id='word_1_367' title='bbox 534 2741 630 2772; x_wconf 83' lang='lat' dir='ltr'><strong>Cicer.</strong></span> <span class='ocrx_word' id='word_1_368' title='bbox 652 2740 685 2770; x_wconf 83' lang='lat' dir='ltr'><strong>in</strong></span> <span class='ocrx_word' id='word_1_369' title='bbox 702 2739 815 2778; x_wconf 77' lang='lat' dir='ltr'><strong>philos.</strong></span> <span class='ocrx_word' id='word_1_370' title='bbox 833 2738 932 2769; x_wconf 77' lang='lat' dir='ltr'><strong>merit.</strong></span> 
     </span>
    </p>

    <p class='ocr_par' dir='ltr' id='par_1_15' title="bbox 164 2787 933 3009">
     <span class='ocr_line' id='line_1_45' title="bbox 189 2787 283 2821; baseline -0.011 -1"><span class='ocrx_word' id='word_1_371' title='bbox 189 2787 283 2821; x_wconf 79' lang='lat'><strong>.159.</strong></span> 
     </span>
     <span class='ocr_line' id='line_1_46' title="bbox 164 2800 931 2874; baseline -0.012 -8"><span class='ocrx_word' id='word_1_372' title='bbox 164 2800 185 2831; x_wconf 75' lang='lat' dir='ltr'>p</span> <span class='ocrx_word' id='word_1_373' title='bbox 230 2833 435 2872; x_wconf 83' lang='lat' dir='ltr'><strong>Euripideum</strong></span> <span class='ocrx_word' id='word_1_374' title='bbox 456 2829 595 2874; x_wconf 83' lang='lat' dir='ltr'><strong>carmen]</strong></span> <span class='ocrx_word' id='word_1_375' title='bbox 621 2830 669 2860; x_wconf 87' lang='lat' dir='ltr'><strong>Ex</strong></span> <span class='ocrx_word' id='word_1_376' title='bbox 689 2826 854 2870; x_wconf 83' lang='lat' dir='ltr'><strong>Euripidis</strong></span> <span class='ocrx_word' id='word_1_377' title='bbox 877 2827 931 2858; x_wconf 80' lang='lat' dir='ltr'><strong>fa-</strong></span> 
     </span>
     <span class='ocr_line' id='line_1_47' title="bbox 164 2873 933 2920; baseline -0.008 -11"><span class='ocrx_word' id='word_1_378' title='bbox 164 2877 241 2909; x_wconf 87' lang='lat' dir='ltr'><strong>bula</strong></span> <span class='ocrx_word' id='word_1_379' title='bbox 279 2889 363 2920; x_wconf 84' lang='lat' dir='ltr'><strong>quae</strong></span> <span class='ocrx_word' id='word_1_380' title='bbox 397 2875 522 2919; x_wconf 87' lang='lat' dir='ltr'><strong>periit,</strong></span> <span class='ocrx_word' id='word_1_381' title='bbox 563 2873 723 2918; x_wconf 83' lang='lat' dir='ltr'><strong>inscripta</strong></span> <span class='ocrx_word' id='word_1_382' title='bbox 756 2875 933 2913; x_wconf 81' lang='lat' dir='ltr'><strong>Hypsipyla</strong></span> 
     </span>
     <span class='ocr_line' id='line_1_48' title="bbox 167 2917 932 2964; baseline -0.004 -10"><span class='ocrx_word' id='word_1_383' title='bbox 167 2923 213 2964; x_wconf 88' lang='lat' dir='ltr'><strong>(p.</strong></span> <span class='ocrx_word' id='word_1_384' title='bbox 227 2918 302 2954; x_wconf 72' lang='lat'><strong>449.</strong></span> <span class='ocrx_word' id='word_1_385' title='bbox 318 2922 370 2954; x_wconf 89' lang='lat' dir='ltr'><strong>ed.</strong></span> <span class='ocrx_word' id='word_1_386' title='bbox 383 2920 505 2961; x_wconf 87' lang='lat' dir='ltr'><strong>Beckii,</strong></span> <span class='ocrx_word' id='word_1_387' title='bbox 529 2932 562 2964; x_wconf 94' lang='lat' dir='ltr'><strong>p.</strong></span> <span class='ocrx_word' id='word_1_388' title='bbox 578 2919 651 2954; x_wconf 82' lang='lat'><strong>113.</strong></span> <span class='ocrx_word' id='word_1_389' title='bbox 675 2918 729 2952; x_wconf 87' lang='lat' dir='ltr'><strong>ed.</strong></span> <span class='ocrx_word' id='word_1_390' title='bbox 751 2918 792 2951; x_wconf 90' lang='lat' dir='ltr'><strong>G.</strong></span> <span class='ocrx_word' id='word_1_391' title='bbox 807 2917 932 2961; x_wconf 73' lang='lat' dir='ltr'><strong>Diod.)-</strong></span> 
     </span>
     <span class='ocr_line' id='line_1_49' title="bbox 165 2965 645 3009; baseline -0.006 -10"><span class='ocrx_word' id='word_1_392' title='bbox 165 2965 275 2999; x_wconf 79' lang='lat' dir='ltr'><strong>verba</strong></span> <span class='ocrx_word' id='word_1_393' title='bbox 299 2977 416 3009; x_wconf 83' lang='lat' dir='ltr'><strong>graeca</strong></span> <span class='ocrx_word' id='word_1_394' title='bbox 439 2967 524 2999; x_wconf 85' lang='lat' dir='ltr'><strong>haec</strong></span> <span class='ocrx_word' id='word_1_395' title='bbox 546 2971 645 2998; x_wconf 84' lang='lat' dir='ltr'><strong>sunt:</strong></span> 
     </span>
    </p>
   </div>
   <div class='ocr_carea' id='block_1_13' title="bbox 967 2373 1742 3008">
    <p class='ocr_par' dir='ltr' id='par_1_16' title="bbox 969 2373 1742 2544">
     <span class='ocr_line' id='line_1_50' title="bbox 971 2373 1742 2419; baseline -0.003 -11"><span class='ocrx_word' id='word_1_396' title='bbox 971 2376 1024 2408; x_wconf 88' lang='lat' dir='ltr'><strong>Sic</strong></span> <span class='ocrx_word' id='word_1_397' title='bbox 1050 2375 1166 2419; x_wconf 76' lang='lat' dir='ltr'><strong>optimi</strong></span> <span class='ocrx_word' id='word_1_398' title='bbox 1193 2374 1289 2407; x_wconf 87' lang='lat' dir='ltr'><strong>codd.</strong></span> <span class='ocrx_word' id='word_1_399' title='bbox 1320 2373 1522 2406; x_wconf 86' lang='lat' dir='ltr'><strong>Iudicativus</strong></span> <span class='ocrx_word' id='word_1_400' title='bbox 1555 2376 1679 2415; x_wconf 73' lang='lat' dir='ltr'><strong>attinyit</strong></span> <span class='ocrx_word' id='word_1_401' title='bbox 1703 2384 1742 2406; x_wconf 78' lang='lat' dir='ltr'><strong>ex</strong></span> 
     </span>
     <span class='ocr_line' id='line_1_51' title="bbox 969 2416 1742 2465; baseline -0.005 -12"><span class='ocrx_word' id='word_1_402' title='bbox 969 2433 1089 2465; x_wconf 75' lang='lat' dir='ltr'><strong>graeco</strong></span> <span class='ocrx_word' id='word_1_403' title='bbox 1115 2432 1207 2453; x_wconf 83' lang='lat' dir='ltr'><strong>more</strong></span> <span class='ocrx_word' id='word_1_404' title='bbox 1232 2416 1337 2463; x_wconf 63' lang='lat' dir='ltr'><strong>(Z&#39;quc</strong></span> <span class='ocrx_word' id='word_1_405' title='bbox 1359 2416 1397 2453; x_wconf 74' lang='grc' dir='ltr'><strong>οὗ</strong></span> <span class='ocrx_word' id='word_1_406' title='bbox 1419 2419 1523 2460; x_wconf 75' lang='grc' dir='ltr'>πονεῖ)</span> <span class='ocrx_word' id='word_1_407' title='bbox 1550 2426 1584 2451; x_wconf 90' lang='lat' dir='ltr'><strong>et</strong></span> <span class='ocrx_word' id='word_1_408' title='bbox 1607 2418 1742 2461; x_wconf 83' lang='lat' dir='ltr'><strong>antiqua</strong></span> 
     </span>
     <span class='ocr_line' id='line_1_52' title="bbox 973 2463 1740 2508; baseline -0.007 -9"><span class='ocrx_word' id='word_1_409' title='bbox 973 2467 1166 2499; x_wconf 76' lang='lat' dir='ltr'><strong>Latinorum</strong></span> <span class='ocrx_word' id='word_1_410' title='bbox 1195 2465 1395 2508; x_wconf 84' lang='lat' dir='ltr'><strong>scriptorum</strong></span> <span class='ocrx_word' id='word_1_411' title='bbox 1425 2463 1664 2496; x_wconf 85' lang='lat' dir='ltr'><strong>consuetudine</strong></span> <span class='ocrx_word' id='word_1_412' title='bbox 1686 2463 1740 2495; x_wconf 89' lang='lat' dir='ltr'><strong>di-</strong></span> 
     </span>
     <span class='ocr_line' id='line_1_53' title="bbox 970 2519 1128 2544; baseline -0.013 0"><span class='ocrx_word' id='word_1_413' title='bbox 970 2520 1041 2544; x_wconf 89' lang='lat' dir='ltr'><strong>ctus</strong></span> <span class='ocrx_word' id='word_1_414' title='bbox 1068 2519 1128 2543; x_wconf 85' lang='lat' dir='ltr'><strong>est.</strong></span> 
     </span>
    </p>

    <p class='ocr_par' dir='ltr' id='par_1_17' title="bbox 967 2551 1741 2913">
     <span class='ocr_line' id='line_1_54' title="bbox 1034 2551 1741 2598; baseline -0.007 -9"><span class='ocrx_word' id='word_1_415' title='bbox 1034 2557 1254 2597; x_wconf 78' lang='lat' dir='ltr'><strong>nequicquam]</strong></span> <span class='ocrx_word' id='word_1_416' title='bbox 1281 2565 1343 2598; x_wconf 82' lang='lat' dir='ltr'><strong>pro</strong></span> <span class='ocrx_word' id='word_1_417' title='bbox 1362 2557 1481 2595; x_wconf 80' lang='lat' dir='ltr'><strong>frustra</strong></span> <span class='ocrx_word' id='word_1_418' title='bbox 1499 2551 1635 2596; x_wconf 87' lang='lat' dir='ltr'><strong>proprie</strong></span> <span class='ocrx_word' id='word_1_419' title='bbox 1653 2556 1741 2595; x_wconf 72' lang='lat' dir='ltr'><strong>poe·-</strong></span> 
     </span>
     <span class='ocr_line' id='line_1_55' title="bbox 967 2597 1740 2640; baseline -0.003 -7"><span class='ocrx_word' id='word_1_420' title='bbox 967 2608 1075 2633; x_wconf 83' lang='lat' dir='ltr'><strong>tarum</strong></span> <span class='ocrx_word' id='word_1_421' title='bbox 1110 2613 1180 2632; x_wconf 85' lang='lat' dir='ltr'><strong>esse</strong></span> <span class='ocrx_word' id='word_1_422' title='bbox 1214 2601 1313 2632; x_wconf 84' lang='lat' dir='ltr'><strong>docet</strong></span> <span class='ocrx_word' id='word_1_423' title='bbox 1348 2601 1494 2639; x_wconf 80' lang='lat' dir='ltr'><strong>Wolfius,</strong></span> <span class='ocrx_word' id='word_1_424' title='bbox 1531 2597 1596 2640; x_wconf 83' lang='lat' dir='ltr'><strong>legi</strong></span> <span class='ocrx_word' id='word_1_425' title='bbox 1627 2604 1740 2631; x_wconf 87' lang='lat' dir='ltr'><strong>tamen</strong></span> 
     </span>
     <span class='ocr_line' id='line_1_56' title="bbox 968 2643 1741 2687; baseline -0.003 -9"><span class='ocrx_word' id='word_1_426' title='bbox 968 2646 1062 2678; x_wconf 82' lang='lat' dir='ltr'><strong>addit</strong></span> <span class='ocrx_word' id='word_1_427' title='bbox 1075 2648 1208 2678; x_wconf 79' lang='lat' dir='ltr'><strong>Orellius</strong></span> <span class='ocrx_word' id='word_1_428' title='bbox 1228 2658 1280 2687; x_wconf 82' lang='lat' dir='ltr'><strong>ap.</strong></span> <span class='ocrx_word' id='word_1_429' title='bbox 1299 2645 1333 2676; x_wconf 95' lang='lat' dir='ltr'><strong>C.</strong></span> <span class='ocrx_word' id='word_1_430' title='bbox 1356 2655 1418 2686; x_wconf 81' lang='lat' dir='ltr'><strong>pro</strong></span> <span class='ocrx_word' id='word_1_431' title='bbox 1434 2643 1566 2682; x_wconf 83' lang='lat' dir='ltr'><strong>Quinet.</strong></span> <span class='ocrx_word' id='word_1_432' title='bbox 1593 2643 1654 2675; x_wconf 76' lang='lat'><strong>25:</strong></span> <span class='ocrx_word' id='word_1_433' title='bbox 1681 2650 1741 2684; x_wconf 86' lang='lat' dir='ltr'><strong>„et</strong></span> 
     </span>
     <span class='ocr_line' id='line_1_57' title="bbox 968 2690 1740 2732; baseline -0.001 -10"><span class='ocrx_word' id='word_1_434' title='bbox 968 2702 1065 2729; x_wconf 80' lang='lat' dir='ltr'><strong>sero,</strong></span> <span class='ocrx_word' id='word_1_435' title='bbox 1092 2698 1125 2722; x_wconf 87' lang='lat' dir='ltr'><strong>et</strong></span> <span class='ocrx_word' id='word_1_436' title='bbox 1148 2692 1353 2730; x_wconf 81' lang='lat' dir='ltr'><strong>nequicquam</strong></span> <span class='ocrx_word' id='word_1_437' title='bbox 1374 2690 1471 2728; x_wconf 78' lang='lat' dir='ltr'><strong>pudet</strong></span> <span class='ocrx_word' id='word_1_438' title='bbox 1481 2690 1516 2728; x_wconf 88' lang='lat'><strong>,“</strong></span> <span class='ocrx_word' id='word_1_439' title='bbox 1552 2699 1740 2732; x_wconf 86' lang='lat' dir='ltr'><strong>quanquam</strong></span> 
     </span>
     <span class='ocr_line' id='line_1_58' title="bbox 967 2732 1738 2776; baseline -0.003 -8"><span class='ocrx_word' id='word_1_440' title='bbox 967 2736 1051 2768; x_wconf 76' lang='lat' dir='ltr'><strong>haec</strong></span> <span class='ocrx_word' id='word_1_441' title='bbox 1063 2735 1163 2767; x_wconf 80' lang='lat' dir='ltr'><strong>verba</strong></span> <span class='ocrx_word' id='word_1_442' title='bbox 1180 2746 1218 2766; x_wconf 81' lang='lat' dir='ltr'><strong>ex</strong></span> <span class='ocrx_word' id='word_1_443' title='bbox 1237 2734 1365 2769; x_wconf 78' lang='lat' dir='ltr'><strong>comico</strong></span> <span class='ocrx_word' id='word_1_444' title='bbox 1382 2732 1493 2776; x_wconf 83' lang='lat' dir='ltr'><strong>aliquo</strong></span> <span class='ocrx_word' id='word_1_445' title='bbox 1509 2736 1609 2776; x_wconf 69' lang='lat' dir='ltr'><strong>poeta</strong></span> <span class='ocrx_word' id='word_1_446' title='bbox 1625 2733 1678 2765; x_wconf 86' lang='lat' dir='ltr'><strong>vel</strong></span> <span class='ocrx_word' id='word_1_447' title='bbox 1694 2734 1738 2766; x_wconf 86' lang='lat' dir='ltr'><strong>ad</strong></span> 
     </span>
     <span class='ocr_line' id='line_1_59' title="bbox 969 2777 1736 2822; baseline -0.004 -9"><span class='ocrx_word' id='word_1_448' title='bbox 969 2782 1110 2813; x_wconf 80' lang='lat' dir='ltr'><strong>formam</strong></span> <span class='ocrx_word' id='word_1_449' title='bbox 1140 2779 1318 2812; x_wconf 87' lang='lat' dir='ltr'><strong>locutionis</strong></span> <span class='ocrx_word' id='word_1_450' title='bbox 1349 2777 1572 2812; x_wconf 84' lang='lat' dir='ltr'><strong>Terentianae</strong></span> <span class='ocrx_word' id='word_1_451' title='bbox 1599 2779 1736 2822; x_wconf 74' lang='lat' dir='ltr'><strong>(Heaut.</strong></span> 
     </span>
     <span class='ocr_line' id='line_1_60' title="bbox 967 2823 1736 2868; baseline -0.001 -10"><span class='ocrx_word' id='word_1_452' title='bbox 967 2828 1009 2859; x_wconf 84' lang='lat' dir='ltr'><strong>Il.</strong></span> <span class='ocrx_word' id='word_1_453' title='bbox 1035 2826 1076 2864; x_wconf 79' lang='lat'><strong>3,</strong></span> <span class='ocrx_word' id='word_1_454' title='bbox 1101 2823 1184 2858; x_wconf 71' lang='lat'><strong>104:</strong></span> <span class='ocrx_word' id='word_1_455' title='bbox 1220 2824 1322 2857; x_wconf 89' lang='lat' dir='ltr'><strong>hodie</strong></span> <span class='ocrx_word' id='word_1_456' title='bbox 1349 2835 1424 2856; x_wconf 84' lang='lat' dir='ltr'><strong>sero</strong></span> <span class='ocrx_word' id='word_1_457' title='bbox 1455 2835 1494 2856; x_wconf 88' lang='lat' dir='ltr'><strong>ac</strong></span> <span class='ocrx_word' id='word_1_458' title='bbox 1516 2824 1736 2868; x_wconf 84' lang='lat' dir='ltr'><strong>nequicquam</strong></span> 
     </span>
     <span class='ocr_line' id='line_1_61' title="bbox 967 2868 1551 2913; baseline -0.009 -8"><span class='ocrx_word' id='word_1_459' title='bbox 967 2871 1073 2913; x_wconf 81' lang='lat' dir='ltr'><strong>voles)</strong></span> <span class='ocrx_word' id='word_1_460' title='bbox 1103 2882 1258 2913; x_wconf 82' lang='lat' dir='ltr'><strong>expressa</strong></span> <span class='ocrx_word' id='word_1_461' title='bbox 1280 2869 1386 2901; x_wconf 88' lang='lat' dir='ltr'><strong>videri</strong></span> <span class='ocrx_word' id='word_1_462' title='bbox 1409 2868 1551 2912; x_wconf 86' lang='lat' dir='ltr'><strong>possint.</strong></span> 
     </span>
    </p>

    <p class='ocr_par' dir='ltr' id='par_1_18' title="bbox 967 2913 1739 3008">
     <span class='ocr_line' id='line_1_62' title="bbox 1033 2913 1739 2958; baseline -0.004 -9"><span class='ocrx_word' id='word_1_463' title='bbox 1033 2918 1162 2958; x_wconf 81' lang='lat' dir='ltr'><strong>cohibet]</strong></span> <span class='ocrx_word' id='word_1_464' title='bbox 1192 2915 1247 2948; x_wconf 89' lang='lat' dir='ltr'><strong>Sic</strong></span> <span class='ocrx_word' id='word_1_465' title='bbox 1281 2921 1371 2947; x_wconf 83' lang='lat' dir='ltr'><strong>recte</strong></span> <span class='ocrx_word' id='word_1_466' title='bbox 1399 2925 1439 2947; x_wconf 87' lang='lat' dir='ltr'><strong>ex</strong></span> <span class='ocrx_word' id='word_1_467' title='bbox 1477 2914 1629 2947; x_wconf 81' lang='lat' dir='ltr'><strong>omnibus</strong></span> <span class='ocrx_word' id='word_1_468' title='bbox 1664 2913 1739 2946; x_wconf 78' lang='lat' dir='ltr'><strong>fere</strong></span> 
     </span>
     <span class='ocr_line' id='line_1_63' title="bbox 967 2958 1734 3008; baseline -0.005 -13"><span class='ocrx_word' id='word_1_469' title='bbox 967 2961 1066 2996; x_wconf 86' lang='lat' dir='ltr'><strong>codd.</strong></span> <span class='ocrx_word' id='word_1_470' title='bbox 1085 2960 1224 3005; x_wconf 83' lang='lat' dir='ltr'><strong>legitur,</strong></span> <span class='ocrx_word' id='word_1_471' title='bbox 1249 2971 1437 3008; x_wconf 83' lang='lat' dir='ltr'><strong>quanquam</strong></span> <span class='ocrx_word' id='word_1_472' title='bbox 1454 2966 1622 2993; x_wconf 82' lang='lat' dir='ltr'><strong>structura</strong></span> <span class='ocrx_word' id='word_1_473' title='bbox 1640 2958 1734 2992; x_wconf 83' lang='lat' dir='ltr'><strong>verbi</strong></span> 
     </span>
    </p>
   </div>
  </div>
 </body>
</html>
