1843 3101
178 73 261 116 158
728 81 895 115 LIBER
919 82 961 116 11.
984 80 1050 122 21,
1073 79 1128 115 48.
1153 78 1207 114 49.

175 164 272 206 nihil
305 172 413 207 esset
443 164 598 206 homine
632 163 862 204 deformius.
926 160 1006 204 Sed
1039 169 1194 218 praesto
1229 167 1291 202 est
1323 159 1482 201 domina
1511 158 1684 201 omnium
1718 164 1759 199 et

174 239 336 295 regina,
381 240 482 281 ratio
498 271 508 290 ,
553 251 651 293 quae
676 237 848 278 connixa
871 251 942 292 per
971 251 1015 278 se
1040 243 1080 278 et
1105 249 1318 292 progressa
1343 234 1499 290 longius
1522 234 1565 275 fit
1584 233 1759 289 perfecta

174 314 317 357 virtus.
380 313 491 354 llaec
516 320 556 353 ut
575 313 739 368 imperet
763 312 816 352 illi
839 311 936 368 parti
961 311 1103 363 animi,
1150 324 1249 365 quae
1274 310 1434 351 obedire
1457 308 1597 360 debet,
1641 307 1680 348 id
1697 306 1758 349 vi-

174 389 340 429 dendum
372 395 432 429 est
454 387 556 429 viro,
621 392 690 428 48.
726 385 908 440 Quonam
938 387 1080 428 modo?
1122 385 1291 440 inquies.
1324 408 1381 414 —
1410 382 1488 426 Vel
1511 390 1554 425 ut
1578 381 1758 423 dominus

173 478 316 514 serv0,
360 462 424 503 vel
446 468 487 502 ut
505 461 718 517 imperator
741 461 874 513 militi,
917 462 981 502 vel
1004 468 1046 501 ut
1074 474 1216 516 parens
1239 459 1332 500 lilio.
1397 455 1442 500 Si
1466 457 1689 513 turpissime
1713 469 1757 497 se

175 537 237 577 illa
257 551 345 592 pars
365 535 482 577 animi
502 543 630 591 geret,
655 550 768 591 quam
789 536 868 576 dixi
891 549 981 576 esse
998 536 1176 586 mollem,
1206 534 1237 575 si
1257 547 1300 574 se
1317 532 1498 573 lamentis
1514 530 1759 573 muliebriter

171 611 422 666 lacrimisque
446 611 581 651 dedet:
616 610 813 652 vinciatur
829 618 868 651 et
886 611 1179 664 constringatur
1199 609 1412 649 amicorum
1432 606 1758 662 propinquorum-

172 700 246 741 que
269 686 472 727 custodiis.
536 684 668 741 Saepe
699 685 800 726 enim
823 685 1001 725 videmus
1026 686 1169 724 fractos
1192 684 1361 739 pudore,
1396 681 1460 737 qui
1480 681 1633 722 ratione
1653 679 1758 720 nulla

170 760 442 801 vincerentur.
504 759 615 814 Ergo
632 760 702 800 bos
724 759 893 814 quidem,
929 767 971 800 ut
987 759 1165 809 famulos,
1193 757 1334 799 vinclis
1352 770 1470 812 prope
1489 769 1535 797 ac
1553 754 1756 805 custodia3

170 835 235 890 qui
254 843 383 876 autem
405 842 520 875 erunt
542 835 750 884 firmiores,
781 847 854 874 nec
877 841 1004 873 tamen
1023 831 1304 883 robustissimi,
1328 831 1399 872 hos
1424 830 1623 872 admonitu
1641 842 1758 885 opor-

172 909 282 961 tebit,
308 909 486 950 utbonos
502 909 661 959 milites,
681 914 891 948 revocatos
911 907 1138 961 dignitatem
1156 906 1272 947 tueri.
1308 905 1403 947 Non
1422 905 1537 946 nimis
1553 902 1758 961 inNiptris

169 983 234 1025 ille
259 984 574 1040 sapientissimus
604 982 799 1024 Graeciae
825 981 982 1022 saucius
1006 982 1265 1032 lamentatur,
1298 980 1363 1022 vel
1387 979 1540 1020 modice
1571 978 1725 1035 potius:

332 1060 583 1104 I'mleldnle'm,
619 1059 755 1109 inquit,
787 1064 826 1094 et
852 1056 989 1096 sedato'
1016 1056 1133 1097 nisti!

330 1134 390 1172 N(-
419 1136 601 1171 succussu
633 1131 799 1183 cirm'pe'dl
829 1131 953 1171 ηιαίόι·

331 1209 451 1245 Dolor

170 1286 239 1323 49.
275 1279 490 1335 (Pacuvius
526 1280 598 1321 boe
633 1279 798 1330 melius,
847 1293 960 1333 quam
986 1275 1227 1333 Sophocle83
1276 1277 1375 1332 apud
1401 1276 1508 1318 illum
1541 1275 1646 1317 enim
1665 1288 1755 1329 per-

170 1370 283 1411 quam
307 1356 489 1396 flebiliter
508 1352 649 1395 L'lixes
676 1345 920 1393 lamentatur'
943 1352 983 1392 in
1007 1352 1172 1393 vulnere
1187 1352 1218 1405 ς)
1246 1359 1375 1393 tamen
1407 1350 1495 1391 huic
1521 1350 1664 1392 leviter
1687 1364 1756 1406 ge-

167 1429 316 1481 menti,
359 1429 412 1469 illi
437 1428 536 1484 ipsi,
581 1428 645 1482 qui
671 1428 802 1468 l'erunt
823 1427 996 1467 saucium
1015 1459 1025 1478 ‚
1061 1440 1254 1482 personae
1279 1426 1513 1481 gravitatem
1537 1424 1754 1477 intuentes,

168 1518 246 1545 non
279 1503 455 1544 dubitant
486 1503 642 1543 dicere:

335 1580 389 1617 Tu
419 1579 585 1629 quoqne,
626 1578 756 1615 witz-As
770 1607 780 1623 ,
817 1575 1038 1628 qnamqmim
1065 1573 1240 1626 graviter·

332 1654 532 1692 Cernimus
562 1649 676 1690 sellim
690 1681 700 1698 ,
735 1649 846 1689 nimis
869 1665 991 1702 paene
1020 1650 1142 1688 (inimo
1174 1651 1214 1687 εἷς

327 1726 464 1774 Molli,
500 1728 569 1778 que'
594 1723 795 1764 consuetus
825 1727 863 1763 in
894 1723 1011 1763 armis

327 1804 469 1840 Aevom
501 1799 630 1851 sigere.

164 1874 354 1930 Intelligit
375 1879 490 1930 po'e‘ta
515 1873 710 1929 prudens,
744 1872 895 1913 ferendi
921 1870 1066 1913 doloris
1095 1869 1419 1912 consuetudinem
1445 1882 1534 1911 esse
1556 1883 1635 1911 non
1660 1883 1755 1911 con-

234 1985 371 2015 connixa
386 1993 443 2022 per
462 1981 506 2025 se]
532 1982 575 2013 H.
594 1994 622 2013 e.
640 1981 705 2013 suis
726 1980 798 2023 ipsa
819 1980 944 2012 viribus
979 1980 1034 2011 Sic
1057 1978 1185 2023 saepius
1206 1980 1258 2011 ille
1279 1977 1322 2010 ad
1343 1989 1464 2010 nomen
1487 1976 1675 2021 proximum
1696 1990 1754 2010 re-

165 2034 361 2061 sustentata.
398 2028 470 2058 Fin.
482 2028 521 2058 V.
540 2029 587 2065 15,
601 2025 663 2059 4’:
687 2029 945 2067 connitunturque
979 2026 1096 2058 sertui.
1146 2026 1253 2065 Quem
1275 2023 1461 2067 impiobat‚
1487 2022 1580 2067 quasi
1608 2023 1753 2056 removit

170 2074 313 2124 (parvi),
339 2080 375 2105 ut
396 2084 467 2104 sese
493 2072 633 2114 erig-int.
980 2070 1194 2114 cogitatione

240 2117 297 2153 45.
333 2120 494 2160 cusiodiis]
533 2117 700 2160 Respicit,
727 2123 762 2148 ut
788 2117 944 2148 observat
1046 2126 1195 2157 personae
1210 2117 1413 2158 gyravitatem]
1436 2115 1477 2147 H.
1491 2126 1519 2147 e.
1535 2114 1638 2147 vitam
1656 2115 1753 2159 prio-

170 2167 324 2206 wolfius,
370 2164 480 2206 legum
514 2164 592 2194 ΧΠ.
632 2162 722 2193 11111).
764 2164 805 2198 (V
810 2164 831 2201 ,3
875 2164 943 2194 SEI
978 2175 1066 2201 rem,
1110 2162 1141 2193 in
1182 2174 1245 2205 qua
1280 2161 1391 2193 Ulixes
1426 2172 1588 2193 summam
1621 2172 1753 2213 semper

166 2212 252 2243 FOV
257 2188 422 2242 RIOSOSD
446 2210 536 2240 AVT
571 2199 784 2240 PRODICOS
816 2208 942 2240 ESCIT
979 2207 1171 2240 ostendeiat
1191 2207 1398 2250 gravitatem.
1445 2209 1585 2239 Persona
1606 2207 1639 2241 h.
1658 2206 1680 2239 l.
1703 2206 1753 2239 si-

165 2255 476 2289 ADCNATOROM
491 2254 940 2293 CENTILIOMQVEEWS
976 2254 1112 2296 gnificat
1135 2261 1259 2296 partes,
1285 2264 1363 2295 quus
1387 2251 1499 2284 Ulixes
1523 2252 1555 2284 in
1579 2252 1648 2285 vita
1669 2264 1752 2296 ege·-

164 2303 337 2335 POTEST
342 2302 391 2332 AS
414 2300 568 2332 ESTOD.
603 2300 686 2331 AST
710 2300 750 2330 EI
775 2299 940 2331 CVSTOS
975 2306 1038 2332 rat.
1098 2300 1137 2330 V.
1159 2298 1201 2329 de
1225 2298 1289 2330 hoc
1311 2309 1344 2330 v.
1367 2300 1527 2330 Bremium
1547 2298 1591 2331 ad
1616 2298 1751 2331 Comel.

166 2347 256 2380 NEC
282 2346 411 2379 ESCIT
437 2344 530 2389 (Zell.
555 2356 586 2387 p.
599 2342 666 2386 '4.)
978 2345 1066 2388 Nep.
1089 2343 1196 2375 Praef.
1219 2356 1251 2386 p.
1271 2344 1303 2376 ὃ.

246 2395 279 2425 in
310 2393 443 2434 Niptris]
493 2389 655 2431 ,,Νίτ·τρα
691 2385 715 2431 ἦ
749 2386 899 2423 '0825OE
903 2387 942 2427 ὓς
1042 2401 1104 2422 non
1127 2390 1283 2421 dubitant}
1322 2387 1376 2419 Sic
1399 2393 1492 2420 recte
1518 2390 1571 2421 Or.
1597 2400 1624 2420 c.
1647 2389 1704 2421 W.
1729 2399 1748 2420 e

166 2436 387 2480 οἷκανὲῐοτῑληξ
410 2442 461 2468 est
486 2446 607 2467 nomen
634 2434 765 2466 fabulae
789 2434 940 2466 scenicae
976 2435 1083 2467 Rehd.
1109 2442 1143 2466 et
1167 2434 1267 2465 duob.
1291 2433 1429 2465 Lallem.
1455 2432 1554 2465 codd.
1585 2444 1646 2477 pro
1671 2434 1747 2466 vul-

167 2484 367 2528 Sophoclis,
393 2481 481 2514 cuius
507 2486 737 2523 argumentum
764 2480 827 2511 fuit
851 2491 940 2511 mors
974 2488 1052 2523 gato
1085 2483 1269 2513 dubitarunt
1300 2478 1413 2516 dedit;
1457 2479 1500 2511 cf.
1531 2481 1675 2511 Goerenz.
1705 2478 1748 2511 ad

166 2530 274 2562 Ulixis
296 2536 402 2573 pastui
407 2539 485 2560 icae
510 2526 637 2570 [piscis]
656 2525 749 2557 radio
768 2523 941 2568 [Touyoiog
977 2524 1382 2567 Acad.11‚16.p.97.,
1417 2523 1474 2568 qui
1504 2530 1602 2556 acute
1629 2523 1749 2557 obser-

167 2575 310 2620 κέντρῳ]
334 2574 393 2607 icti
413 2586 431 2606 a
452 2572 624 2616 Telegono
647 2571 723 2602 filio
765 2571 861 2602 Hanc
884 2570 939 2601 fa-
974 2571 1277 2614 vavit‚pr1esens
1309 2582 1327 2600 a
1354 2569 1512 2601 Cicerone
1543 2568 1645 2611 poni,
1691 2568 1747 2602 ubi

166 2622 278 2653 butam
301 2620 461 2653 Pacuvius
484 2618 620 2650 latinam
646 2616 726 2648 feeit
750 2616 803 2648 vel
828 2616 938 2658 potius
977 2621 1076 2670 poe'ta
1093 2617 1231 2660 loquens
1246 2614 1469 2646 induceretur.
1517 2613 1611 2645 Infra
1624 2615 1679 2647 1V.
1693 2613 1747 2656 21,

166 2667 315 2699 imitatus
337 2673 396 2698 est.
437 2666 557 2697 Versus
581 2662 674 2696 citati
693 2668 770 2693 sunt
791 2673 808 2692 e
830 2662 938 2693 Pacu-
973 2661 1037 2695 45:
1061 2669 1096 2693 ut
1116 2665 1228 2694 narrat
1250 2659 1406 2692 Lucilius.
1442 2659 1584 2691 Omnino
1607 2659 1641 2692 in
1660 2660 1748 2693 alio-

167 2712 259 2745 vio.“
306 2714 447 2745 Neidius.
777 2718 779 2724 ¹
974 2720 1046 2740 rum
1071 2707 1178 2739 verbis
1201 2706 1415 2737 sententiisve
1438 2704 1616 2737 afferendis
1645 2717 1748 2749 prae-

234 2758 440 2799 Pedelentim]
477 2758 561 2788 Sunt
590 2765 701 2787 versus
726 2751 938 2796 anapaestiei.
973 2753 1076 2785 sentis
1100 2764 1173 2784 usus
1197 2751 1361 2794 legitimus
1385 2751 1456 2782 fere
1481 2757 1542 2782 est.
1591 2752 1697 2795 Supra
1717 2753 1742 2784 Ι.

169 2804 343 2835 Sententia
363 2804 481 2835 horum
500 2812 653 2834 versuum
677 2805 727 2831 est
746 2799 846 2830 haec:
874 2799 939 2830 Pe-
976 2800 1027 2837 15,
1050 2796 1112 2830 42:
1140 2809 1238 2842 quam
1259 2803 1370 2829 tamen
1385 2796 1592 2828 Democritus
1607 2817 1651 2821 —
1667 2797 1745 2830 ani-

169 2847 332 2881 detentim
351 2849 438 2881 ferte
457 2859 577 2892 corpus
594 2857 704 2879 meum
724 2852 757 2877 et
769 2843 892 2876 lento'
883 2855 939 2875 111-
974 2844 1095 2876 malem
1116 2855 1188 2875 esse
1204 2845 1282 2875 vult.
1330 2843 1420 2874 Infra
1435 2843 1488 2874 lV.
1501 2843 1556 2881 55,
1571 2842 1611 2876 71
1627 2854 1633 2874 τ
1659 2854 1744 2887 quae

170 2904 272 2934 cessu,
299 2906 339 2926 ne
359 2894 607 2926 vehementiore
630 2890 811 2936 agitatione
832 2889 939 2922 maior
973 2889 1015 2921 de
1034 2890 1189 2921 iuvenum
1212 2899 1325 2920 amore
1345 2890 1451 2921 scribit
1470 2887 1620 2920 Alcaeus.
1678 2888 1747 2921 Sed

168 2936 268 2970 dolor
290 2951 343 2970 me
367 2939 514 2983 arripiat.
972 2935 1099 2975 11L31,
1124 2934 1178 2969 76.
1204 2946 1231 2966 c.
1252 2933 1419 2977 plerisque
1443 2932 1542 2966 codd.
1566 2933 1746 2978 legendum

237 2980 292 3016 49.
339 2987 428 3025 apud
461 2985 575 3028 illum]
617 2983 695 3017 Scil.
722 2981 935 3026 Sophoclem.
970 2983 1139 3024 respondit.
1186 2979 1390 3024 Legitimum
1412 2990 1569 3024 praeseus
1591 2986 1664 3020 est,
1689 2979 1746 3014 ubi
