1843 3085
598 591 659 634 M.
697 590 929 634 TULLn
963 588 1331 633 CICERoNJs

331 685 950 743 TUSCULANARUM
991 682 1618 742 DISPUTATIONUM

940 825 998 849 AD

800 899 846 932 M.
883 899 1130 932 BRUTUM

648 980 853 1019 LIBER
900 978 1279 1019 SECUNDUS.

288 1154 322 1196 I.
366 1161 404 1196 1.
439 1151 726 1207 Neoptolemus
754 1150 907 1205 quidem
937 1149 1036 1204 apud
1066 1147 1237 1189 Ennium
1258 1147 1567 1203 philosophari
1590 1147 1672 1190 sibi
1699 1148 1755 1190 ait

175 1244 347 1274 necesse
366 1242 482 1278 esse,
513 1226 590 1268 sed
608 1226 763 1280 paucis
775 1241 789 1273 ,-
820 1224 1103 1265 namomnino
1121 1222 1239 1264 hcmd
1253 1222 1449 1277 placere.
1492 1217 1580 1278 Ego
1602 1229 1751 1275 autem,
1814 1267 1820 1273 Ι

173 1305 322 1356 Brute,
370 1314 537 1343 neeesse
567 1299 659 1339 mihi
693 1299 843 1352 quidem
881 1311 969 1338 esse
1002 1297 1171 1337 arbitror
1206 1296 1492 1352 philosophari3
1537 1310 1624 1337 nam
1661 1296 1752 1351 quid

173 1393 356 1436 possum,
399 1373 631 1430 praesertim
659 1372 753 1412 nihil
777 1385 924 1425 agens,
959 1384 1077 1425 agere
1100 1371 1268 1411 melius?
1308 1371 1377 1411 sed
1409 1384 1487 1411 non
1512 1370 1670 1426 paucis,
1709 1377 1752 1412 ut

172 1455 253 1495 ille.
314 1449 480 1492 Difficile
513 1454 573 1487 est
600 1446 701 1486 enim
738 1446 774 1485 in
809 1445 1051 1500 philosophia
1076 1458 1197 1499 pauca
1232 1458 1321 1485 esse
1351 1444 1387 1485 ei
1420 1450 1536 1496 nota,
1578 1445 1641 1485 cui
1668 1458 1751 1485 non

174 1529 253 1570 sint
276 1533 342 1567 aut
359 1525 544 1579 pleraque
560 1552 570 1571 ,
604 1527 671 1561 aut
692 1519 836 1560 omnia.
889 1517 994 1559 Nam
1018 1532 1090 1559 nec
1111 1532 1231 1574 pauca
1256 1518 1331 1558 nisi
1351 1531 1372 1558 e
1395 1517 1526 1559 multis
1546 1517 1637 1573 eligi
1659 1532 1750 1573 pos-

172 1608 285 1652 sunt,
329 1612 425 1647 ne0‚
473 1596 537 1650 qui
569 1609 691 1650 pauca
723 1592 966 1648 perceperit,
1015 1607 1093 1632 non
1126 1592 1227 1632 idem
1266 1592 1416 1646 reliqua
1448 1592 1587 1633 eodem
1607 1591 1748 1633 >studio

171 1679 442 1733 persequetur.
504 1677 544 1710 2.
581 1667 660 1710 Sed
688 1675 817 1708 tamen
851 1666 890 1707 iu
921 1667 1001 1706 vita
1035 1673 1221 1720 occupata
1246 1672 1388 1720 atque,
1431 1673 1474 1706 ut
1494 1664 1746 1721 Neoptolemi

170 1759 251 1791 tum
272 1755 382 1797 erat,
421 1743 579 1786 militari
606 1756 725 1798 pauca
754 1742 837 1796 ipsa
858 1740 1017 1781 multum
1040 1753 1156 1795 saepe
1179 1747 1343 1794 prosunt
1364 1746 1404 1780 et
1427 1741 1558 1781 ferunt
1581 1741 1745 1792 fructus,

171 1826 205 1867 si
228 1838 307 1865 non
329 1828 483 1870 tantos,
515 1817 648 1872 quanti
672 1830 725 1856 ex
747 1815 932 1856 universa
958 1814 1202 1869 philosophia
1223 1813 1368 1869 percipi
1391 1820 1580 1869 possunt,
1615 1821 1746 1855 tamen

171 1913 240 1940 eos
256 1929 266 1949 ,
301 1896 437 1950 quibus
461 1893 590 1947 aliqua
613 1905 665 1931 ex
687 1897 797 1945 parte
818 1889 1011 1930 interdum
1036 1895 1102 1928 aut
1122 1887 1358 1943 cupiditate,
1391 1895 1458 1928 aut
1479 1887 1740 1942 aegritudine,

171 1979 238 2013 aut
266 1977 372 2010 metu
407 1968 633 2008 liberemur.
705 1962 827 2005 Velut
857 1977 909 2004 ex
948 1976 995 2004 ea
1029 1961 1311 2017 disputatione,
1358 1975 1458 2016 quae
1495 1960 1588 2003 mihi
1619 1975 1746 2017 nuper

170 2045 302 2087 habita
329 2049 388 2083 est
411 2041 451 2081 in
472 2039 700 2080 Tusculano
718 2070 727 2088 ‚
770 2051 912 2092 magna
936 2036 1143 2077 videbatur
1164 2035 1301 2077 mortis
1323 2035 1464 2076 effecta
1490 2035 1743 2091 contemptio,

242 2152 321 2184 cst.
339 2151 363 2181 Ῐ.
390 2147 420 2181 1.
443 2146 669 2188 philosophari]
699 2144 823 2176 Gellius
841 2145 883 2176 N.
903 2147 941 2176 A.

171 2200 213 2230 V.
239 2199 300 2230 15:
326 2194 511 2227 Ennianum
536 2191 794 2234 Neoptolemum
816 2190 941 2232 probu-

171 2245 306 2280 bamus,
345 2239 400 2284 qui
434 2238 589 2281 profecto
621 2237 667 2267 ita
698 2236 761 2267 ait:
801 2238 941 2267 Philoso-

170 2290 334 2332 phandum
362 2289 405 2317 est
435 2285 568 2324 paucis;
602 2292 676 2313 num
703 2283 826 2313 omnino
855 2282 941 2312 haud

170 2338 283 2378 placet.
307 2351 353 2357 -—
399 2331 448 2361 De
471 2327 648 2370 negatione
670 2328 755 2358 haud
775 2338 805 2357 v.
828 2338 886 2357 uos
906 2325 940 2357 in

176 2382 322 2414 Gramm.
336 2378 375 2409 L.
400 2375 428 2409 G.
445 2374 517 2406 132³».
544 2373 581 2409 (ἢ
606 2372 641 2402 bl
666 2383 698 2414 p·
713 2372 790 2404 350.
814 2371 866 2402 ed.
883 2373 914 2402 2.

242 2436 257 2457 e
281 2414 498 2460 multis—eliyi‘j
535 2419 744 2455 lleusinqerus
773 2416 814 2447 ad
839 2417 938 2447 Corn.

174 2473 262 2514 Nep.
283 2467 404 2512 Agesil.
423 2467 448 2497 Ι.
463 2465 501 2497 ὃς
526 2465 707 2503 ,‚deli9i!ur,
727 2461 782 2504 qui
803 2473 841 2492 ex
860 2461 939 2503 plu—

173 2518 282 2554 ribus,
307 2514 366 2546 sed
389 2509 536 2546 idoneis3
558 2510 693 2548 eligitur,
717 2506 772 2549 qui
795 2518 833 2537 ex
856 2517 939 2549 pro-

173 2563 296 2595 miscua
331 2555 542 2591 multitudine
575 2551 730 2595 legitur.‘⁴
781 2551 831 2582 Cf.
865 2553 938 2583 Bre-

172 2611 272 2640 mium
292 2606 334 2637 ad
348 2604 461 2645 Pelop.
478 2601 518 2638 11,
536 2600 567 2633 2.
585 2610 617 2642 p.
630 2596 707 2630 233.
732 2603 766 2627 et
784 2597 939 2628 Kritzz'um

173 2654 216 2687 ad
242 2652 319 2684 Sall.
346 2650 417 2681 Cat.
439 2648 505 2684 VI,
530 2644 562 2678 6.
774 2686 781 2692 .

239 2699 272 2731 2.
305 2698 382 2729 mihi.
404 2713 449 2718 -—
472 2691 592 2732 habita]
627 2686 726 2731 Apud
747 2687 938 2718 C1cer0nem

170 2744 275 2778 rarior
295 2738 510 2775 constructio.
555 2736 657 2767 Recte
680 2732 779 2764 docet
801 2733 939 2782 Kritzius

173 2790 215 2822 ad
234 2789 313 2821 Sall.
336 2789 404 2829 lug.
423 2783 546 2822 XLVI,
571 2781 617 2818 3.‚
643 2778 746 2811 ubivis
768 2787 937 2829 propnarn

172 2835 275 2867 dativi
308 2836 531 2877 potestatem,
567 2837 664 2870 quem
695 2824 846 2856 commodz
871 2833 936 2853 vo-

174 2887 260 2919 cant,
288 2879 336 2911 ita
357 2876 466 2910 valere
480 2900 488 2912 ,
513 2879 550 2904 ut
570 2872 596 2903 is
620 2881 710 2903 casus
733 2867 824 2899 nullo
849 2878 933 2909 neg-

172 2925 242 2958 otio
262 2923 395 2955 averbo
421 2919 528 2963 repeti
551 2917 668 2961 possit,
691 2913 792 2946 modo
808 2920 933 2952 teneas,

170 2970 346 3003 multorum
389 2965 564 2998 verborum
597 2962 762 3007 passivam
791 2959 934 2991 formam

976 2143 1220 2175 intransitivam
1253 2149 1309 2175 aut
1334 2142 1524 2175 reflexivam
1547 2141 1747 2175 sententiam

976 2189 1108 2227 habere,
1136 2196 1171 2220 ut
1192 2189 1222 2220 h.
1242 2188 1263 2220 l.
1284 2190 1361 2221 mihi
1383 2190 1491 2221 habita
1510 2193 1554 2221 est
1567 2188 1655 2220 idem
1673 2188 1746 2220 fere

975 2235 1029 2273 sit,
1055 2233 1144 2277 quod
1165 2236 1242 2265 mihi
1260 2235 1329 2274 fuit.
1362 2233 1566 2276 Praepositio
1583 2236 1622 2265 ab
1637 2246 1663 2266 c.
1679 2233 1744 2265 abl.

976 2279 1106 2322 passivo
1129 2279 1282 2310 adiuncta
1318 2278 1400 2310 nihil
1428 2278 1516 2310 aliud
1539 2278 1600 2310 nisi
1625 2285 1746 2311 aucto-

975 2337 1044 2356 rem
1079 2324 1218 2356 actionis
1252 2323 1435 2366 significat3
1472 2323 1602 2355 dativus
1633 2330 1745 2356 autem

973 2377 1143 2402 auctorem
1162 2369 1255 2401 simul
1281 2376 1438 2412 tanquam
1461 2380 1535 2401 eum
1559 2369 1676 2412 ponit,
1701 2369 1745 2402 ad

975 2428 1071 2459 quern
1091 2415 1177 2447 actio
1201 2415 1373 2446 redundet.
1421 2414 1598 2457 Compares
1620 2414 1741 2447 modo:

974 2463 1095 2501 aliquid
1110 2472 1129 2493 a
1144 2471 1176 2492 m
1187 2471 1202 2492 e
1216 2463 1368 2501 probatur
1386 2471 1476 2492 cum:
1503 2462 1625 2501 aliquid
1640 2461 1744 2492 mihi
1803 2478 1812 2488 =

971 2509 1122 2546 probatur
1146 2506 1248 2549 (quod
1270 2505 1357 2537 idem
1382 2505 1452 2537 fere
1476 2512 1546 2543 est,
1573 2504 1662 2548 quod
1683 2508 1743 2537 ali-

973 2553 1048 2591 quid
1069 2553 1146 2583 mihi
1165 2551 1293 2591 placet).
1340 2551 1394 2583 Sic
1417 2550 1504 2593 apud
1523 2550 1667 2583 Tullium
1690 2550 1743 2582 le-

972 2603 1113 2638 guntur:
1146 2598 1222 2627 mihi
1241 2598 1363 2636 aliquid
1385 2598 1561 2636 cognitum,
1586 2597 1742 2636 auditum,

972 2645 1181 2680 compertum,
1212 2651 1419 2680 persuasum,
1450 2642 1647 2681 quaesitum,
1671 2650 1742 2673 sus-

972 2690 1114 2725 ceptum,
1148 2688 1321 2716 institutum
1347 2685 1447 2727 (infra
1473 2696 1501 2716 c.
1521 2684 1561 2723 4,
1586 2685 1647 2717 10:
1685 2685 1741 2717 ubi

971 2742 1001 2761 v.
1037 2729 1219 2767 Adnotata)
1233 2754 1241 2767 ‚
1284 2731 1532 2766 consideratum,
1565 2732 1740 2771 provisum,

967 2778 1194 2815 praecautum,
1215 2777 1406 2815 consultum,
1431 2777 1652 2816 deliberatum,
1673 2777 1740 2808 ela-

969 2823 1130 2860 boratum,
1164 2822 1332 2860 cogitatum
1362 2819 1462 2862 (infra
1483 2821 1542 2851 III.
1569 2818 1628 2861 14,
1653 2819 1737 2863 30.)‚

969 2867 1166 2905 concupitum
1189 2866 1257 2907 (IV.
1283 2865 1335 2903 15,
1356 2865 1446 2907 33.)‚
1469 2867 1650 2906 inventum,
1673 2867 1739 2898 evi-

967 2913 1119 2952 gilatum,
1149 2914 1395 2951 pertractatum,
1423 2913 1622 2952 iynoratum,
1645 2914 1738 2943 nota-

967 2960 1052 2996 tum,
1072 2959 1270 2997 perceptum,
1294 2957 1483 2996 laudatum,
1506 2959 1645 2997 captum,
1668 2964 1736 2989 coe-

1834 2851 1843 3085 ἔ
