1859 3149
662 27 812 64 mnnx
835 22 1121 61 nls'romcus.

134 111 277 148 entonis
296 112 480 147 Uticensis.
526 111 766 156 Philosophiae
799 115 874 142 stu-

134 160 251 195 diosus
283 166 318 193 et
348 159 422 205 ipse
453 159 497 192 de
521 157 738 204 philosophia
772 156 875 190 latine

133 205 292 251 scripsit,
325 212 364 239 ut
395 205 440 239 de
469 205 596 239 virtute
619 206 652 245 ὁ,
680 207 708 238 1.
758 203 876 236 Cicero

134 252 346 288 mentionem
377 251 459 286 facit
480 251 647 297 epitomes
667 261 801 302 quoque
834 249 877 281 ab

136 311 180 334 eo
196 298 379 333 confectae
395 310 436 332 ex
451 298 601 332 Historia
615 310 635 330 a
649 297 779 330 Fannio
795 295 878 327 scri-

137 353 199 393 pta
220 344 266 380 ad
286 347 359 378 Att.
382 346 435 385 12.
459 345 492 378 5.
530 343 727 379 Plutarchus
751 342 784 375 iu
807 341 877 374 eius

138 392 211 428 vita
222 397 352 431 narrat,
374 402 450 424 eum
466 390 619 436 proxime
635 397 715 422 ante
733 399 879 433 pugnam

138 437 365 485 pharsaliam
384 449 527 483 vespere
549 437 582 470 in
607 435 739 481 Polybii
767 435 879 468 histo-

137 486 189 520 ria
205 483 417 530 excerpenda
433 491 634 529 occupatum
651 483 766 516 fuisse.
801 481 878 513 No-

138 531 288 567 tissimus
312 538 363 565 est
386 531 431 565 ob
455 531 594 564 caedem
617 541 692 564 cum
709 527 824 561 Cassio
845 527 878 560 in

143 578 323 613 Caesarem
346 577 558 612 commissam
581 577 650 622 (⁴5.
675 588 705 610 a.
727 575 822 618 Chr.)
851 576 880 615 1,

143 625 174 660 ¹.
210 622 244 667 4,
269 625 298 660 t.
334 625 369 669 5,
393 625 422 659 1.
446 624 479 659 4.
502 625 554 660 12.
571 631 636 657 etc.

99 765 256 806 Cadmus,
278 763 458 809 Agenoris,
484 762 572 808 regis
595 762 814 799 Phoenicum.
841 759 883 793 si—

144 810 231 851 lius,
267 810 425 855 Europae
449 810 575 850 frater,
609 809 767 843 conditor
787 807 884 842 The-

146 856 283 896 barum5
319 856 391 890 eius
417 856 505 890 filiae
527 864 623 889 erant
649 858 731 898 luo,
758 860 884 899 Agave,

146 907 326 943 Autonoe,
350 904 486 937 Semele
508 910 544 936 et
573 903 658 936 lilius
684 902 885 948 Polydorus.

148 949 291 995 Reliqua
314 949 392 983 vide
418 962 449 983 v.
472 952 539 984 Ino.
567 950 607 989 l,
628 953 686 983 ’.ἑά

102 998 325 1030 caecatur-um
346 998 440 1029 ittud.
482 997 592 1029 Locus
614 1009 632 1029 e
655 996 760 1029 lutino
785 1001 888 1040 poeta

147 1043 279 1077 comico
307 1042 455 1077 Caecilio
477 1043 610 1083 Statio,
648 1043 706 1088 qui
734 1049 886 1075 mortuus

149 1096 201 1122 est
221 1089 297 1125 170.
321 1102 352 1123 a.
375 1090 454 1123 Chr.
477 1110 523 1116 -—-
547 1091 580 1131 ὅ,
602 1089 658 1125 56.

104 1137 234 1179 Caepio.
267 1136 310 1170 V.
336 1138 503 1170 Ser-vitius.

105 1184 236 1217 caesar.
286 1184 386 1216 Caius
418 1184 519 1217 luttus
554 1185 676 1217 Caesar
701 1184 818 1216 Strabo
855 1187 890 1213 et

151 1231 271 1263 Luctus
291 1231 393 1263 Iulius
415 1232 560 1271 Caesar,
595 1230 652 1274 qui
685 1230 800 1262 consul
826 1228 891 1260 fuit

148 1274 207 1310 91.
225 1287 256 1309 a.
278 1275 378 1316 etun,
405 1275 464 1309 titii
488 1276 642 1321 adoptivi
664 1276 699 1308 C.
716 1275 788 1308 lulii
808 1276 891 1307 Cae-

149 1321 256 1362 saris,
279 1324 336 1357 δῦ.
355 1333 386 1355 a.
411 1321 490 1356 Chr.
520 1335 540 1357 a
567 1322 718 1356 Mariana
741 1321 892 1355 suctione

150 1367 326 1402 interfecti
343 1376 435 1401 suut.

108 1417 274 1458 catanus,
297 1426 381 1448 unus
401 1415 760 1461 gymnosophistarum
787 1413 892 1447 ludo-

153 1473 355 1542 ‘gainam
368 1463 785 1555 ‹gizyilrliiixeffidsetibiigtstini'
790 1469 894 1540 ,ζιῐιυηιῃ-1

153 1566 245 1589 mam
268 1554 535 1589 familiaritatem
555 1556 673 1588 inibat.
710 1555 776 1597 Qui
793 1566 896 1600 quum

153 1613 246 1636 anno
268 1601 315 1637 73
337 1601 429 1635 vitae
449 1615 530 1636 suae
555 1610 771 1647 aegrotaret,
809 1613 894 1645 rogo

153 1655 287 1683 structo
305 1655 340 1682 et
360 1660 461 1683 aurea
482 1649 604 1683 lectica
622 1648 896 1695 superimposita,

155 1707 194 1729 se
217 1695 328 1740 ipsum
351 1696 549 1730 combussit.

87 1779 93 1785 ⁷
113 1743 293 1776 Calatinus-
327 1745 367 1776 A.
392 1742 513 1776 Atilius
535 1742 701 1788 Regulus,
728 1754 746 1775 e
769 1742 897 1774 Calatia

157 1787 194 1823 in
226 1788 412 1834 Campania
447 1790 632 1830 on‘undus,
666 1791 735 1823 259
758 1796 791 1820 et
818 1789 896 1821 255.

157 1846 190 1869 a.
213 1834 292 1868 Chr.
317 1835 457 1878 consul,
481 1838 560 1870 ¹250.
582 1849 612 1869 a.
640 1836 718 1869 Chr.
740 1835 897 1867 dictator.

159 1881 275 1916 Primo
293 1882 384 1918 hello
407 1882 531 1926 punico
556 1883 760 1926 triumphum
781 1882 824 1914 de
846 1881 898 1913 vi-

162 1927 225 1962 ctis
252 1928 584 1972 Carthaginiensibus
616 1930 696 1973 egit.

115 1975 351 2016 Callimachus,
376 1982 490 2019 poeta,
515 1976 707 2013 historicus,
732 1975 765 2007 in
786 1974 902 2020 primis

161 2021 412 2067 grammaticus,
430 2033 449 2055 e
465 2022 596 2067 Cyrene
613 2021 785 2055 oriundus.
823 2022 901 2053 Flo-

161 2067 261 2102 rebat
281 2069 490 2113 temporibus
504 2067 814 2112 Ptol.⁴l’hiludelphi
834 2068 903 2101 2:20

161 2125 270 2148 annos
292 2121 373 2148 ante
397 2115 434 2148 C.
457 2115 499 2148 N.
536 2116 564 2148 Ε
589 2115 726 2159 scriptis
750 2115 902 2160 permul-

162 2161 206 2195 ὡ
235 2168 418 2207 supersunt
451 2161 556 2195 hodie
586 2162 715 2208 Hymni
750 2169 786 2195 et
819 2161 903 2206 Epi-

164 2215 363 2253 grammata.
392 2206 499 2248 mes.

119 2256 310 2300 Calliphon,
333 2255 570 2301 philosophus.

122 2303 340 2344 cottidianas,
362 2302 585 2347 philosophus
607 2302 800 2347 Olynthius,
824 2300 907 2335 Ate-

168 2347 301 2381 xandro
322 2349 372 2382 M.
403 2348 578 2382 familiaris
605 2349 822 2394 eiusdemque
844 2347 906 2381 sub

167 2393 355 2428 Aristotele
378 2395 650 2440 condiscipulus,
674 2407 775 2441 quem
797 2395 854 2428 ille
872 2395 907 2427 in

168 2439 284 2475 Asiam
303 2441 498 2481 arcessivit,
536 2450 572 2475 nt
597 2455 649 2476 res
672 2454 749 2475 suas
774 2453 907 2475 memo-

170 2486 241 2521 riae
254 2487 427 2532 proderet.
452 2489 563 2530 Quum
578 2488 770 2522 Alexander
790 2500 808 2521 e
826 2499 909 2534 per-

154 2532 242 2567 ‘sico
264 2533 356 2567 bello
382 2535 561 2579 superbiae
586 2536 698 2580 regiae
723 2547 819 2568 more
844 2534 909 2568 ad-

171 2579 263 2614 orari
277 2579 391 2620 vellet,
410 2581 591 2614 acerrimus
606 2582 698 2615 inter
717 2588 910 2615 recusantes

173 2625 398 2660 Callisthenes
414 2627 490 2667 fuit,
506 2628 619 2672 palam
632 2629 803 2670 dictitans,
826 2628 911 2661 Ale-

172 2672 338 2707 xandrum
360 2672 572 2708 adorandum
601 2686 670 2708 non
695 2687 788 2714 esse3
825 2686 911 2720 quae

172 2730 228 2753 res
248 2726 284 2753 et
303 2719 352 2753 illi
373 2727 409 2753 et
431 2721 546 2754 multis
568 2721 778 2767 principibus
793 2722 913 2754 Mace-

174 2764 305 2800 donum
335 2766 441 2801 exitio
465 2767 541 2801 ruit.
590 2769 680 2802 Nam
709 2768 806 2801 illum
829 2767 913 2800 Ale-

175 2812 306 2846 :ander
342 2821 486 2859 propter
519 2814 729 2848 adorationis
764 2814 914 2859 persicae

174 2857 429 2910 interpellatum
440 2872 571 2894 morem
581 2860 824 2895 coniurationis
835 2870 915 2893 con-

178 2914 286 2937 sunm
305 2916 379 2938 esse
400 2906 595 2940 criminatus
614 2905 780 2941 truncatis
803 2917 915 2938 mem-

178 2949 250 2983 bris
279 2949 500 2997 abscissisque
532 2954 667 2987 auribus
689 2964 730 2985 ac
751 2962 836 2984 naso
859 2951 914 2984 la—

179 2995 311 3042 biisque
331 2996 563 3033 deformatum
590 3011 667 3033 cnm
690 3008 774 3032 cane
795 2997 831 3030 in
855 3009 917 3031 ea-

1610 13 1697 59 333

958 117 1054 139 veum
1072 104 1222 138 clausum
1238 102 1449 138 circumferri
1463 104 1558 138 iussit
1572 105 1698 151 diuque

956 159 1087 186 tortum
1107 150 1247 185 tandem
1269 150 1413 185 necavit.
1450 150 1528 184 Vid.
1549 152 1643 185 Curt.
1662 154 1696 194 ὅ,

957 200 990 233 8.
1011 217 1058 224 -
1080 198 1124 241 3,
1145 199 1200 232 21.
1222 199 1265 239 ὃ,
1283 198 1340 232 25.
1375 197 1428 231 Ct'.
1454 199 1696 239 Theophrastus.

915 247 1094 287 comatus,
1118 246 1161 278 M.
1183 247 1321 287 Huius,
1353 243 1584 278 Romanorum
1619 256 1700 278 suaa

959 291 1081 325 aetatis
1105 290 1329 335 clarissimus,
1363 291 1464 325 veio-
1488 302 1549 336 per
1570 290 1700 324 decen-

961 338 1052 370 nium
1087 336 1245 370 obsessos
1282 350 1343 382 per
1376 337 1548 371 cuniculos
1586 337 1699 382 cepit:

961 395 1026 417 nec
1049 383 1158 416 multo
1182 390 1271 428 post.
1297 396 1399 429 quum
1421 382 1552 418 crimini
1571 383 1620 418 illi
1641 384 1701 417 da-

963 438 1078 470 retur,
1117 430 1210 474 quod
1234 430 1319 463 albis
1344 431 1438 483 equis
1461 430 1705 475 triumphasset

963 483 998 510 et
1023 477 1183 522 praedam
1212 477 1325 522 inique
1348 477 1537 517 divisisset,
1567 477 1623 511 die
1646 476 1704 510 di-

965 530 1019 556 cta
1032 523 1211 556 damnatus
1225 523 1369 557 Ardeam
1390 523 1569 557 concessit.
1592 526 1706 566 Quum

965 582 1046 603 vcro
1073 570 1162 603 Galli
1187 571 1331 603 Romam
1357 570 1545 616 cepissent,
1578 571 1706 604 oblitus

965 624 1017 649 est
1051 615 1246 650 iniuriarum
1280 624 1314 650 et
1346 617 1391 650 de
1422 617 1525 651 exilio
1554 629 1707 652 reversus

967 662 1096 696 Urbem
1112 676 1131 697 a
1156 663 1264 697 Gallis
1288 672 1423 710 captam
1438 663 1589 698 restituit
1611 663 1705 710 (393.

965 722 995 742 a.
1019 710 1125 750 Chr).

922 759 1075 798 Cannae,
1111 757 1206 790 locus
1231 757 1266 791 iu
1286 757 1408 803 Apulia
1432 758 1535 798 situs,
1573 757 1710 791 Hanni-

968 803 1051 836 balis
1084 803 1264 848 splendida
1297 805 1341 838 de
1372 805 1533 839 Romanis
1567 805 1711 839 victoria

969 851 1089 883 clarus.
1121 853 1159 891 1.
1183 854 1240 885 δὲ).

923 900 1048 937 corbo,
1075 900 1123 938 C.,
1145 897 1439 942 eloquentissimus
1460 899 1624 944 temporis
1646 898 1710 941 sui,

969 943 1137 988 Lepidum
1155 945 1307 978 studiose
1327 945 1468 979 audivit.
1501 946 1626 979 Consul
1646 946 1712 979 fuit

974 992 1048 1024 l'll.
1070 1004 1100 1023 a.
1124 992 1203 1023 Chr.

926 1039 1023 1071 Caria
1037 1062 1046 1077 ‚
1073 1037 1173 1070 Asiae
1194 1038 1334 1071 Minoris
1357 1039 1464 1083 regio,
1490 1038 1579 1073 inter
1600 1040 1713 1086 Phry-

971 1084 1059 1127 giam
1086 1091 1118 1115 et
1146 1085 1288 1129 Lydium
1312 1085 1388 1118 situ.
1416 1087 1455 1126 l,
1481 1086 1537 1120 ⁹2.
1563 1087 1608 1128 3,
1634 1087 1690 1121 75.

927 1133 1130 1171 Carneades,
1156 1133 1360 1176 Cyrenaeus,
1386 1144 1496 1166 novae
1514 1133 1716 1167 Academiae

972 1178 1195 1222 philosophus
1210 1204 1217 1216 ,
1241 1180 1404 1212 acerrime
1429 1187 1548 1213 ooutra
1567 1180 1715 1213 Zenonis

973 1224 1224 1269 philosophiam
1248 1225 1446 1271 disputabat
1466 1238 1607 1272 eamque
1627 1238 1717 1261 con-

976 1270 1087 1303 futare
1111 1271 1281 1305 studebat.

930 1319 1020 1351 Cato.
1053 1319 1085 1357 a)
1112 1320 1152 1350 Μ.
1166 1321 1298 1352 Porcius
1322 1322 1412 1361 Cato,
1436 1321 1555 1358 maior,
1582 1331 1717 1364 cogno-

974 1364 1118 1396 minibus
1151 1367 1313 1406 s'uptentts
1351 1373 1386 1399 et
1425 1369 1567 1400 Censorii
1603 1376 1717 1410 notus,

978 1410 1044 1444 196
1067 1423 1096 1442 a.
1119 1412 1199 1444 Chr.
1234 1412 1373 1452 consul,
1403 1413 1466 1446 loo
1488 1425 1609 1446 censor
1641 1415 1718 1447 suit.

977 1456 1120 1501 Scripsit
1135 1462 1300 1500 Origines,
1325 1472 1410 1505 opus
1432 1459 1651 1502 historicum,
1675 1461 1720 1494 de

977 1515 1045 1548 quo
1065 1516 1094 1536 ν.
1115 1505 1201 1537 Adu.
1225 1505 1267 1538 ad
1293 1509 1321 1545 l,
1342 1509 1374 1540 ὅ.
1426 1506 1643 1540 Existimatio
1668 1514 1721 1540 est

978 1551 1126 1595 optimus
1163 1560 1298 1593 orator,
1339 1553 1487 1597 optimus
1520 1554 1720 1598 imperator,

978 1597 1125 1640 optimus
1149 1607 1297 1632 senator.
1312 1618 1355 1623 —
1379 1599 1413 1642 b)
1435 1602 1478 1633 Μ.
1495 1603 1628 1634 Porcius
1644 1603 1723 1635 Cato

981 1645 1145 1684 Uticensis,
1167 1644 1272 1677 Marci
1287 1645 1394 1679 Porcii
1412 1657 1594 1691 pronepos.
1617 1647 1721 1687 5›‚32.

935 1692 1088 1730 Catulus,
1115 1696 1152 1731 Q.
1174 1693 1343 1733 Lutatius,
1382 1692 1432 1726 vir
1455 1705 1602 1726 summus
1625 1692 1660 1726 in
1683 1704 1722 1726 ro

979 1737 1117 1769 militari
1140 1750 1180 1770 ac
1204 1738 1387 1779 litteraria,
1414 1739 1513 1772 Marii
1535 1740 1665 1784 collega
1685 1740 1722 1774 in

981 1784 1158 1816 consulatu
1174 1785 1265 1828 003.
1279 1798 1308 1817 a.
1326 1785 1433 1829 clm),
1453 1798 1471 1818 a
1489 1798 1557 1831 quo
1575 1786 1723 1832 proscri-

980 1837 1059 1874 ptus
1079 1842 1116 1862 se
1136 1831 1207 1875 ipse
1226 1831 1411 1865 interfecit.
1449 1834 1499 1866 De
1521 1833 1591 1866 eius
1613 1840 1724 1867 morte

982 1888 1015 1909 v.
1037 1876 1079 1908 ud
1104 1877 1146 1917 5,
1166 1877 1222 1911 56.
1270 1879 1413 1924 Scripsit
1436 1879 1612 1913 historiam
1636 1892 1725 1914 con-

982 1922 1109 1956 sulatus
1129 1923 1180 1956 sui
1204 1925 1298 1958 molli
1331 1938 1370 1959 ac
1392 1927 1637 1971 xenophonteo
1659 1938 1726 1971 ge-

984 1982 1065 2002 nere
1075 1972 1241 2004 sermonis
1264 1972 1331 2006 Cic.
1354 1974 1445 2007 Brut.
1461 1975 1536 2007 152.
1551 1993 1598 1999 —
1621 1974 1654 2015 5,
1667 1973 1725 2008 56.

938 2018 1104 2050 Caucasus
1118 2043 1127 2058 ,
1168 2030 1266 2051 mous
1302 2019 1400 2052 Asiae
1434 2019 1725 2064 septentrionalis,

983 2063 1026 2097 ad
1049 2076 1149 2108 quem
1174 2065 1393 2099 Prometheus
1425 2066 1546 2100 affixus
1571 2079 1590 2100 a
1613 2066 1726 2112 poetis

984 2119 1150 2144 narratur.
1174 2114 1207 2152 2,
1233 2114 1288 2146 23.
1314 2115 1370 2147 52.

940 2159 1107 2198 Celtiberi,
1131 2158 1316 2203 Hispaniae
1334 2172 1419 2205 gens
1439 2159 1484 2194 ad
1507 2160 1641 2194 lberam
1659 2160 1727 2194 ssu-

986 2204 1088 2236 vium.
1113 2207 1155 2245 2,
1181 2206 1236 2240 05.

943 2252 1132 2285 Centaurus.
1174 2253 1333 2287 Centauri
1367 2254 1505 2287 fuerunt
1532 2253 1728 2288 Thessaliae

989 2298 1159 2343 populus,
1198 2299 1304 2344 figura
1337 2312 1454 2334 eorum
1490 2307 1562 2333 erat
1587 2312 1606 2333 a
1630 2307 1728 2345 parte

988 2345 1160 2378 anteriore
1174 2345 1331 2387 humana,
1356 2360 1375 2380 a
1390 2347 1578 2392 posteriore
1593 2346 1728 2391 equina,

989 2391 1069 2424 inde
1096 2400 1263 2426 vocantur
1283 2405 1399 2427 manus
1429 2396 1582 2434 bicorpor.
1603 2395 1646 2435 2,
1671 2392 1728 2426 22.

990 2438 1140 2472 Plurium
1154 2440 1399 2473 Centaurorum
1418 2439 1554 2472 nomina
1575 2439 1730 2472 referunt

991 2492 1126 2530 poetae.
1175 2488 1205 2519 ls
1222 2487 1263 2519 de
1281 2498 1347 2531 quo
1362 2488 1393 2525 2,
1407 2487 1452 2519 20
1471 2486 1582 2529 agitur
1604 2492 1655 2517 est
1670 2484 1729 2517 ille

993 2532 1179 2566 Centaurus
1206 2533 1342 2568 Nessus,
1367 2543 1466 2576 quem
1487 2531 1650 2564 Hercules
1671 2530 1730 2564 in-

990 2578 1140 2613 terfecit.
1191 2578 1289 2611 Plura
1309 2577 1386 2610 vide
1408 2577 1443 2610 in
1455 2580 1631 2614 Deianira

949 2627 1109 2668 Cepheus,
1141 2624 1346 2669 Aethiopum
1365 2635 1443 2664 rex,
1470 2632 1567 2667 pater
1589 2622 1730 2656 Andro-

993 2672 1125 2705 medae.
1174 2671 1257 2702 Cum
1278 2681 1383 2702 uxore
1396 2668 1589 2713 Cassiopeia
1609 2676 1644 2702 et
1662 2668 1731 2702 filia

994 2716 1212 2752 Andromeda
1236 2723 1271 2748 et
1293 2726 1418 2759 genero
1442 2716 1562 2748 Perseo
1585 2715 1621 2748 in
1650 2726 1731 2749 cae-

994 2764 1063 2797 lum
1085 2762 1266 2795 translatus
1286 2769 1348 2794 est.
1374 2762 1414 2799 5,
1440 2759 1474 2794 8.

951 2812 1106 2844 Chaldaei
1133 2808 1286 2852 primitus
1310 2807 1513 2852 Babyloniae
1537 2807 1731 2843 sacerdotes

995 2855 1108 2890 vocati
1131 2861 1229 2893 sunt,
1253 2861 1326 2886 tum
1347 2865 1464 2886 omnes
1483 2854 1525 2894 ii,
1551 2854 1609 2899 qui
1627 2866 1647 2888 e
1666 2867 1732 2900 ge-

996 2902 1068 2935 nesi
1090 2912 1148 2933 seu
1168 2900 1359 2944 horoscopo
1381 2899 1403 2932 i.
1426 2911 1455 2932 e.
1483 2901 1662 2935 notatione
1680 2902 1733 2935 si-

996 2948 1086 2982 deris
1108 2945 1271 2986 natalitii,
1305 2945 1360 2979 vel
1383 2945 1455 2979 eius
1478 2946 1563 2981 caeli
1584 2959 1733 2982 conver-

995 2993 1110 3035 sionis,
1135 3003 1221 3038 quae
1236 2992 1322 3026 hora
1341 2991 1499 3038 cuiusque
1517 2994 1623 3029 natali
1643 2995 1732 3030 fuis-
