<?xml version="1.0" encoding="UTF-8"?>
<!DOCTYPE html PUBLIC "-//W3C//DTD XHTML 1.0 Transitional//EN"
    "http://www.w3.org/TR/xhtml1/DTD/xhtml1-transitional.dtd">
<html xmlns="http://www.w3.org/1999/xhtml" xml:lang="en" lang="en">
 <head>
  <title>
</title>
<meta http-equiv="Content-Type" content="text/html;charset=utf-8" />
  <meta name='ocr-system' content='tesseract 3.04.00' />
  <meta name='ocr-capabilities' content='ocr_page ocr_carea ocr_par ocr_line ocrx_word'/>
</head>
<body>
  <div class='ocr_page' id='page_1' title='image "./tusculanarumdi00ciceuoft_0051.png"; bbox 0 0 1859 3117; ppageno 0'>
   <div class='ocr_carea' id='block_1_1' title="bbox 709 76 1056 118">
    <p class='ocr_par' dir='ltr' id='par_1_1' title="bbox 709 76 1056 118">
     <span class='ocr_line' id='line_1_1' title="bbox 709 76 1056 118; baseline 0 -10"><span class='ocrx_word' id='word_1_1' title='bbox 709 76 880 109; x_wconf 65' lang='lat' dir='ltr'><strong>[ABER</strong></span> <span class='ocrx_word' id='word_1_2' title='bbox 904 78 928 108; x_wconf 88' lang='lat'>1.</span> <span class='ocrx_word' id='word_1_3' title='bbox 955 76 998 118; x_wconf 81' lang='lat'>2,</span> <span class='ocrx_word' id='word_1_4' title='bbox 1023 76 1056 109; x_wconf 82' lang='lat'>5.</span> 
     </span>
    </p>
   </div>
   <div class='ocr_carea' id='block_1_2' title="bbox 1633 65 1683 105">
    <p class='ocr_par' dir='ltr' id='par_1_2' title="bbox 1633 65 1683 105">
     <span class='ocr_line' id='line_1_2' title="bbox 1633 65 1683 105; baseline -0.02 0"><span class='ocrx_word' id='word_1_5' title='bbox 1633 65 1683 105; x_wconf 77' lang='lat'>41</span> 
     </span>
    </p>
   </div>
   <div class='ocr_carea' id='block_1_3' title="bbox 94 153 1692 291">
    <p class='ocr_par' dir='ltr' id='par_1_3' title="bbox 94 153 1692 291">
     <span class='ocr_line' id='line_1_3' title="bbox 94 153 1692 210; baseline -0.006 -7"><span class='ocrx_word' id='word_1_6' title='bbox 94 160 215 203; x_wconf 80' lang='lat' dir='ltr'>elitos</span> <span class='ocrx_word' id='word_1_7' title='bbox 236 167 278 202; x_wconf 89' lang='lat' dir='ltr'>et.</span> <span class='ocrx_word' id='word_1_8' title='bbox 295 158 533 202; x_wconf 87' lang='lat' dir='ltr'>Parrhasios</span> <span class='ocrx_word' id='word_1_9' title='bbox 555 158 709 199; x_wconf 78' lang='lat' dir='ltr'>fuisse?</span> <span class='ocrx_word' id='word_1_10' title='bbox 760 156 902 198; x_wconf 86' lang='lat' dir='ltr'>Honos</span> <span class='ocrx_word' id='word_1_11' title='bbox 931 157 999 198; x_wconf 88' lang='lat' dir='ltr'>alit</span> <span class='ocrx_word' id='word_1_12' title='bbox 1021 163 1154 207; x_wconf 89' lang='lat' dir='ltr'>artes,</span> <span class='ocrx_word' id='word_1_13' title='bbox 1189 167 1407 210; x_wconf 83' lang='lat' dir='ltr'>omnesque</span> <span class='ocrx_word' id='word_1_14' title='bbox 1427 153 1692 194; x_wconf 90' lang='lat' dir='ltr'>incenduntur</span> 
     </span>
     <span class='ocr_line' id='line_1_4' title="bbox 97 228 1691 291; baseline -0.006 -13"><span class='ocrx_word' id='word_1_15' title='bbox 97 236 149 278; x_wconf 86' lang='lat' dir='ltr'>ad</span> <span class='ocrx_word' id='word_1_16' title='bbox 188 235 318 277; x_wconf 91' lang='lat' dir='ltr'>studia</span> <span class='ocrx_word' id='word_1_17' title='bbox 358 233 509 291; x_wconf 70' lang='lat' dir='ltr'>gloria,</span> <span class='ocrx_word' id='word_1_18' title='bbox 552 233 764 288; x_wconf 87' lang='lat' dir='ltr'>iacentque</span> <span class='ocrx_word' id='word_1_19' title='bbox 803 245 851 273; x_wconf 87' lang='lat' dir='ltr'>ea</span> <span class='ocrx_word' id='word_1_20' title='bbox 887 245 1070 287; x_wconf 78' lang='lat' dir='ltr'><strong>semper,</strong></span> <span class='ocrx_word' id='word_1_21' title='bbox 1117 245 1216 287; x_wconf 88' lang='lat' dir='ltr'>quae</span> <span class='ocrx_word' id='word_1_22' title='bbox 1258 230 1360 286; x_wconf 88' lang='lat' dir='ltr'>apud</span> <span class='ocrx_word' id='word_1_23' title='bbox 1402 241 1580 284; x_wconf 90' lang='lat' dir='ltr'>quosque</span> <span class='ocrx_word' id='word_1_24' title='bbox 1619 228 1691 268; x_wconf 91' lang='lat' dir='ltr'>im-</span> 
     </span>
    </p>
   </div>
   <div class='ocr_carea' id='block_1_4' title="bbox 98 310 647 440">
    <p class='ocr_par' dir='ltr' id='par_1_4' title="bbox 98 310 647 440">
     <span class='ocr_line' id='line_1_5' title="bbox 98 310 331 368; baseline -0.009 -15"><span class='ocrx_word' id='word_1_25' title='bbox 98 310 331 368; x_wconf 75' lang='lat' dir='ltr'><strong>probantur.</strong></span> 
     </span>
     <span class='ocr_line' id='line_1_6' title="bbox 98 383 647 440; baseline -0.005 -13"><span class='ocrx_word' id='word_1_26' title='bbox 98 399 187 427; x_wconf 89' lang='lat' dir='ltr'>rum</span> <span class='ocrx_word' id='word_1_27' title='bbox 208 397 428 440; x_wconf 83' lang='lat' dir='ltr'>vocumque</span> <span class='ocrx_word' id='word_1_28' title='bbox 449 383 647 425; x_wconf 76' lang='lat' dir='ltr'><strong>cantibus.</strong></span> 
     </span>
    </p>
   </div>
   <div class='ocr_carea' id='block_1_5' title="bbox 393 303 1694 438">
    <p class='ocr_par' dir='ltr' id='par_1_5' title="bbox 393 303 1694 438">
     <span class='ocr_line' id='line_1_7' title="bbox 393 303 1693 351; baseline -0.006 0"><span class='ocrx_word' id='word_1_29' title='bbox 393 305 595 351; x_wconf 87' lang='lat' dir='ltr'>Summam</span> <span class='ocrx_word' id='word_1_30' title='bbox 624 307 888 350; x_wconf 86' lang='lat' dir='ltr'>eruditionem</span> <span class='ocrx_word' id='word_1_31' title='bbox 912 305 1058 347; x_wconf 83' lang='lat' dir='ltr'>Gracci</span> <span class='ocrx_word' id='word_1_32' title='bbox 1095 307 1208 347; x_wconf 82' lang='lat' dir='ltr'>situm</span> <span class='ocrx_word' id='word_1_33' title='bbox 1234 305 1453 347; x_wconf 79' lang='lat' dir='ltr'>censebant</span> <span class='ocrx_word' id='word_1_34' title='bbox 1480 303 1519 344; x_wconf 93' lang='lat' dir='ltr'>in</span> <span class='ocrx_word' id='word_1_35' title='bbox 1548 317 1693 344; x_wconf 86' lang='lat' dir='ltr'>nervo-</span> 
     </span>
     <span class='ocr_line' id='line_1_8' title="bbox 709 377 1694 438; baseline -0.005 -15"><span class='ocrx_word' id='word_1_36' title='bbox 709 380 838 438; x_wconf 76' lang='lat' dir='ltr'>Igitur</span> <span class='ocrx_word' id='word_1_37' title='bbox 863 389 902 423; x_wconf 89' lang='lat' dir='ltr'>et</span> <span class='ocrx_word' id='word_1_38' title='bbox 925 379 1247 437; x_wconf 79' lang='lat' dir='ltr'>Epaminondas,</span> <span class='ocrx_word' id='word_1_39' title='bbox 1275 380 1459 437; x_wconf 81' lang='lat' dir='ltr'>princeps</span> <span class='ocrx_word' id='word_1_40' title='bbox 1481 392 1571 420; x_wconf 93' lang='lat' dir='ltr'>meo</span> <span class='ocrx_word' id='word_1_41' title='bbox 1592 377 1694 419; x_wconf 91' lang='lat' dir='ltr'>iudi-</span> 
     </span>
    </p>
   </div>
   <div class='ocr_carea' id='block_1_6' title="bbox 99 452 1694 516">
    <p class='ocr_par' dir='ltr' id='par_1_6' title="bbox 99 452 1694 516">
     <span class='ocr_line' id='line_1_9' title="bbox 99 452 1694 516; baseline -0.006 -14"><span class='ocrx_word' id='word_1_42' title='bbox 99 459 163 502; x_wconf 90' lang='lat' dir='ltr'>cio</span> <span class='ocrx_word' id='word_1_43' title='bbox 183 457 404 512; x_wconf 80' lang='lat' dir='ltr'>Graeciae,</span> <span class='ocrx_word' id='word_1_44' title='bbox 437 459 578 501; x_wconf 90' lang='lat' dir='ltr'>fidibus</span> <span class='ocrx_word' id='word_1_45' title='bbox 597 458 800 516; x_wconf 76' lang='lat' dir='ltr'>praeclare</span> <span class='ocrx_word' id='word_1_46' title='bbox 816 456 1012 499; x_wconf 84' lang='lat' dir='ltr'>cecinisse</span> <span class='ocrx_word' id='word_1_47' title='bbox 1034 456 1196 508; x_wconf 71' lang='lat' dir='ltr'>dicitur,</span> <span class='ocrx_word' id='word_1_48' title='bbox 1232 455 1607 510; x_wconf 78' lang='lat' dir='ltr'>Themistoclesque</span> <span class='ocrx_word' id='word_1_49' title='bbox 1624 452 1694 494; x_wconf 91' lang='lat' dir='ltr'>ali-</span> 
     </span>
    </p>
   </div>
   <div class='ocr_carea' id='block_1_7' title="bbox 99 528 1691 591">
    <p class='ocr_par' dir='ltr' id='par_1_7' title="bbox 99 528 1691 591">
     <span class='ocr_line' id='line_1_10' title="bbox 99 528 1691 591; baseline -0.004 -15"><span class='ocrx_word' id='word_1_50' title='bbox 99 541 195 591; x_wconf 86' lang='lat' dir='ltr'><strong>quot</strong></span> <span class='ocrx_word' id='word_1_51' title='bbox 210 541 302 576; x_wconf 90' lang='lat' dir='ltr'>ante</span> <span class='ocrx_word' id='word_1_52' title='bbox 319 549 463 586; x_wconf 83' lang='lat' dir='ltr'>annos,</span> <span class='ocrx_word' id='word_1_53' title='bbox 489 549 606 590; x_wconf 90' lang='lat' dir='ltr'>quum</span> <span class='ocrx_word' id='word_1_54' title='bbox 627 534 667 575; x_wconf 93' lang='lat' dir='ltr'>in</span> <span class='ocrx_word' id='word_1_55' title='bbox 686 533 811 590; x_wconf 88' lang='lat' dir='ltr'>epulis</span> <span class='ocrx_word' id='word_1_56' title='bbox 833 538 1039 574; x_wconf 81' lang='lat' dir='ltr'>recusaret</span> <span class='ocrx_word' id='word_1_57' title='bbox 1056 531 1198 586; x_wconf 68' lang='lat' dir='ltr'>lyram,</span> <span class='ocrx_word' id='word_1_58' title='bbox 1228 538 1288 571; x_wconf 89' lang='lat' dir='ltr'>est</span> <span class='ocrx_word' id='word_1_59' title='bbox 1308 530 1462 571; x_wconf 85' lang='lat' dir='ltr'>habitus</span> <span class='ocrx_word' id='word_1_60' title='bbox 1480 528 1691 571; x_wconf 87' lang='lat' dir='ltr'>indoctior.</span> 
     </span>
    </p>
   </div>
   <div class='ocr_carea' id='block_1_8' title="bbox 33 607 1472 815">
    <p class='ocr_par' dir='ltr' id='par_1_8' title="bbox 33 607 1472 815">
     <span class='ocr_line' id='line_1_11' title="bbox 33 607 903 666; baseline -0.003 -15"><span class='ocrx_word' id='word_1_61' title='bbox 33 632 38 635; x_wconf 94' lang='lat'>·</span> <span class='ocrx_word' id='word_1_62' title='bbox 99 607 213 666; x_wconf 84' lang='lat' dir='ltr'>Ergo</span> <span class='ocrx_word' id='word_1_63' title='bbox 234 610 275 651; x_wconf 88' lang='lat' dir='ltr'>in</span> <span class='ocrx_word' id='word_1_64' title='bbox 300 607 472 652; x_wconf 82' lang='lat' dir='ltr'>Graecia</span> <span class='ocrx_word' id='word_1_65' title='bbox 498 609 636 651; x_wconf 89' lang='lat' dir='ltr'>musici</span> <span class='ocrx_word' id='word_1_66' title='bbox 659 609 874 650; x_wconf 79' lang='lat' dir='ltr'>floruerunt</span> <span class='ocrx_word' id='word_1_67' title='bbox 893 640 903 660; x_wconf 87' lang='lat'>‚</span> 
     </span>
     <span class='ocr_line' id='line_1_12' title="bbox 100 681 1094 739; baseline -0.005 -13"><span class='ocrx_word' id='word_1_68' title='bbox 100 684 320 738; x_wconf 80' lang='lat' dir='ltr'>nesciebat,</span> <span class='ocrx_word' id='word_1_69' title='bbox 347 684 444 726; x_wconf 87' lang='lat' dir='ltr'>satis</span> <span class='ocrx_word' id='word_1_70' title='bbox 467 685 651 726; x_wconf 82' lang='lat' dir='ltr'>excultus</span> <span class='ocrx_word' id='word_1_71' title='bbox 672 683 851 726; x_wconf 89' lang='lat' dir='ltr'>doctrina</span> <span class='ocrx_word' id='word_1_72' title='bbox 869 681 1094 739; x_wconf 87' lang='lat' dir='ltr'>putabatur.</span> 
     </span>
     <span class='ocr_line' id='line_1_13' title="bbox 101 756 1472 815; baseline -0.004 -14"><span class='ocrx_word' id='word_1_73' title='bbox 101 758 253 801; x_wconf 81' lang='lat' dir='ltr'>honore</span> <span class='ocrx_word' id='word_1_74' title='bbox 274 759 493 815; x_wconf 87' lang='lat' dir='ltr'>geometria</span> <span class='ocrx_word' id='word_1_75' title='bbox 525 760 620 811; x_wconf 80' lang='lat' dir='ltr'>fuit3</span> <span class='ocrx_word' id='word_1_76' title='bbox 664 760 796 815; x_wconf 84' lang='lat' dir='ltr'>itaque</span> <span class='ocrx_word' id='word_1_77' title='bbox 828 758 924 800; x_wconf 76' lang='lat' dir='ltr'>nihil</span> <span class='ocrx_word' id='word_1_78' title='bbox 951 757 1238 798; x_wconf 78' lang='lat' dir='ltr'>mathematicis</span> <span class='ocrx_word' id='word_1_79' title='bbox 1263 756 1472 796; x_wconf 75' lang='lat' dir='ltr'>illustrius.</span> 
     </span>
    </p>
   </div>
   <div class='ocr_carea' id='block_1_9' title="bbox 101 834 870 891">
    <p class='ocr_par' dir='ltr' id='par_1_9' title="bbox 101 834 870 891">
     <span class='ocr_line' id='line_1_14' title="bbox 101 834 870 891; baseline 0 -15"><span class='ocrx_word' id='word_1_80' title='bbox 101 834 291 877; x_wconf 85' lang='lat' dir='ltr'>metiendi</span> <span class='ocrx_word' id='word_1_81' title='bbox 319 835 661 891; x_wconf 87' lang='lat' dir='ltr'>ratiocinandique</span> <span class='ocrx_word' id='word_1_82' title='bbox 703 835 870 876; x_wconf 82' lang='lat' dir='ltr'>utilitate</span> 
     </span>
    </p>
   </div>
   <div class='ocr_carea' id='block_1_10' title="bbox 83 944 896 2829">
    <p class='ocr_par' dir='ltr' id='par_1_10' title="bbox 101 944 885 1772">
     <span class='ocr_line' id='line_1_15' title="bbox 155 944 881 990; baseline -0.004 -12"><span class='ocrx_word' id='word_1_83' title='bbox 155 945 332 990; x_wconf 78' lang='lat' dir='ltr'>iacentque]</span> <span class='ocrx_word' id='word_1_84' title='bbox 356 947 459 979; x_wconf 82' lang='lat' dir='ltr'>Iacere</span> <span class='ocrx_word' id='word_1_85' title='bbox 479 945 615 990; x_wconf 87' lang='lat' dir='ltr'>proprie</span> <span class='ocrx_word' id='word_1_86' title='bbox 629 945 749 978; x_wconf 78' lang='lat' dir='ltr'>dicitnr</span> <span class='ocrx_word' id='word_1_87' title='bbox 765 944 806 977; x_wconf 62' lang='lat' dir='ltr'>de</span> <span class='ocrx_word' id='word_1_88' title='bbox 826 957 881 978; x_wconf 69' lang='lat' dir='ltr'>re-</span> 
     </span>
     <span class='ocr_line' id='line_1_16' title="bbox 105 990 883 1036; baseline 0 -13"><span class='ocrx_word' id='word_1_89' title='bbox 105 990 166 1024; x_wconf 79' lang='lat' dir='ltr'>bus</span> <span class='ocrx_word' id='word_1_90' title='bbox 182 990 236 1023; x_wconf 88' lang='lat' dir='ltr'>vel</span> <span class='ocrx_word' id='word_1_91' title='bbox 251 991 441 1024; x_wconf 86' lang='lat' dir='ltr'>hominibus</span> <span class='ocrx_word' id='word_1_92' title='bbox 457 992 547 1025; x_wconf 89' lang='lat' dir='ltr'>humi</span> <span class='ocrx_word' id='word_1_93' title='bbox 563 993 749 1036; x_wconf 75' lang='lat' dir='ltr'>prostratis,</span> <span class='ocrx_word' id='word_1_94' title='bbox 769 992 883 1024; x_wconf 87' lang='lat' dir='ltr'>omni—</span> 
     </span>
     <span class='ocr_line' id='line_1_17' title="bbox 102 1035 882 1081; baseline 0.001 -13"><span class='ocrx_word' id='word_1_95' title='bbox 102 1035 165 1069; x_wconf 84' lang='lat' dir='ltr'>bus</span> <span class='ocrx_word' id='word_1_96' title='bbox 188 1036 324 1075; x_wconf 81' lang='lat' dir='ltr'>viribus,</span> <span class='ocrx_word' id='word_1_97' title='bbox 350 1038 440 1070; x_wconf 85' lang='lat' dir='ltr'>omni</span> <span class='ocrx_word' id='word_1_98' title='bbox 459 1038 574 1081; x_wconf 79' lang='lat' dir='ltr'>vigore</span> <span class='ocrx_word' id='word_1_99' title='bbox 598 1038 787 1072; x_wconf 79' lang='lat' dir='ltr'>destitutis;</span> <span class='ocrx_word' id='word_1_100' title='bbox 812 1046 882 1070; x_wconf 89' lang='lat' dir='ltr'>tum</span> 
     </span>
     <span class='ocr_line' id='line_1_18' title="bbox 103 1082 882 1127; baseline 0.001 -12"><span class='ocrx_word' id='word_1_101' title='bbox 103 1093 206 1127; x_wconf 80' lang='lat' dir='ltr'>saepe</span> <span class='ocrx_word' id='word_1_102' title='bbox 225 1082 398 1127; x_wconf 76' lang='lat' dir='ltr'>eleganter</span> <span class='ocrx_word' id='word_1_103' title='bbox 416 1084 617 1117; x_wconf 75' lang='lat' dir='ltr'>transfertur</span> <span class='ocrx_word' id='word_1_104' title='bbox 635 1084 678 1116; x_wconf 91' lang='lat' dir='ltr'>ad</span> <span class='ocrx_word' id='word_1_105' title='bbox 695 1096 758 1119; x_wconf 77' lang='lat' dir='ltr'>res.</span> <span class='ocrx_word' id='word_1_106' title='bbox 782 1095 800 1116; x_wconf 91' lang='lat' dir='ltr'>a</span> <span class='ocrx_word' id='word_1_107' title='bbox 816 1095 882 1116; x_wconf 87' lang='lat' dir='ltr'>no-</span> 
     </span>
     <span class='ocr_line' id='line_1_19' title="bbox 104 1128 881 1174; baseline -0.003 -12"><span class='ocrx_word' id='word_1_108' title='bbox 104 1128 156 1162; x_wconf 82' lang='lat' dir='ltr'>bis</span> <span class='ocrx_word' id='word_1_109' title='bbox 193 1136 403 1174; x_wconf 84' lang='lat' dir='ltr'>contemptas</span> <span class='ocrx_word' id='word_1_110' title='bbox 439 1130 538 1174; x_wconf 89' lang='lat' dir='ltr'>plane</span> <span class='ocrx_word' id='word_1_111' title='bbox 564 1137 666 1173; x_wconf 87' lang='lat' dir='ltr'>atque</span> <span class='ocrx_word' id='word_1_112' title='bbox 700 1130 881 1172; x_wconf 75' lang='lat' dir='ltr'>neglectas.</span> 
     </span>
     <span class='ocr_line' id='line_1_20' title="bbox 102 1175 884 1217; baseline 0 -10"><span class='ocrx_word' id='word_1_113' title='bbox 102 1175 156 1208; x_wconf 85' lang='lat' dir='ltr'>Ita</span> <span class='ocrx_word' id='word_1_114' title='bbox 175 1186 253 1207; x_wconf 89' lang='lat' dir='ltr'>mox</span> <span class='ocrx_word' id='word_1_115' title='bbox 273 1188 302 1208; x_wconf 86' lang='lat' dir='ltr'>c.</span> <span class='ocrx_word' id='word_1_116' title='bbox 317 1177 350 1215; x_wconf 75' lang='grc' dir='ltr'>ὃ,</span> <span class='ocrx_word' id='word_1_117' title='bbox 367 1176 409 1209; x_wconf 81' lang='lat'>5:</span> <span class='ocrx_word' id='word_1_118' title='bbox 432 1178 632 1217; x_wconf 78' lang='lat' dir='ltr'>philosophia</span> <span class='ocrx_word' id='word_1_119' title='bbox 650 1178 758 1208; x_wconf 77' lang='lat' dir='ltr'>iac-uit.</span> <span class='ocrx_word' id='word_1_120' title='bbox 792 1177 884 1207; x_wconf 84' lang='lat' dir='ltr'>Ean-</span> 
     </span>
     <span class='ocr_line' id='line_1_21' title="bbox 103 1220 879 1265; baseline -0.003 -11"><span class='ocrx_word' id='word_1_121' title='bbox 103 1220 182 1254; x_wconf 86' lang='lat' dir='ltr'>dem</span> <span class='ocrx_word' id='word_1_122' title='bbox 197 1220 264 1253; x_wconf 89' lang='lat' dir='ltr'>vim</span> <span class='ocrx_word' id='word_1_123' title='bbox 281 1221 383 1254; x_wconf 86' lang='lat' dir='ltr'>habet</span> <span class='ocrx_word' id='word_1_124' title='bbox 398 1233 554 1265; x_wconf 86' lang='lat' dir='ltr'>graecum</span> <span class='ocrx_word' id='word_1_125' title='bbox 574 1222 711 1254; x_wconf 81' lang='lat' dir='ltr'>verbum</span> <span class='ocrx_word' id='word_1_126' title='bbox 729 1225 879 1255; x_wconf 69' lang='grc' dir='ltr'>κεῐσῒαι.</span> 
     </span>
     <span class='ocr_line' id='line_1_22' title="bbox 102 1266 880 1310; baseline -0.001 -10"><span class='ocrx_word' id='word_1_127' title='bbox 102 1266 156 1300; x_wconf 84' lang='lat' dir='ltr'>De</span> <span class='ocrx_word' id='word_1_128' title='bbox 181 1266 335 1301; x_wconf 86' lang='lat' dir='ltr'>enclitica</span> <span class='ocrx_word' id='word_1_129' title='bbox 354 1278 414 1310; x_wconf 79' lang='lat' dir='ltr'>que</span> <span class='ocrx_word' id='word_1_130' title='bbox 436 1267 642 1300; x_wconf 86' lang='lat' dir='ltr'>monendum</span> <span class='ocrx_word' id='word_1_131' title='bbox 664 1275 738 1306; x_wconf 85' lang='lat' dir='ltr'>est,</span> <span class='ocrx_word' id='word_1_132' title='bbox 775 1266 880 1299; x_wconf 65' lang='lat' dir='ltr'>videri</span> 
     </span>
     <span class='ocr_line' id='line_1_23' title="bbox 103 1312 882 1356; baseline -0.001 -10"><span class='ocrx_word' id='word_1_133' title='bbox 103 1324 177 1346; x_wconf 67' lang='lat' dir='ltr'>eam</span> <span class='ocrx_word' id='word_1_134' title='bbox 194 1313 230 1346; x_wconf 90' lang='lat' dir='ltr'>h.</span> <span class='ocrx_word' id='word_1_135' title='bbox 245 1312 269 1345; x_wconf 87' lang='lat' dir='ltr'>l.</span> <span class='ocrx_word' id='word_1_136' title='bbox 289 1313 414 1346; x_wconf 83' lang='lat' dir='ltr'>habere</span> <span class='ocrx_word' id='word_1_137' title='bbox 431 1314 498 1346; x_wconf 84' lang='lat' dir='ltr'>vim</span> <span class='ocrx_word' id='word_1_138' title='bbox 517 1313 763 1353; x_wconf 73' lang='lat' dir='ltr'>adversativam</span> <span class='ocrx_word' id='word_1_139' title='bbox 783 1317 824 1356; x_wconf 53' lang='lat' dir='ltr'>tet</span> <span class='ocrx_word' id='word_1_140' title='bbox 844 1323 882 1345; x_wconf 64' lang='lat' dir='ltr'>es</span> 
     </span>
     <span class='ocr_line' id='line_1_24' title="bbox 103 1359 881 1403; baseline -0.001 -12"><span class='ocrx_word' id='word_1_141' title='bbox 103 1361 205 1392; x_wconf 77' lang='lat' dir='ltr'>attera</span> <span class='ocrx_word' id='word_1_142' title='bbox 225 1364 339 1401; x_wconf 81' lang='lat' dir='ltr'>parte,</span> <span class='ocrx_word' id='word_1_143' title='bbox 371 1364 400 1393; x_wconf 81' lang='lat' dir='ltr'>et</span> <span class='ocrx_word' id='word_1_144' title='bbox 421 1359 543 1403; x_wconf 75' lang='lat' dir='ltr'>contra)</span> <span class='ocrx_word' id='word_1_145' title='bbox 560 1371 571 1401; x_wconf 89' lang='lat'>‚·</span> <span class='ocrx_word' id='word_1_146' title='bbox 605 1367 640 1392; x_wconf 93' lang='lat' dir='ltr'>at</span> <span class='ocrx_word' id='word_1_147' title='bbox 663 1372 731 1392; x_wconf 91' lang='lat' dir='ltr'>non</span> <span class='ocrx_word' id='word_1_148' title='bbox 756 1359 881 1396; x_wconf 84' lang='lat' dir='ltr'>habet;</span> 
     </span>
     <span class='ocr_line' id='line_1_25' title="bbox 101 1404 883 1446; baseline -0.001 -8"><span class='ocrx_word' id='word_1_149' title='bbox 101 1404 234 1439; x_wconf 84' lang='lat' dir='ltr'>nullam</span> <span class='ocrx_word' id='word_1_150' title='bbox 247 1405 346 1439; x_wconf 86' lang='lat' dir='ltr'>aliam</span> <span class='ocrx_word' id='word_1_151' title='bbox 374 1405 441 1438; x_wconf 75' lang='lat' dir='ltr'>vim</span> <span class='ocrx_word' id='word_1_152' title='bbox 463 1406 587 1446; x_wconf 86' lang='lat' dir='ltr'>babet,</span> <span class='ocrx_word' id='word_1_153' title='bbox 623 1406 685 1438; x_wconf 88' lang='lat' dir='ltr'>nisi</span> <span class='ocrx_word' id='word_1_154' title='bbox 709 1414 744 1438; x_wconf 88' lang='lat' dir='ltr'>ut</span> <span class='ocrx_word' id='word_1_155' title='bbox 766 1407 883 1438; x_wconf 84' lang='lat' dir='ltr'>adiun-</span> 
     </span>
     <span class='ocr_line' id='line_1_26' title="bbox 102 1452 883 1496; baseline -0.001 -13"><span class='ocrx_word' id='word_1_156' title='bbox 102 1455 160 1492; x_wconf 68' lang='lat' dir='ltr'>gat</span> <span class='ocrx_word' id='word_1_157' title='bbox 182 1452 465 1491; x_wconf 85' lang='lat' dir='ltr'>enuntiationem,</span> <span class='ocrx_word' id='word_1_158' title='bbox 491 1452 779 1496; x_wconf 82' lang='lat' dir='ltr'>qua-antecedens</span> <span class='ocrx_word' id='word_1_159' title='bbox 802 1463 883 1483; x_wconf 81' lang='lat' dir='ltr'>sen-</span> 
     </span>
     <span class='ocr_line' id='line_1_27' title="bbox 104 1497 885 1541; baseline -0.001 -12"><span class='ocrx_word' id='word_1_160' title='bbox 104 1497 213 1531; x_wconf 84' lang='lat' dir='ltr'>tentia</span> <span class='ocrx_word' id='word_1_161' title='bbox 234 1498 451 1531; x_wconf 81' lang='lat' dir='ltr'>continuatur</span> <span class='ocrx_word' id='word_1_162' title='bbox 479 1498 533 1531; x_wconf 87' lang='lat' dir='ltr'>vel</span> <span class='ocrx_word' id='word_1_163' title='bbox 564 1499 750 1531; x_wconf 81' lang='lat' dir='ltr'>accuratius</span> <span class='ocrx_word' id='word_1_164' title='bbox 773 1497 885 1541; x_wconf 75' lang='lat' dir='ltr'>expli-</span> 
     </span>
     <span class='ocr_line' id='line_1_28' title="bbox 106 1543 882 1589; baseline -0.001 -13"><span class='ocrx_word' id='word_1_165' title='bbox 106 1549 210 1576; x_wconf 77' lang='lat' dir='ltr'>oetur.</span> <span class='ocrx_word' id='word_1_166' title='bbox 258 1543 458 1589; x_wconf 84' lang='lat' dir='ltr'>Saepissime</span> <span class='ocrx_word' id='word_1_167' title='bbox 476 1544 510 1577; x_wconf 89' lang='lat' dir='ltr'>in</span> <span class='ocrx_word' id='word_1_168' title='bbox 536 1544 651 1588; x_wconf 88' lang='lat' dir='ltr'>primis</span> <span class='ocrx_word' id='word_1_169' title='bbox 676 1552 754 1588; x_wconf 74' lang='lat' dir='ltr'>post</span> <span class='ocrx_word' id='word_1_170' title='bbox 777 1555 882 1587; x_wconf 82' lang='lat' dir='ltr'>nega-</span> 
     </span>
     <span class='ocr_line' id='line_1_29' title="bbox 104 1589 883 1634; baseline 0 -12"><span class='ocrx_word' id='word_1_171' title='bbox 104 1589 233 1622; x_wconf 82' lang='lat' dir='ltr'>tionem</span> <span class='ocrx_word' id='word_1_172' title='bbox 258 1589 304 1623; x_wconf 86' lang='lat' dir='ltr'>ita</span> <span class='ocrx_word' id='word_1_173' title='bbox 329 1590 479 1634; x_wconf 88' lang='lat' dir='ltr'>ponitur.</span> <span class='ocrx_word' id='word_1_174' title='bbox 526 1592 566 1624; x_wconf 89' lang='lat' dir='ltr'>V.</span> <span class='ocrx_word' id='word_1_175' title='bbox 592 1603 654 1624; x_wconf 92' lang='lat' dir='ltr'>nos</span> <span class='ocrx_word' id='word_1_176' title='bbox 678 1592 711 1623; x_wconf 84' lang='lat' dir='ltr'>in</span> <span class='ocrx_word' id='word_1_177' title='bbox 734 1591 883 1622; x_wconf 74' lang='lat' dir='ltr'>Gramm.</span> 
     </span>
     <span class='ocr_line' id='line_1_30' title="bbox 105 1635 885 1681; baseline -0.001 -13"><span class='ocrx_word' id='word_1_178' title='bbox 105 1636 148 1668; x_wconf 93' lang='lat' dir='ltr'>L.</span> <span class='ocrx_word' id='word_1_179' title='bbox 171 1635 303 1678; x_wconf 75' lang='lat'>§.135‚</span> <span class='ocrx_word' id='word_1_180' title='bbox 337 1637 370 1670; x_wconf 80' lang='lat'>2.</span> <span class='ocrx_word' id='word_1_181' title='bbox 394 1636 518 1681; x_wconf 89' lang='lat' dir='ltr'>p.336.</span> <span class='ocrx_word' id='word_1_182' title='bbox 545 1636 598 1669; x_wconf 90' lang='lat' dir='ltr'>ed.</span> <span class='ocrx_word' id='word_1_183' title='bbox 622 1640 654 1669; x_wconf 69' lang='lat'>2.</span> <span class='ocrx_word' id='word_1_184' title='bbox 718 1637 769 1669; x_wconf 75' lang='lat' dir='ltr'>Cf.</span> <span class='ocrx_word' id='word_1_185' title='bbox 795 1636 885 1668; x_wconf 82' lang='lat' dir='ltr'>infra</span> 
     </span>
     <span class='ocr_line' id='line_1_31' title="bbox 103 1680 884 1726; baseline 0.001 -12"><span class='ocrx_word' id='word_1_186' title='bbox 103 1682 147 1714; x_wconf 71' lang='lat' dir='ltr'>V.</span> <span class='ocrx_word' id='word_1_187' title='bbox 174 1680 239 1722; x_wconf 81' lang='lat'>18,</span> <span class='ocrx_word' id='word_1_188' title='bbox 263 1683 326 1716; x_wconf 72' lang='grc' dir='ltr'>ὁδε</span> <span class='ocrx_word' id='word_1_189' title='bbox 351 1689 388 1715; x_wconf 90' lang='lat' dir='ltr'>ut</span> <span class='ocrx_word' id='word_1_190' title='bbox 411 1681 502 1715; x_wconf 89' lang='lat' dir='ltr'>nulla</span> <span class='ocrx_word' id='word_1_191' title='bbox 524 1695 561 1716; x_wconf 92' lang='lat' dir='ltr'>re</span> <span class='ocrx_word' id='word_1_192' title='bbox 582 1695 727 1726; x_wconf 84' lang='lat' dir='ltr'>unquam</span> <span class='ocrx_word' id='word_1_193' title='bbox 750 1691 884 1715; x_wconf 76' lang='lat' dir='ltr'>terrea-</span> 
     </span>
     <span class='ocr_line' id='line_1_32' title="bbox 104 1729 666 1772; baseline 0 -12"><span class='ocrx_word' id='word_1_194' title='bbox 104 1738 179 1760; x_wconf 86' lang='lat' dir='ltr'>mur</span> <span class='ocrx_word' id='word_1_195' title='bbox 199 1740 397 1772; x_wconf 83' lang='lat' dir='ltr'>semperque</span> <span class='ocrx_word' id='word_1_196' title='bbox 415 1729 517 1762; x_wconf 76' lang='lat' dir='ltr'>simus</span> <span class='ocrx_word' id='word_1_197' title='bbox 538 1729 666 1762; x_wconf 87' lang='lat' dir='ltr'>invicti.</span> 
     </span>
    </p>

    <p class='ocr_par' dir='ltr' id='par_1_11' title="bbox 83 1774 889 2364">
     <span class='ocr_line' id='line_1_33' title="bbox 173 1774 887 1818; baseline 0 -11"><span class='ocrx_word' id='word_1_198' title='bbox 173 1779 202 1807; x_wconf 77' lang='lat' dir='ltr'>et</span> <span class='ocrx_word' id='word_1_199' title='bbox 221 1776 476 1817; x_wconf 68' lang='lat' dir='ltr'>Epaminondas}</span> <span class='ocrx_word' id='word_1_200' title='bbox 513 1775 641 1808; x_wconf 86' lang='lat' dir='ltr'>Vocula</span> <span class='ocrx_word' id='word_1_201' title='bbox 665 1780 692 1808; x_wconf 79' lang='lat' dir='ltr'>et</span> <span class='ocrx_word' id='word_1_202' title='bbox 721 1774 887 1818; x_wconf 73' lang='lat' dir='ltr'>excipitur</span> 
     </span>
     <span class='ocr_line' id='line_1_34' title="bbox 105 1821 885 1865; baseline -0.001 -12"><span class='ocrx_word' id='word_1_203' title='bbox 105 1821 258 1864; x_wconf 85' lang='lat' dir='ltr'>sequenti</span> <span class='ocrx_word' id='word_1_204' title='bbox 276 1831 335 1862; x_wconf 81' lang='lat' dir='ltr'>que</span> <span class='ocrx_word' id='word_1_205' title='bbox 350 1821 697 1865; x_wconf 52' lang='lat' dir='ltr'>(Themistoclesquel.</span> <span class='ocrx_word' id='word_1_206' title='bbox 731 1821 885 1854; x_wconf 83' lang='lat' dir='ltr'>Ubicun-</span> 
     </span>
     <span class='ocr_line' id='line_1_35' title="bbox 107 1866 886 1911; baseline 0.004 -13"><span class='ocrx_word' id='word_1_207' title='bbox 107 1877 172 1911; x_wconf 84' lang='lat' dir='ltr'>que</span> <span class='ocrx_word' id='word_1_208' title='bbox 204 1866 290 1899; x_wconf 88' lang='lat' dir='ltr'>duae</span> <span class='ocrx_word' id='word_1_209' title='bbox 322 1867 569 1900; x_wconf 82' lang='lat' dir='ltr'>enuntiationes</span> <span class='ocrx_word' id='word_1_210' title='bbox 592 1867 763 1911; x_wconf 83' lang='lat' dir='ltr'>particulis</span> <span class='ocrx_word' id='word_1_211' title='bbox 789 1872 816 1900; x_wconf 74' lang='lat' dir='ltr'>et</span> <span class='ocrx_word' id='word_1_212' title='bbox 841 1886 886 1891; x_wconf 90' lang='lat'>——</span> 
     </span>
     <span class='ocr_line' id='line_1_36' title="bbox 105 1910 888 1957; baseline -0.001 -11"><span class='ocrx_word' id='word_1_213' title='bbox 105 1923 166 1955; x_wconf 75' lang='lat' dir='ltr'>que</span> <span class='ocrx_word' id='word_1_214' title='bbox 183 1912 247 1945; x_wconf 90' lang='lat' dir='ltr'>sibi</span> <span class='ocrx_word' id='word_1_215' title='bbox 267 1921 504 1957; x_wconf 84' lang='lat' dir='ltr'>opponuntur,</span> <span class='ocrx_word' id='word_1_216' title='bbox 530 1914 638 1946; x_wconf 83' lang='lat' dir='ltr'>oratio</span> <span class='ocrx_word' id='word_1_217' title='bbox 657 1910 888 1950; x_wconf 59' lang='grc' dir='ltr'>α’ῑακὲλουῖῗες</span> 
     </span>
     <span class='ocr_line' id='line_1_37' title="bbox 104 1958 885 1992; baseline -0.004 -1"><span class='ocrx_word' id='word_1_218' title='bbox 104 1958 284 1992; x_wconf 81' lang='lat' dir='ltr'>statuenda</span> <span class='ocrx_word' id='word_1_219' title='bbox 318 1966 381 1991; x_wconf 86' lang='lat' dir='ltr'>est.</span> <span class='ocrx_word' id='word_1_220' title='bbox 438 1960 481 1992; x_wconf 86' lang='lat' dir='ltr'>V.</span> <span class='ocrx_word' id='word_1_221' title='bbox 515 1971 578 1992; x_wconf 89' lang='lat' dir='ltr'>nos</span> <span class='ocrx_word' id='word_1_222' title='bbox 608 1960 642 1991; x_wconf 89' lang='lat' dir='ltr'>in</span> <span class='ocrx_word' id='word_1_223' title='bbox 669 1961 817 1990; x_wconf 80' lang='lat' dir='ltr'>Gramm.</span> <span class='ocrx_word' id='word_1_224' title='bbox 845 1959 885 1989; x_wconf 94' lang='lat' dir='ltr'>L.</span> 
     </span>
     <span class='ocr_line' id='line_1_38' title="bbox 106 2004 887 2048; baseline -0.004 -11"><span class='ocrx_word' id='word_1_225' title='bbox 106 2004 224 2048; x_wconf 75' lang='lat'>§.135.</span> <span class='ocrx_word' id='word_1_226' title='bbox 251 2005 334 2038; x_wconf 86' lang='lat' dir='ltr'>Not.</span> <span class='ocrx_word' id='word_1_227' title='bbox 352 2007 386 2038; x_wconf 69' lang='grc' dir='ltr'>ὃ.</span> <span class='ocrx_word' id='word_1_228' title='bbox 411 2016 444 2048; x_wconf 82' lang='lat' dir='ltr'>p.</span> <span class='ocrx_word' id='word_1_229' title='bbox 458 2005 536 2039; x_wconf 86' lang='lat'>338</span> <span class='ocrx_word' id='word_1_230' title='bbox 564 2005 616 2037; x_wconf 88' lang='lat' dir='ltr'>ed.</span> <span class='ocrx_word' id='word_1_231' title='bbox 638 2006 672 2037; x_wconf 77' lang='lat'>·2.</span> <span class='ocrx_word' id='word_1_232' title='bbox 721 2004 887 2046; x_wconf 70' lang='lat' dir='ltr'>Scriptor,</span> 
     </span>
     <span class='ocr_line' id='line_1_39' title="bbox 106 2049 887 2096; baseline -0.003 -13"><span class='ocrx_word' id='word_1_233' title='bbox 106 2050 221 2096; x_wconf 84' lang='lat' dir='ltr'>priore</span> <span class='ocrx_word' id='word_1_234' title='bbox 241 2050 472 2083; x_wconf 84' lang='lat' dir='ltr'>enuntiatione</span> <span class='ocrx_word' id='word_1_235' title='bbox 494 2063 556 2094; x_wconf 88' lang='lat' dir='ltr'>per</span> <span class='ocrx_word' id='word_1_236' title='bbox 576 2055 603 2084; x_wconf 79' lang='lat' dir='ltr'>et</span> <span class='ocrx_word' id='word_1_237' title='bbox 622 2050 771 2085; x_wconf 75' lang='lat' dir='ltr'>inducta.</span> <span class='ocrx_word' id='word_1_238' title='bbox 797 2049 887 2081; x_wconf 86' lang='lat' dir='ltr'>alte-</span> 
     </span>
     <span class='ocr_line' id='line_1_40' title="bbox 107 2094 888 2140; baseline -0.004 -10"><span class='ocrx_word' id='word_1_239' title='bbox 107 2108 179 2130; x_wconf 86' lang='lat' dir='ltr'>ram</span> <span class='ocrx_word' id='word_1_240' title='bbox 196 2108 259 2140; x_wconf 82' lang='lat' dir='ltr'>per</span> <span class='ocrx_word' id='word_1_241' title='bbox 273 2101 302 2129; x_wconf 79' lang='lat' dir='ltr'>et</span> <span class='ocrx_word' id='word_1_242' title='bbox 321 2107 494 2140; x_wconf 86' lang='lat' dir='ltr'>opponere</span> <span class='ocrx_word' id='word_1_243' title='bbox 510 2097 544 2128; x_wconf 90' lang='lat' dir='ltr'>in</span> <span class='ocrx_word' id='word_1_244' title='bbox 563 2103 677 2128; x_wconf 87' lang='lat' dir='ltr'>mente</span> <span class='ocrx_word' id='word_1_245' title='bbox 694 2096 806 2133; x_wconf 76' lang='lat' dir='ltr'>habet,</span> <span class='ocrx_word' id='word_1_246' title='bbox 827 2094 888 2127; x_wconf 87' lang='lat' dir='ltr'>sed</span> 
     </span>
     <span class='ocr_line' id='line_1_41' title="bbox 106 2141 888 2175; baseline -0.001 -1"><span class='ocrx_word' id='word_1_247' title='bbox 106 2142 232 2175; x_wconf 80' lang='lat' dir='ltr'>deinde</span> <span class='ocrx_word' id='word_1_248' title='bbox 253 2141 486 2175; x_wconf 80' lang='lat' dir='ltr'>antecedentis</span> <span class='ocrx_word' id='word_1_249' title='bbox 505 2147 532 2175; x_wconf 78' lang='lat' dir='ltr'>et</span> <span class='ocrx_word' id='word_1_250' title='bbox 553 2143 727 2174; x_wconf 87' lang='lat' dir='ltr'>immemor</span> <span class='ocrx_word' id='word_1_251' title='bbox 747 2141 888 2174; x_wconf 87' lang='lat' dir='ltr'>alteram</span> 
     </span>
     <span class='ocr_line' id='line_1_42' title="bbox 109 2187 888 2232; baseline -0.003 -11"><span class='ocrx_word' id='word_1_252' title='bbox 109 2187 376 2221; x_wconf 78' lang='lat' dir='ltr'>enuntiationem</span> <span class='ocrx_word' id='word_1_253' title='bbox 408 2188 513 2230; x_wconf 88' lang='lat' dir='ltr'>priori</span> <span class='ocrx_word' id='word_1_254' title='bbox 546 2200 615 2221; x_wconf 93' lang='lat' dir='ltr'>non</span> <span class='ocrx_word' id='word_1_255' title='bbox 639 2200 700 2232; x_wconf 90' lang='lat' dir='ltr'>per</span> <span class='ocrx_word' id='word_1_256' title='bbox 722 2192 751 2220; x_wconf 81' lang='lat' dir='ltr'>et</span> <span class='ocrx_word' id='word_1_257' title='bbox 773 2199 888 2232; x_wconf 76' lang='lat' dir='ltr'>oppo-</span> 
     </span>
     <span class='ocr_line' id='line_1_43' title="bbox 109 2233 888 2278; baseline 0 -13"><span class='ocrx_word' id='word_1_258' title='bbox 109 2233 171 2272; x_wconf 76' lang='lat' dir='ltr'>nit,</span> <span class='ocrx_word' id='word_1_259' title='bbox 188 2233 278 2272; x_wconf 91' lang='lat' dir='ltr'>·sed‚·</span> <span class='ocrx_word' id='word_1_260' title='bbox 294 2233 386 2278; x_wconf 88' lang='lat' dir='ltr'>qnasi</span> <span class='ocrx_word' id='word_1_261' title='bbox 406 2237 433 2266; x_wconf 82' lang='lat' dir='ltr'>et</span> <span class='ocrx_word' id='word_1_262' title='bbox 451 2245 520 2266; x_wconf 87' lang='lat' dir='ltr'>non</span> <span class='ocrx_word' id='word_1_263' title='bbox 538 2233 728 2271; x_wconf 75' lang='lat' dir='ltr'>antecedat,</span> <span class='ocrx_word' id='word_1_264' title='bbox 753 2246 814 2278; x_wconf 84' lang='lat' dir='ltr'>per</span> <span class='ocrx_word' id='word_1_265' title='bbox 829 2243 888 2275; x_wconf 84' lang='lat' dir='ltr'>que</span> 
     </span>
     <span class='ocr_line' id='line_1_44' title="bbox 83 2279 889 2323; baseline -0.001 -11"><span class='ocrx_word' id='word_1_266' title='bbox 83 2302 86 2304; x_wconf 36' lang='lat' dir='ltr'>v</span> <span class='ocrx_word' id='word_1_267' title='bbox 108 2279 272 2323; x_wconf 84' lang='lat' dir='ltr'>adiungit.</span> <span class='ocrx_word' id='word_1_268' title='bbox 330 2280 378 2312; x_wconf 89' lang='lat' dir='ltr'>De</span> <span class='ocrx_word' id='word_1_269' title='bbox 402 2280 575 2314; x_wconf 58' lang='lat' dir='ltr'>vocabulo</span> <span class='ocrx_word' id='word_1_270' title='bbox 602 2283 701 2322; x_wconf 72' lang='lat' dir='ltr'>igitur</span> <span class='ocrx_word' id='word_1_271' title='bbox 730 2279 764 2312; x_wconf 91' lang='lat' dir='ltr'>in</span> <span class='ocrx_word' id='word_1_272' title='bbox 792 2279 889 2312; x_wconf 81' lang='lat' dir='ltr'>initio</span> 
     </span>
     <span class='ocr_line' id='line_1_45' title="bbox 110 2324 856 2364; baseline -0.004 -5"><span class='ocrx_word' id='word_1_273' title='bbox 110 2324 351 2359; x_wconf 82' lang='lat' dir='ltr'>enuntiationis</span> <span class='ocrx_word' id='word_1_274' title='bbox 376 2326 543 2359; x_wconf 86' lang='lat' dir='ltr'>collocato</span> <span class='ocrx_word' id='word_1_275' title='bbox 565 2339 598 2360; x_wconf 73' lang='lat' dir='ltr'>v.</span> <span class='ocrx_word' id='word_1_276' title='bbox 620 2326 663 2359; x_wconf 89' lang='lat' dir='ltr'>ad</span> <span class='ocrx_word' id='word_1_277' title='bbox 684 2338 712 2357; x_wconf 92' lang='lat' dir='ltr'>c.</span> <span class='ocrx_word' id='word_1_278' title='bbox 733 2325 775 2364; x_wconf 84' lang='lat'>6,</span> <span class='ocrx_word' id='word_1_279' title='bbox 805 2325 856 2359; x_wconf 85' lang='lat'>11.</span> 
     </span>
    </p>

    <p class='ocr_par' dir='ltr' id='par_1_12' title="bbox 108 2371 894 2544">
     <span class='ocr_line' id='line_1_46' title="bbox 176 2371 889 2416; baseline -0.003 -11"><span class='ocrx_word' id='word_1_280' title='bbox 176 2374 324 2413; x_wconf 77' lang='lat' dir='ltr'>princeps</span> <span class='ocrx_word' id='word_1_281' title='bbox 352 2382 422 2406; x_wconf 85' lang='lat' dir='ltr'>meo</span> <span class='ocrx_word' id='word_1_282' title='bbox 442 2375 562 2406; x_wconf 77' lang='lat' dir='ltr'>iudicio</span> <span class='ocrx_word' id='word_1_283' title='bbox 585 2371 752 2416; x_wconf 78' lang='lat' dir='ltr'>Graeciae]</span> <span class='ocrx_word' id='word_1_284' title='bbox 784 2371 889 2404; x_wconf 82' lang='lat' dir='ltr'>Cicer.</span> 
     </span>
     <span class='ocr_line' id='line_1_47' title="bbox 110 2416 891 2460; baseline -0.004 -8"><span class='ocrx_word' id='word_1_285' title='bbox 110 2418 155 2452; x_wconf 81' lang='lat' dir='ltr'>de</span> <span class='ocrx_word' id='word_1_286' title='bbox 178 2420 270 2450; x_wconf 85' lang='lat' dir='ltr'>Orat.</span> <span class='ocrx_word' id='word_1_287' title='bbox 293 2419 352 2451; x_wconf 83' lang='grc' dir='ltr'><strong>ΙΙΙ.</strong></span> <span class='ocrx_word' id='word_1_288' title='bbox 373 2416 440 2458; x_wconf 69' lang='lat'>34,</span> <span class='ocrx_word' id='word_1_289' title='bbox 468 2419 551 2453; x_wconf 81' lang='lat'>139:</span> <span class='ocrx_word' id='word_1_290' title='bbox 577 2418 776 2452; x_wconf 86' lang='lat' dir='ltr'>Thebanum</span> <span class='ocrx_word' id='word_1_291' title='bbox 797 2419 891 2460; x_wconf 89' lang='lat' dir='ltr'>Epa-</span> 
     </span>
     <span class='ocr_line' id='line_1_48' title="bbox 108 2463 894 2498; baseline -0.001 -1"><span class='ocrx_word' id='word_1_292' title='bbox 108 2464 305 2498; x_wconf 70' lang='lat' dir='ltr'>minondam</span> <span class='ocrx_word' id='word_1_293' title='bbox 325 2464 416 2496; x_wconf 83' lang='lat' dir='ltr'>hand</span> <span class='ocrx_word' id='word_1_294' title='bbox 436 2464 507 2497; x_wconf 88' lang='lat' dir='ltr'>scio</span> <span class='ocrx_word' id='word_1_295' title='bbox 531 2477 574 2497; x_wconf 88' lang='lat' dir='ltr'>an</span> <span class='ocrx_word' id='word_1_296' title='bbox 602 2476 767 2497; x_wconf 87' lang='lat' dir='ltr'>summum</span> <span class='ocrx_word' id='word_1_297' title='bbox 784 2463 894 2496; x_wconf 73' lang='lat' dir='ltr'>virum</span> 
     </span>
     <span class='ocr_line' id='line_1_49' title="bbox 111 2510 545 2544; baseline -0.002 0"><span class='ocrx_word' id='word_1_298' title='bbox 111 2519 213 2544; x_wconf 78' lang='lat' dir='ltr'>unum</span> <span class='ocrx_word' id='word_1_299' title='bbox 238 2510 347 2542; x_wconf 88' lang='lat' dir='ltr'>omnis</span> <span class='ocrx_word' id='word_1_300' title='bbox 372 2511 545 2543; x_wconf 85' lang='lat' dir='ltr'>Graeciae.</span> 
     </span>
    </p>

    <p class='ocr_par' dir='ltr' id='par_1_13' title="bbox 112 2556 896 2829">
     <span class='ocr_line' id='line_1_50' title="bbox 173 2556 891 2599; baseline -0.003 -10"><span class='ocrx_word' id='word_1_301' title='bbox 173 2558 290 2598; x_wconf 73' lang='lat' dir='ltr'>fidibus</span> <span class='ocrx_word' id='word_1_302' title='bbox 302 2559 467 2597; x_wconf 78' lang='lat' dir='ltr'>praeclare</span> <span class='ocrx_word' id='word_1_303' title='bbox 480 2559 626 2589; x_wconf 77' lang='lat' dir='ltr'>cecinisse</span> <span class='ocrx_word' id='word_1_304' title='bbox 638 2558 770 2599; x_wconf 76' lang='lat' dir='ltr'>dicitur]</span> <span class='ocrx_word' id='word_1_305' title='bbox 788 2556 891 2588; x_wconf 87' lang='lat' dir='ltr'>Corn.</span> 
     </span>
     <span class='ocr_line' id='line_1_51' title="bbox 113 2601 892 2646; baseline -0.005 -10"><span class='ocrx_word' id='word_1_306' title='bbox 113 2603 202 2646; x_wconf 86' lang='lat' dir='ltr'>Nep.</span> <span class='ocrx_word' id='word_1_307' title='bbox 220 2602 366 2634; x_wconf 82' lang='lat' dir='ltr'>Praefat.</span> <span class='ocrx_word' id='word_1_308' title='bbox 390 2603 418 2636; x_wconf 90' lang='lat'>1.</span> <span class='ocrx_word' id='word_1_309' title='bbox 443 2609 478 2634; x_wconf 89' lang='lat' dir='ltr'>et</span> <span class='ocrx_word' id='word_1_310' title='bbox 496 2603 614 2646; x_wconf 87' lang='lat' dir='ltr'>Epam.</span> <span class='ocrx_word' id='word_1_311' title='bbox 635 2605 678 2636; x_wconf 87' lang='lat'>11.</span> <span class='ocrx_word' id='word_1_312' title='bbox 701 2604 739 2635; x_wconf 83' lang='lat'>1:</span> <span class='ocrx_word' id='word_1_313' title='bbox 775 2601 892 2633; x_wconf 80' lang='lat' dir='ltr'>erudi-</span> 
     </span>
     <span class='ocr_line' id='line_1_52' title="bbox 112 2648 893 2691; baseline 0 -11"><span class='ocrx_word' id='word_1_314' title='bbox 112 2655 168 2681; x_wconf 85' lang='lat' dir='ltr'>tus</span> <span class='ocrx_word' id='word_1_315' title='bbox 185 2648 244 2691; x_wconf 82' lang='lat' dir='ltr'>(sc.</span> <span class='ocrx_word' id='word_1_316' title='bbox 258 2649 390 2691; x_wconf 82' lang='lat' dir='ltr'>Epam.)</span> <span class='ocrx_word' id='word_1_317' title='bbox 412 2655 525 2680; x_wconf 84' lang='lat' dir='ltr'>autem</span> <span class='ocrx_word' id='word_1_318' title='bbox 542 2649 601 2687; x_wconf 81' lang='lat' dir='ltr'>sic,</span> <span class='ocrx_word' id='word_1_319' title='bbox 627 2656 664 2681; x_wconf 82' lang='lat' dir='ltr'>ut</span> <span class='ocrx_word' id='word_1_320' title='bbox 683 2660 783 2681; x_wconf 83' lang='lat' dir='ltr'>nemo</span> <span class='ocrx_word' id='word_1_321' title='bbox 796 2648 893 2681; x_wconf 85' lang='lat' dir='ltr'>The-</span> 
     </span>
     <span class='ocr_line' id='line_1_53' title="bbox 113 2693 894 2738; baseline -0.001 -11"><span class='ocrx_word' id='word_1_322' title='bbox 113 2693 219 2727; x_wconf 81' lang='lat' dir='ltr'>banus</span> <span class='ocrx_word' id='word_1_323' title='bbox 256 2694 383 2738; x_wconf 85' lang='lat' dir='ltr'>magis;</span> <span class='ocrx_word' id='word_1_324' title='bbox 425 2706 501 2727; x_wconf 86' lang='lat' dir='ltr'>nam</span> <span class='ocrx_word' id='word_1_325' title='bbox 532 2701 566 2727; x_wconf 91' lang='lat' dir='ltr'>et</span> <span class='ocrx_word' id='word_1_326' title='bbox 600 2694 816 2733; x_wconf 69' lang='lat' dir='ltr'>citharizare,</span> <span class='ocrx_word' id='word_1_327' title='bbox 858 2699 894 2726; x_wconf 85' lang='lat' dir='ltr'>et</span> 
     </span>
     <span class='ocr_line' id='line_1_54' title="bbox 115 2739 895 2773; baseline 0 -2"><span class='ocrx_word' id='word_1_328' title='bbox 115 2746 252 2772; x_wconf 69' lang='lat' dir='ltr'>mutare</span> <span class='ocrx_word' id='word_1_329' title='bbox 273 2740 318 2772; x_wconf 86' lang='lat' dir='ltr'>ad</span> <span class='ocrx_word' id='word_1_330' title='bbox 336 2740 537 2773; x_wconf 84' lang='lat' dir='ltr'>chordarum</span> <span class='ocrx_word' id='word_1_331' title='bbox 557 2753 677 2773; x_wconf 88' lang='lat' dir='ltr'>sonum</span> <span class='ocrx_word' id='word_1_332' title='bbox 700 2739 821 2773; x_wconf 88' lang='lat' dir='ltr'>doctus</span> <span class='ocrx_word' id='word_1_333' title='bbox 843 2746 895 2771; x_wconf 83' lang='lat' dir='ltr'>est</span> 
     </span>
     <span class='ocr_line' id='line_1_55' title="bbox 114 2785 896 2829; baseline 0 -11"><span class='ocrx_word' id='word_1_334' title='bbox 114 2795 136 2818; x_wconf 79' lang='lat' dir='ltr'>a</span> <span class='ocrx_word' id='word_1_335' title='bbox 154 2785 328 2829; x_wconf 77' lang='lat' dir='ltr'>Dionysio.</span> <span class='ocrx_word' id='word_1_336' title='bbox 378 2787 429 2818; x_wconf 92' lang='lat' dir='ltr'>De</span> <span class='ocrx_word' id='word_1_337' title='bbox 451 2786 622 2819; x_wconf 82' lang='lat' dir='ltr'>locutione</span> <span class='ocrx_word' id='word_1_338' title='bbox 643 2788 760 2828; x_wconf 78' lang='lat' dir='ltr'>fidibus</span> <span class='ocrx_word' id='word_1_339' title='bbox 784 2795 896 2818; x_wconf 84' lang='lat' dir='ltr'>cauere</span> 
     </span>
    </p>
   </div>
   <div class='ocr_carea' id='block_1_11' title="bbox 117 2829 898 2874">
    <p class='ocr_par' dir='ltr' id='par_1_14' title="bbox 117 2829 898 2874">
     <span class='ocr_line' id='line_1_56' title="bbox 117 2829 898 2874; baseline 0.003 -12"><span class='ocrx_word' id='word_1_340' title='bbox 117 2829 164 2862; x_wconf 74' lang='lat' dir='ltr'>cf.</span> <span class='ocrx_word' id='word_1_341' title='bbox 182 2832 321 2864; x_wconf 86' lang='lat' dir='ltr'>Terent.</span> <span class='ocrx_word' id='word_1_342' title='bbox 343 2833 429 2864; x_wconf 86' lang='lat' dir='ltr'>Enn.</span> <span class='ocrx_word' id='word_1_343' title='bbox 452 2834 477 2863; x_wconf 83' lang='lat'>1.</span> <span class='ocrx_word' id='word_1_344' title='bbox 500 2833 535 2872; x_wconf 82' lang='lat'>2,</span> <span class='ocrx_word' id='word_1_345' title='bbox 559 2832 622 2866; x_wconf 85' lang='lat'>53:</span> <span class='ocrx_word' id='word_1_346' title='bbox 659 2833 776 2874; x_wconf 76' lang='lat' dir='ltr'>fidibus</span> <span class='ocrx_word' id='word_1_347' title='bbox 796 2834 898 2864; x_wconf 81' lang='lat' dir='ltr'>scire:</span> 
     </span>
    </p>
   </div>
   <div class='ocr_carea' id='block_1_12' title="bbox 116 2875 897 3001">
    <p class='ocr_par' dir='ltr' id='par_1_15' title="bbox 116 2875 897 3001">
     <span class='ocr_line' id='line_1_57' title="bbox 117 2875 894 2919; baseline 0.004 -12"><span class='ocrx_word' id='word_1_348' title='bbox 117 2875 176 2907; x_wconf 80' lang='lat' dir='ltr'>ubi</span> <span class='ocrx_word' id='word_1_349' title='bbox 195 2877 417 2919; x_wconf 75' lang='lat' dir='ltr'>supplendum</span> <span class='ocrx_word' id='word_1_350' title='bbox 434 2888 557 2911; x_wconf 83' lang='lat' dir='ltr'>canere.</span> <span class='ocrx_word' id='word_1_351' title='bbox 589 2877 646 2910; x_wconf 84' lang='lat' dir='ltr'>Sic</span> <span class='ocrx_word' id='word_1_352' title='bbox 664 2877 709 2910; x_wconf 88' lang='lat' dir='ltr'>ad</span> <span class='ocrx_word' id='word_1_353' title='bbox 721 2878 814 2910; x_wconf 86' lang='lat' dir='ltr'>Fam.</span> <span class='ocrx_word' id='word_1_354' title='bbox 831 2877 894 2917; x_wconf 84' lang='lat' dir='ltr'>IX,</span> 
     </span>
     <span class='ocr_line' id='line_1_58' title="bbox 116 2919 897 3001; baseline 0 -46"><span class='ocrx_word' id='word_1_355' title='bbox 116 2919 183 2997; x_wconf 48' lang='grc' dir='ltr'>’ἐξ</span> <span class='ocrx_word' id='word_1_356' title='bbox 197 2923 322 3001; x_wconf 46' lang='lat' dir='ltr'>gatru:</span> <span class='ocrx_word' id='word_1_357' title='bbox 342 2925 463 2956; x_wconf 79' lang='lat' dir='ltr'>docere.</span> <span class='ocrx_word' id='word_1_358' title='bbox 486 2923 530 2956; x_wconf 86' lang='lat' dir='ltr'>de</span> <span class='ocrx_word' id='word_1_359' title='bbox 548 2925 683 2956; x_wconf 87' lang='lat' dir='ltr'>Senect.</span> <span class='ocrx_word' id='word_1_360' title='bbox 706 2936 734 2956; x_wconf 92' lang='lat' dir='ltr'>c.</span> <span class='ocrx_word' id='word_1_361' title='bbox 755 2923 796 2957; x_wconf 88' lang='lat'>8:</span> <span class='ocrx_word' id='word_1_362' title='bbox 823 2925 897 2965; x_wconf 73' lang='lat' dir='ltr'>fidi-</span> 
     </span>
    </p>
   </div>
   <div class='ocr_carea' id='block_1_13' title="bbox 189 3013 896 3059">
    <p class='ocr_par' dir='ltr' id='par_1_16' title="bbox 189 3013 896 3059">
     <span class='ocr_line' id='line_1_59' title="bbox 189 3013 896 3059; baseline -0.008 -9"><span class='ocrx_word' id='word_1_363' title='bbox 189 3013 310 3053; x_wconf 63' lang='grc' dir='ltr'><em>ᾱῑῐφιοῦ</em></span> <span class='ocrx_word' id='word_1_364' title='bbox 336 3018 411 3047; x_wconf 76' lang='lat' dir='ltr'>aule</span> <span class='ocrx_word' id='word_1_365' title='bbox 438 3016 554 3059; x_wconf 79' lang='lat' dir='ltr'>annos]</span> <span class='ocrx_word' id='word_1_366' title='bbox 589 3015 657 3047; x_wconf 85' lang='lat' dir='ltr'>Ubi</span> <span class='ocrx_word' id='word_1_367' title='bbox 678 3026 730 3048; x_wconf 76' lang='lat' dir='ltr'>res</span> <span class='ocrx_word' id='word_1_368' title='bbox 759 3026 828 3047; x_wconf 91' lang='lat' dir='ltr'>non</span> <span class='ocrx_word' id='word_1_369' title='bbox 853 3013 896 3046; x_wconf 83' lang='lat' dir='ltr'>ad</span> 
     </span>
    </p>
   </div>
   <div class='ocr_carea' id='block_1_14' title="bbox 912 603 1697 874">
    <p class='ocr_par' dir='ltr' id='par_1_17' title="bbox 912 603 1697 874">
     <span class='ocr_line' id='line_1_60' title="bbox 937 603 1695 660; baseline -0.004 -13"><span class='ocrx_word' id='word_1_370' title='bbox 937 606 1219 660; x_wconf 80' lang='lat' dir='ltr'>discebantque</span> <span class='ocrx_word' id='word_1_371' title='bbox 1242 605 1279 646; x_wconf 88' lang='lat' dir='ltr'>id</span> <span class='ocrx_word' id='word_1_372' title='bbox 1300 619 1462 657; x_wconf 87' lang='lat' dir='ltr'>omnes,</span> <span class='ocrx_word' id='word_1_373' title='bbox 1496 618 1597 656; x_wconf 90' lang='lat' dir='ltr'>nec,</span> <span class='ocrx_word' id='word_1_374' title='bbox 1630 603 1695 659; x_wconf 89' lang='lat' dir='ltr'>qui</span> 
     </span>
     <span class='ocr_line' id='line_1_61' title="bbox 1158 678 1696 736; baseline -0.006 -14"><span class='ocrx_word' id='word_1_375' title='bbox 1158 687 1200 722; x_wconf 88' lang='lat'>5.</span> <span class='ocrx_word' id='word_1_376' title='bbox 1236 678 1281 721; x_wconf 89' lang='lat' dir='ltr'>In</span> <span class='ocrx_word' id='word_1_377' title='bbox 1307 695 1460 722; x_wconf 86' lang='lat' dir='ltr'>summo</span> <span class='ocrx_word' id='word_1_378' title='bbox 1484 680 1586 736; x_wconf 90' lang='lat' dir='ltr'>apud</span> <span class='ocrx_word' id='word_1_379' title='bbox 1606 678 1696 720; x_wconf 88' lang='lat' dir='ltr'>illos</span> 
     </span>
     <span class='ocr_line' id='line_1_62' title="bbox 1535 755 1697 796; baseline -0.012 0"><span class='ocrx_word' id='word_1_380' title='bbox 1535 755 1593 796; x_wconf 76' lang='lat' dir='ltr'>At</span> <span class='ocrx_word' id='word_1_381' title='bbox 1623 767 1697 795; x_wconf 89' lang='lat' dir='ltr'>nos</span> 
     </span>
     <span class='ocr_line' id='line_1_63' title="bbox 912 829 1693 874; baseline -0.006 0"><span class='ocrx_word' id='word_1_382' title='bbox 912 833 1027 874; x_wconf 87' lang='lat' dir='ltr'>huius</span> <span class='ocrx_word' id='word_1_383' title='bbox 1068 832 1167 874; x_wconf 86' lang='lat' dir='ltr'>artis</span> <span class='ocrx_word' id='word_1_384' title='bbox 1198 831 1498 873; x_wconf 77' lang='lat' dir='ltr'>terminavimus</span> <span class='ocrx_word' id='word_1_385' title='bbox 1520 829 1693 870; x_wconf 85' lang='lat' dir='ltr'>modum.</span> 
     </span>
    </p>
   </div>
   <div class='ocr_carea' id='block_1_15' title="bbox 916 940 1704 1952">
    <p class='ocr_par' dir='ltr' id='par_1_18' title="bbox 916 940 1699 1398">
     <span class='ocr_line' id='line_1_64' title="bbox 918 940 1697 989; baseline -0.009 -12"><span class='ocrx_word' id='word_1_386' title='bbox 918 956 1088 989; x_wconf 78' lang='lat' dir='ltr'>praesens,</span> <span class='ocrx_word' id='word_1_387' title='bbox 1111 942 1169 975; x_wconf 73' lang='lat' dir='ltr'>sed</span> <span class='ocrx_word' id='word_1_388' title='bbox 1188 941 1231 974; x_wconf 78' lang='lat' dir='ltr'>ad</span> <span class='ocrx_word' id='word_1_389' title='bbox 1248 940 1465 986; x_wconf 70' lang='lat' dir='ltr'>praeteritum</span> <span class='ocrx_word' id='word_1_390' title='bbox 1487 947 1618 983; x_wconf 68' lang='lat' dir='ltr'>tempus</span> <span class='ocrx_word' id='word_1_391' title='bbox 1639 950 1697 971; x_wconf 85' lang='lat' dir='ltr'>re·-</span> 
     </span>
     <span class='ocr_line' id='line_1_65' title="bbox 919 985 1698 1028; baseline -0.01 -4"><span class='ocrx_word' id='word_1_392' title='bbox 919 992 1046 1027; x_wconf 55' lang='lat' dir='ltr'>fertum</span> <span class='ocrx_word' id='word_1_393' title='bbox 1072 989 1232 1022; x_wconf 75' lang='lat' dir='ltr'>adverbia</span> <span class='ocrx_word' id='word_1_394' title='bbox 1256 994 1328 1020; x_wconf 77' lang='lat' dir='ltr'>ante</span> <span class='ocrx_word' id='word_1_395' title='bbox 1350 995 1383 1020; x_wconf 88' lang='lat' dir='ltr'>et</span> <span class='ocrx_word' id='word_1_396' title='bbox 1402 991 1473 1028; x_wconf 77' lang='lat' dir='ltr'>post</span> <span class='ocrx_word' id='word_1_397' title='bbox 1494 987 1597 1018; x_wconf 69' lang='lat' dir='ltr'>rarius</span> <span class='ocrx_word' id='word_1_398' title='bbox 1621 985 1698 1017; x_wconf 81' lang='lat' dir='ltr'>iun-</span> 
     </span>
     <span class='ocr_line' id='line_1_66' title="bbox 918 1031 1699 1080; baseline -0.009 -11"><span class='ocrx_word' id='word_1_399' title='bbox 918 1045 1040 1080; x_wconf 78' lang='lat' dir='ltr'>guntur</span> <span class='ocrx_word' id='word_1_400' title='bbox 1079 1048 1153 1068; x_wconf 80' lang='lat' dir='ltr'>cuin</span> <span class='ocrx_word' id='word_1_401' title='bbox 1186 1035 1401 1072; x_wconf 80' lang='lat' dir='ltr'>accusativo,</span> <span class='ocrx_word' id='word_1_402' title='bbox 1443 1033 1497 1077; x_wconf 78' lang='lat' dir='ltr'>qui</span> <span class='ocrx_word' id='word_1_403' title='bbox 1533 1031 1699 1075; x_wconf 76' lang='lat' dir='ltr'>significat</span> 
     </span>
     <span class='ocr_line' id='line_1_67' title="bbox 919 1079 1698 1124; baseline -0.008 -9"><span class='ocrx_word' id='word_1_404' title='bbox 919 1094 1106 1115; x_wconf 74' lang='lat' dir='ltr'>mensuram</span> <span class='ocrx_word' id='word_1_405' title='bbox 1138 1081 1323 1124; x_wconf 69' lang='lat' dir='ltr'>temporis,</span> <span class='ocrx_word' id='word_1_406' title='bbox 1362 1079 1455 1111; x_wconf 89' lang='lat' dir='ltr'>utin</span> <span class='ocrx_word' id='word_1_407' title='bbox 1484 1079 1605 1110; x_wconf 83' lang='lat' dir='ltr'>abhinc</span> <span class='ocrx_word' id='word_1_408' title='bbox 1634 1079 1698 1110; x_wconf 80' lang='lat' dir='ltr'>duo</span> 
     </span>
     <span class='ocr_line' id='line_1_68' title="bbox 917 1129 1697 1168; baseline -0.01 -6"><span class='ocrx_word' id='word_1_409' title='bbox 917 1140 1036 1162; x_wconf 70' lang='lat' dir='ltr'>menses</span> <span class='ocrx_word' id='word_1_410' title='bbox 1073 1137 1221 1160; x_wconf 77' lang='lat' dir='ltr'>mortuus</span> <span class='ocrx_word' id='word_1_411' title='bbox 1238 1153 1246 1165; x_wconf 87' lang='grc'>,</span> <span class='ocrx_word' id='word_1_412' title='bbox 1287 1129 1418 1168; x_wconf 66' lang='lat' dir='ltr'>triginta</span> <span class='ocrx_word' id='word_1_413' title='bbox 1454 1135 1554 1157; x_wconf 79' lang='lat' dir='ltr'>annos</span> <span class='ocrx_word' id='word_1_414' title='bbox 1589 1130 1697 1156; x_wconf 84' lang='lat' dir='ltr'>natus.</span> 
     </span>
     <span class='ocr_line' id='line_1_69' title="bbox 921 1170 1699 1213; baseline -0.008 -7"><span class='ocrx_word' id='word_1_415' title='bbox 921 1176 974 1207; x_wconf 64' lang='grc' dir='ltr'>(ΖΓ.</span> <span class='ocrx_word' id='word_1_416' title='bbox 1000 1176 1042 1205; x_wconf 69' lang='lat' dir='ltr'>de</span> <span class='ocrx_word' id='word_1_417' title='bbox 1066 1178 1141 1206; x_wconf 57' lang='lat' dir='ltr'>svn.</span> <span class='ocrx_word' id='word_1_418' title='bbox 1167 1175 1233 1206; x_wconf 57' lang='lat' dir='ltr'>tt,</span> <span class='ocrx_word' id='word_1_419' title='bbox 1262 1174 1319 1205; x_wconf 67' lang='lat' dir='ltr'>lti:</span> <span class='ocrx_word' id='word_1_420' title='bbox 1357 1172 1441 1203; x_wconf 71' lang='lat' dir='ltr'>haec</span> <span class='ocrx_word' id='word_1_421' title='bbox 1472 1171 1527 1202; x_wconf 77' lang='lat' dir='ltr'>ille</span> <span class='ocrx_word' id='word_1_422' title='bbox 1549 1170 1618 1213; x_wconf 67' lang='lat' dir='ltr'>egit</span> <span class='ocrx_word' id='word_1_423' title='bbox 1640 1180 1699 1201; x_wconf 85' lang='lat' dir='ltr'>se·-</span> 
     </span>
     <span class='ocr_line' id='line_1_70' title="bbox 916 1217 1698 1265; baseline -0.006 -13"><span class='ocrx_word' id='word_1_424' title='bbox 916 1228 1009 1265; x_wconf 71' lang='lat' dir='ltr'>ptcm</span> <span class='ocrx_word' id='word_1_425' title='bbox 1032 1229 1064 1252; x_wconf 60' lang='lat' dir='ltr'>ct</span> <span class='ocrx_word' id='word_1_426' title='bbox 1087 1220 1205 1251; x_wconf 71' lang='lat' dir='ltr'>dec-m</span> <span class='ocrx_word' id='word_1_427' title='bbox 1227 1230 1327 1250; x_wconf 78' lang='lat' dir='ltr'>annos</span> <span class='ocrx_word' id='word_1_428' title='bbox 1347 1225 1423 1259; x_wconf 74' lang='lat' dir='ltr'>post</span> <span class='ocrx_word' id='word_1_429' title='bbox 1448 1217 1591 1248; x_wconf 76' lang='lat' dir='ltr'>aiterum</span> <span class='ocrx_word' id='word_1_430' title='bbox 1612 1227 1698 1248; x_wconf 89' lang='lat' dir='ltr'>cou—</span> 
     </span>
     <span class='ocr_line' id='line_1_71' title="bbox 916 1261 1696 1307; baseline -0.008 -8"><span class='ocrx_word' id='word_1_431' title='bbox 916 1267 1071 1299; x_wconf 63' lang='lat' dir='ltr'>sulatwn.</span> <span class='ocrx_word' id='word_1_432' title='bbox 1134 1267 1172 1298; x_wconf 64' lang='grc' dir='ltr'>Υ.</span> <span class='ocrx_word' id='word_1_433' title='bbox 1200 1277 1260 1297; x_wconf 76' lang='lat' dir='ltr'>uos</span> <span class='ocrx_word' id='word_1_434' title='bbox 1284 1265 1318 1296; x_wconf 83' lang='lat' dir='ltr'>in</span> <span class='ocrx_word' id='word_1_435' title='bbox 1343 1266 1490 1296; x_wconf 70' lang='lat' dir='ltr'>Gramm.</span> <span class='ocrx_word' id='word_1_436' title='bbox 1516 1264 1553 1294; x_wconf 92' lang='lat' dir='ltr'>L.</span> <span class='ocrx_word' id='word_1_437' title='bbox 1578 1264 1606 1307; x_wconf 57' lang='grc' dir='ltr'>ᾗ.</span> <span class='ocrx_word' id='word_1_438' title='bbox 1623 1261 1696 1294; x_wconf 75' lang='grc'>115.</span> 
     </span>
     <span class='ocr_line' id='line_1_72' title="bbox 917 1307 1699 1355; baseline -0.009 -11"><span class='ocrx_word' id='word_1_439' title='bbox 917 1321 987 1346; x_wconf 86' lang='lat' dir='ltr'>not.</span> <span class='ocrx_word' id='word_1_440' title='bbox 999 1313 1053 1346; x_wconf 53' lang='grc' dir='ltr'>’μὴ</span> <span class='ocrx_word' id='word_1_441' title='bbox 1071 1324 1102 1355; x_wconf 84' lang='lat' dir='ltr'>p.</span> <span class='ocrx_word' id='word_1_442' title='bbox 1114 1313 1180 1344; x_wconf 74' lang='lat'>‘.¹·&#39;’›.&#39;</span> <span class='ocrx_word' id='word_1_443' title='bbox 1195 1324 1244 1354; x_wconf 79' lang='lat' dir='ltr'>sq.</span> <span class='ocrx_word' id='word_1_444' title='bbox 1260 1311 1313 1341; x_wconf 65' lang='lat' dir='ltr'>ed.</span> <span class='ocrx_word' id='word_1_445' title='bbox 1328 1315 1359 1342; x_wconf 74' lang='grc'>’,’.</span> <span class='ocrx_word' id='word_1_446' title='bbox 1387 1311 1436 1341; x_wconf 83' lang='lat' dir='ltr'>De</span> <span class='ocrx_word' id='word_1_447' title='bbox 1452 1307 1699 1352; x_wconf 74' lang='lat' dir='ltr'>significatione</span> 
     </span>
     <span class='ocr_line' id='line_1_73' title="bbox 918 1352 1699 1398; baseline -0.008 -6"><span class='ocrx_word' id='word_1_448' title='bbox 918 1358 1072 1392; x_wconf 70' lang='lat' dir='ltr'>vocabuli</span> <span class='ocrx_word' id='word_1_449' title='bbox 1092 1360 1211 1398; x_wconf 77' lang='lat' dir='ltr'>aliquot</span> <span class='ocrx_word' id='word_1_450' title='bbox 1234 1369 1262 1389; x_wconf 89' lang='lat' dir='ltr'>v.</span> <span class='ocrx_word' id='word_1_451' title='bbox 1289 1356 1413 1388; x_wconf 65' lang='lat' dir='ltr'>Aduot.</span> <span class='ocrx_word' id='word_1_452' title='bbox 1431 1356 1472 1387; x_wconf 68' lang='lat' dir='ltr'>art</span> <span class='ocrx_word' id='word_1_453' title='bbox 1496 1355 1538 1386; x_wconf 84' lang='lat' dir='ltr'>ll.</span> <span class='ocrx_word' id='word_1_454' title='bbox 1554 1354 1618 1391; x_wconf 62' lang='lat'>27,</span> <span class='ocrx_word' id='word_1_455' title='bbox 1643 1352 1699 1386; x_wconf 79' lang='grc'>66.</span> 
     </span>
    </p>

    <p class='ocr_par' dir='ltr' id='par_1_19' title="bbox 917 1399 1701 1676">
     <span class='ocr_line' id='line_1_74' title="bbox 985 1399 1700 1446; baseline -0.01 -10"><span class='ocrx_word' id='word_1_456' title='bbox 985 1415 1082 1446; x_wconf 83' lang='lat' dir='ltr'>quum</span> <span class='ocrx_word' id='word_1_457' title='bbox 1107 1424 1151 1428; x_wconf 94' lang='lat'>—</span> <span class='ocrx_word' id='word_1_458' title='bbox 1175 1408 1330 1435; x_wconf 68' lang='lat' dir='ltr'>recusare!</span> <span class='ocrx_word' id='word_1_459' title='bbox 1355 1402 1473 1445; x_wconf 44' lang='lat' dir='ltr'>nyanij</span> <span class='ocrx_word' id='word_1_460' title='bbox 1501 1400 1554 1432; x_wconf 74' lang='lat' dir='ltr'>Sic</span> <span class='ocrx_word' id='word_1_461' title='bbox 1576 1399 1700 1442; x_wconf 80' lang='lat' dir='ltr'>legitur</span> 
     </span>
     <span class='ocr_line' id='line_1_75' title="bbox 917 1448 1699 1495; baseline -0.01 -11"><span class='ocrx_word' id='word_1_462' title='bbox 917 1451 951 1484; x_wconf 86' lang='lat' dir='ltr'>iu</span> <span class='ocrx_word' id='word_1_463' title='bbox 974 1451 1109 1495; x_wconf 75' lang='lat' dir='ltr'>optimis</span> <span class='ocrx_word' id='word_1_464' title='bbox 1134 1448 1251 1481; x_wconf 64' lang='lat' dir='ltr'>codd:</span> <span class='ocrx_word' id='word_1_465' title='bbox 1287 1449 1342 1480; x_wconf 82' lang='lat' dir='ltr'>alii</span> <span class='ocrx_word' id='word_1_466' title='bbox 1368 1448 1493 1479; x_wconf 67' lang='lat' dir='ltr'>liabent</span> <span class='ocrx_word' id='word_1_467' title='bbox 1515 1449 1699 1479; x_wconf 75' lang='lat' dir='ltr'>recusasset.</span> 
     </span>
     <span class='ocr_line' id='line_1_76' title="bbox 921 1492 1701 1540; baseline -0.008 -11"><span class='ocrx_word' id='word_1_468' title='bbox 921 1499 1107 1540; x_wconf 60' lang='lat' dir='ltr'>Utrumque</span> <span class='ocrx_word' id='word_1_469' title='bbox 1126 1495 1277 1529; x_wconf 79' lang='lat' dir='ltr'>admittit</span> <span class='ocrx_word' id='word_1_470' title='bbox 1297 1495 1391 1527; x_wconf 75' lang='lat' dir='ltr'>huius</span> <span class='ocrx_word' id='word_1_471' title='bbox 1414 1493 1480 1526; x_wconf 82' lang='lat' dir='ltr'>loci</span> <span class='ocrx_word' id='word_1_472' title='bbox 1496 1492 1593 1525; x_wconf 87' lang='lat' dir='ltr'>ratio.</span> <span class='ocrx_word' id='word_1_473' title='bbox 1628 1493 1701 1524; x_wconf 90' lang='lat' dir='ltr'>Im-</span> 
     </span>
     <span class='ocr_line' id='line_1_77' title="bbox 919 1539 1699 1588; baseline -0.008 -12"><span class='ocrx_word' id='word_1_474' title='bbox 919 1544 1110 1588; x_wconf 79' lang='lat' dir='ltr'>perfectum</span> <span class='ocrx_word' id='word_1_475' title='bbox 1134 1542 1322 1585; x_wconf 69' lang='lat' dir='ltr'>significat,</span> <span class='ocrx_word' id='word_1_476' title='bbox 1348 1539 1613 1574; x_wconf 65' lang='lat' dir='ltr'>Th2misr0clem</span> <span class='ocrx_word' id='word_1_477' title='bbox 1637 1550 1699 1571; x_wconf 67' lang='lat' dir='ltr'>eo-</span> 
     </span>
     <span class='ocr_line' id='line_1_78' title="bbox 920 1586 1701 1632; baseline -0.004 -10"><span class='ocrx_word' id='word_1_478' title='bbox 920 1590 995 1622; x_wconf 60' lang='lat' dir='ltr'>dom</span> <span class='ocrx_word' id='word_1_479' title='bbox 1021 1589 1183 1632; x_wconf 70' lang='lat' dir='ltr'>temporis</span> <span class='ocrx_word' id='word_1_480' title='bbox 1209 1595 1354 1632; x_wconf 77' lang='lat' dir='ltr'>puncto,</span> <span class='ocrx_word' id='word_1_481' title='bbox 1392 1598 1459 1630; x_wconf 82' lang='lat' dir='ltr'>quo</span> <span class='ocrx_word' id='word_1_482' title='bbox 1483 1586 1590 1629; x_wconf 60' lang='lat' dir='ltr'>lyram</span> <span class='ocrx_word' id='word_1_483' title='bbox 1612 1596 1701 1619; x_wconf 81' lang='lat' dir='ltr'>recu-</span> 
     </span>
     <span class='ocr_line' id='line_1_79' title="bbox 918 1633 1560 1676; baseline -0.009 -7"><span class='ocrx_word' id='word_1_484' title='bbox 918 1639 1031 1676; x_wconf 79' lang='lat' dir='ltr'>sabat,</span> <span class='ocrx_word' id='word_1_485' title='bbox 1057 1635 1280 1667; x_wconf 60' lang='lat' dir='ltr'>intimum-em</span> <span class='ocrx_word' id='word_1_486' title='bbox 1303 1633 1454 1665; x_wconf 73' lang='lat' dir='ltr'>habitum</span> <span class='ocrx_word' id='word_1_487' title='bbox 1479 1644 1560 1664; x_wconf 80' lang='lat' dir='ltr'>esse.</span> 
     </span>
    </p>

    <p class='ocr_par' dir='ltr' id='par_1_20' title="bbox 917 1680 1704 1952">
     <span class='ocr_line' id='line_1_80' title="bbox 989 1680 1702 1722; baseline -0.007 -8"><span class='ocrx_word' id='word_1_488' title='bbox 989 1685 1073 1721; x_wconf 68' lang='lat' dir='ltr'>Erqo</span> <span class='ocrx_word' id='word_1_489' title='bbox 1107 1702 1152 1706; x_wconf 95' lang='lat'>—</span> <span class='ocrx_word' id='word_1_490' title='bbox 1184 1683 1376 1722; x_wconf 63' lang='lat' dir='ltr'>floruerunt,</span> <span class='ocrx_word' id='word_1_491' title='bbox 1411 1680 1632 1719; x_wconf 74' lang='lat' dir='ltr'>discebantque</span> <span class='ocrx_word' id='word_1_492' title='bbox 1656 1698 1702 1703; x_wconf 88' lang='lat'>--</span> 
     </span>
     <span class='ocr_line' id='line_1_81' title="bbox 917 1725 1700 1770; baseline -0.006 -10"><span class='ocrx_word' id='word_1_493' title='bbox 917 1728 1105 1770; x_wconf 56' lang='lat' dir='ltr'>putabatur]</span> <span class='ocrx_word' id='word_1_494' title='bbox 1135 1728 1223 1768; x_wconf 70' lang='lat' dir='ltr'>[rgo</span> <span class='ocrx_word' id='word_1_495' title='bbox 1245 1726 1267 1757; x_wconf 85' lang='lat' dir='ltr'>i.</span> <span class='ocrx_word' id='word_1_496' title='bbox 1285 1737 1313 1757; x_wconf 86' lang='lat' dir='ltr'>e.</span> <span class='ocrx_word' id='word_1_497' title='bbox 1336 1725 1414 1757; x_wconf 87' lang='lat' dir='ltr'>inde</span> <span class='ocrx_word' id='word_1_498' title='bbox 1434 1726 1560 1756; x_wconf 76' lang='lat' dir='ltr'>sactum</span> <span class='ocrx_word' id='word_1_499' title='bbox 1580 1731 1632 1755; x_wconf 77' lang='lat' dir='ltr'>est</span> <span class='ocrx_word' id='word_1_500' title='bbox 1654 1731 1700 1756; x_wconf 86' lang='lat' dir='ltr'>ut.</span> 
     </span>
     <span class='ocr_line' id='line_1_82' title="bbox 921 1769 1702 1813; baseline -0.008 -6"><span class='ocrx_word' id='word_1_501' title='bbox 921 1775 976 1807; x_wconf 65' lang='lat' dir='ltr'>&amp;ic</span> <span class='ocrx_word' id='word_1_502' title='bbox 1008 1773 1049 1804; x_wconf 73' lang='lat' dir='ltr'>de</span> <span class='ocrx_word' id='word_1_503' title='bbox 1074 1769 1143 1806; x_wconf 49' lang='lat' dir='ltr'>Isin,</span> <span class='ocrx_word' id='word_1_504' title='bbox 1168 1773 1207 1804; x_wconf 88' lang='grc' dir='ltr'>Π.</span> <span class='ocrx_word' id='word_1_505' title='bbox 1237 1774 1269 1804; x_wconf 82' lang='lat' dir='ltr'>lt</span> <span class='ocrx_word' id='word_1_506' title='bbox 1288 1797 1295 1808; x_wconf 83' lang='lat'><strong>‚</strong></span> <span class='ocrx_word' id='word_1_507' title='bbox 1322 1770 1385 1804; x_wconf 56' lang='lat'>34:</span> <span class='ocrx_word' id='word_1_508' title='bbox 1425 1772 1513 1813; x_wconf 75' lang='lat' dir='ltr'>Ergo</span> <span class='ocrx_word' id='word_1_509' title='bbox 1545 1777 1623 1802; x_wconf 83' lang='lat' dir='ltr'>nata</span> <span class='ocrx_word' id='word_1_510' title='bbox 1651 1776 1702 1802; x_wconf 87' lang='lat' dir='ltr'>est</span> 
     </span>
     <span class='ocr_line' id='line_1_83' title="bbox 919 1816 1702 1853; baseline -0.006 0"><span class='ocrx_word' id='word_1_511' title='bbox 919 1819 1086 1853; x_wconf 76' lang='lat' dir='ltr'>sententia</span> <span class='ocrx_word' id='word_1_512' title='bbox 1109 1826 1259 1849; x_wconf 74' lang='lat' dir='ltr'>veterum</span> <span class='ocrx_word' id='word_1_513' title='bbox 1277 1816 1560 1849; x_wconf 73' lang='lat' dir='ltr'>Academicorum.</span> <span class='ocrx_word' id='word_1_514' title='bbox 1598 1817 1702 1848; x_wconf 84' lang='lat' dir='ltr'>Porro</span> 
     </span>
     <span class='ocr_line' id='line_1_84' title="bbox 921 1862 1703 1905; baseline -0.006 -6"><span class='ocrx_word' id='word_1_515' title='bbox 921 1865 1074 1899; x_wconf 49' lang='lat' dir='ltr'>attendas</span> <span class='ocrx_word' id='word_1_516' title='bbox 1098 1865 1138 1896; x_wconf 80' lang='lat' dir='ltr'>ad</span> <span class='ocrx_word' id='word_1_517' title='bbox 1161 1871 1350 1905; x_wconf 72' lang='lat' dir='ltr'>temporum</span> <span class='ocrx_word' id='word_1_518' title='bbox 1372 1862 1584 1894; x_wconf 81' lang='lat' dir='ltr'>varietatem.</span> <span class='ocrx_word' id='word_1_519' title='bbox 1629 1865 1703 1895; x_wconf 84' lang='lat' dir='ltr'>Flo-</span> 
     </span>
     <span class='ocr_line' id='line_1_85' title="bbox 920 1906 1704 1952; baseline -0.006 -8"><span class='ocrx_word' id='word_1_520' title='bbox 920 1916 1050 1944; x_wconf 81' lang='lat' dir='ltr'>ruerunt</span> <span class='ocrx_word' id='word_1_521' title='bbox 1075 1906 1242 1951; x_wconf 62' lang='grc' dir='ltr'>ἀορίστως</span> <span class='ocrx_word' id='word_1_522' title='bbox 1270 1909 1435 1952; x_wconf 75' lang='lat' dir='ltr'>positum,</span> <span class='ocrx_word' id='word_1_523' title='bbox 1475 1916 1511 1940; x_wconf 92' lang='lat' dir='ltr'>ut</span> <span class='ocrx_word' id='word_1_524' title='bbox 1532 1920 1611 1940; x_wconf 80' lang='lat' dir='ltr'>mox</span> <span class='ocrx_word' id='word_1_525' title='bbox 1630 1909 1704 1948; x_wconf 76' lang='lat' dir='ltr'>fuit,</span> 
     </span>
    </p>
   </div>
   <div class='ocr_carea' id='block_1_16' title="bbox 921 1955 1760 1999">
    <p class='ocr_par' dir='ltr' id='par_1_21' title="bbox 921 1955 1760 1999">
     <span class='ocr_line' id='line_1_86' title="bbox 921 1955 1760 1999; baseline -0.006 -10"><span class='ocrx_word' id='word_1_526' title='bbox 921 1959 1174 1990; x_wconf 66' lang='lat' dir='ltr'>terminavimus.</span> <span class='ocrx_word' id='word_1_527' title='bbox 1199 1955 1439 1999; x_wconf 72' lang='lat' dir='ltr'>imperfectum</span> <span class='ocrx_word' id='word_1_528' title='bbox 1452 1965 1534 1986; x_wconf 81' lang='lat' dir='ltr'>vero</span> <span class='ocrx_word' id='word_1_529' title='bbox 1549 1961 1600 1986; x_wconf 87' lang='lat' dir='ltr'>est</span> <span class='ocrx_word' id='word_1_530' title='bbox 1610 1961 1703 1986; x_wconf 84' lang='lat' dir='ltr'>tem-</span> <span class='ocrx_word' id='word_1_531' title='bbox 1756 1958 1760 1960; x_wconf 74' lang='grc'>’</span> 
     </span>
    </p>
   </div>
   <div class='ocr_carea' id='block_1_17' title="bbox 921 1999 1710 3010">
    <p class='ocr_par' dir='ltr' id='par_1_22' title="bbox 921 1999 1710 3010">
     <span class='ocr_line' id='line_1_87' title="bbox 921 1999 1704 2046; baseline -0.003 -12"><span class='ocrx_word' id='word_1_532' title='bbox 921 2014 984 2046; x_wconf 89' lang='lat' dir='ltr'>pus</span> <span class='ocrx_word' id='word_1_533' title='bbox 1014 2002 1210 2039; x_wconf 83' lang='lat' dir='ltr'>relativum,</span> <span class='ocrx_word' id='word_1_534' title='bbox 1244 2002 1278 2034; x_wconf 83' lang='lat' dir='ltr'>h.</span> <span class='ocrx_word' id='word_1_535' title='bbox 1304 2013 1333 2034; x_wconf 92' lang='lat' dir='ltr'>e.</span> <span class='ocrx_word' id='word_1_536' title='bbox 1362 2000 1454 2045; x_wconf 89' lang='lat' dir='ltr'>quod</span> <span class='ocrx_word' id='word_1_537' title='bbox 1487 1999 1704 2032; x_wconf 81' lang='lat' dir='ltr'>referendum</span> 
     </span>
     <span class='ocr_line' id='line_1_88' title="bbox 922 2047 1702 2092; baseline -0.004 -11"><span class='ocrx_word' id='word_1_538' title='bbox 922 2055 974 2081; x_wconf 87' lang='lat' dir='ltr'>est</span> <span class='ocrx_word' id='word_1_539' title='bbox 995 2048 1039 2080; x_wconf 86' lang='lat' dir='ltr'>ad</span> <span class='ocrx_word' id='word_1_540' title='bbox 1061 2047 1151 2080; x_wconf 85' lang='lat' dir='ltr'>aliud</span> <span class='ocrx_word' id='word_1_541' title='bbox 1176 2047 1347 2092; x_wconf 81' lang='lat' dir='ltr'>quiddam.</span> <span class='ocrx_word' id='word_1_542' title='bbox 1396 2047 1461 2079; x_wconf 83' lang='lat' dir='ltr'>Res</span> <span class='ocrx_word' id='word_1_543' title='bbox 1485 2054 1608 2090; x_wconf 88' lang='lat' dir='ltr'>sponte</span> <span class='ocrx_word' id='word_1_544' title='bbox 1638 2058 1702 2090; x_wconf 87' lang='lat' dir='ltr'>ap-</span> 
     </span>
     <span class='ocr_line' id='line_1_89' title="bbox 922 2092 1704 2139; baseline -0.001 -13"><span class='ocrx_word' id='word_1_545' title='bbox 922 2094 1076 2139; x_wconf 85' lang='lat' dir='ltr'>parebit,</span> <span class='ocrx_word' id='word_1_546' title='bbox 1115 2094 1142 2125; x_wconf 92' lang='lat' dir='ltr'>si</span> <span class='ocrx_word' id='word_1_547' title='bbox 1176 2094 1289 2127; x_wconf 80' lang='lat' dir='ltr'>locum</span> <span class='ocrx_word' id='word_1_548' title='bbox 1323 2093 1371 2125; x_wconf 88' lang='lat' dir='ltr'>ita</span> <span class='ocrx_word' id='word_1_549' title='bbox 1406 2092 1620 2126; x_wconf 77' lang='lat' dir='ltr'>dissolveris:</span> <span class='ocrx_word' id='word_1_550' title='bbox 1663 2093 1704 2125; x_wconf 86' lang='lat' dir='ltr'>In</span> 
     </span>
     <span class='ocr_line' id='line_1_90' title="bbox 925 2140 1704 2180; baseline -0.003 -8"><span class='ocrx_word' id='word_1_551' title='bbox 925 2140 1065 2173; x_wconf 89' lang='lat' dir='ltr'>Graecia</span> <span class='ocrx_word' id='word_1_552' title='bbox 1092 2140 1208 2172; x_wconf 85' lang='lat' dir='ltr'>musici</span> <span class='ocrx_word' id='word_1_553' title='bbox 1229 2140 1434 2179; x_wconf 80' lang='lat' dir='ltr'>floruerunt,</span> <span class='ocrx_word' id='word_1_554' title='bbox 1467 2149 1565 2180; x_wconf 86' lang='lat' dir='ltr'>quum</span> <span class='ocrx_word' id='word_1_555' title='bbox 1589 2150 1704 2171; x_wconf 88' lang='lat' dir='ltr'>omnes</span> 
     </span>
     <span class='ocr_line' id='line_1_91' title="bbox 922 2184 1704 2226; baseline -0.003 -7"><span class='ocrx_word' id='word_1_556' title='bbox 922 2187 1083 2220; x_wconf 88' lang='lat' dir='ltr'>musicam</span> <span class='ocrx_word' id='word_1_557' title='bbox 1104 2189 1267 2224; x_wconf 82' lang='lat' dir='ltr'>discerent,</span> <span class='ocrx_word' id='word_1_558' title='bbox 1289 2198 1352 2219; x_wconf 89' lang='lat' dir='ltr'>nec</span> <span class='ocrx_word' id='word_1_559' title='bbox 1371 2205 1415 2209; x_wconf 77' lang='lat'>-——</span> <span class='ocrx_word' id='word_1_560' title='bbox 1431 2189 1608 2226; x_wconf 76' lang='lat' dir='ltr'>putaretur.</span> <span class='ocrx_word' id='word_1_561' title='bbox 1652 2184 1704 2217; x_wconf 85' lang='lat' dir='ltr'>Cf.</span> 
     </span>
     <span class='ocr_line' id='line_1_92' title="bbox 923 2230 1706 2271; baseline -0.004 -6"><span class='ocrx_word' id='word_1_562' title='bbox 923 2233 1096 2266; x_wconf 76' lang='lat' dir='ltr'>Adnotata</span> <span class='ocrx_word' id='word_1_563' title='bbox 1117 2233 1151 2265; x_wconf 88' lang='lat' dir='ltr'>in</span> <span class='ocrx_word' id='word_1_564' title='bbox 1176 2245 1203 2265; x_wconf 84' lang='lat' dir='ltr'>c.</span> <span class='ocrx_word' id='word_1_565' title='bbox 1222 2233 1286 2271; x_wconf 73' lang='lat'>30,</span> <span class='ocrx_word' id='word_1_566' title='bbox 1313 2232 1376 2266; x_wconf 73' lang='lat'>72:</span> <span class='ocrx_word' id='word_1_567' title='bbox 1411 2231 1460 2263; x_wconf 89' lang='lat' dir='ltr'>ita</span> <span class='ocrx_word' id='word_1_568' title='bbox 1488 2230 1577 2262; x_wconf 81' lang='lat' dir='ltr'>enim</span> <span class='ocrx_word' id='word_1_569' title='bbox 1602 2241 1706 2263; x_wconf 76' lang='lat' dir='ltr'>cense-</span> 
     </span>
     <span class='ocr_line' id='line_1_93' title="bbox 923 2276 1705 2323; baseline -0.003 -12"><span class='ocrx_word' id='word_1_570' title='bbox 923 2282 977 2312; x_wconf 81' lang='lat' dir='ltr'>bat</span> <span class='ocrx_word' id='word_1_571' title='bbox 1009 2278 1122 2323; x_wconf 88' lang='lat' dir='ltr'>itaque</span> <span class='ocrx_word' id='word_1_572' title='bbox 1157 2281 1313 2311; x_wconf 82' lang='lat' dir='ltr'>disseruit.</span> <span class='ocrx_word' id='word_1_573' title='bbox 1349 2284 1384 2310; x_wconf 90' lang='lat' dir='ltr'>et</span> <span class='ocrx_word' id='word_1_574' title='bbox 1416 2289 1478 2310; x_wconf 80' lang='lat' dir='ltr'>nos</span> <span class='ocrx_word' id='word_1_575' title='bbox 1508 2276 1542 2308; x_wconf 92' lang='lat' dir='ltr'>in</span> <span class='ocrx_word' id='word_1_576' title='bbox 1576 2277 1634 2308; x_wconf 90' lang='lat' dir='ltr'>Gr.</span> <span class='ocrx_word' id='word_1_577' title='bbox 1664 2277 1705 2309; x_wconf 92' lang='lat' dir='ltr'>L.</span> 
     </span>
     <span class='ocr_line' id='line_1_94' title="bbox 925 2322 1706 2368; baseline -0.005 -11"><span class='ocrx_word' id='word_1_578' title='bbox 925 2325 1046 2368; x_wconf 56' lang='lat'>§.103</span> <span class='ocrx_word' id='word_1_579' title='bbox 1067 2325 1100 2359; x_wconf 78' lang='lat'>&#39;1‘-</span> <span class='ocrx_word' id='word_1_580' title='bbox 1125 2337 1159 2368; x_wconf 89' lang='lat' dir='ltr'>p.</span> <span class='ocrx_word' id='word_1_581' title='bbox 1175 2326 1235 2358; x_wconf 80' lang='lat'>155</span> <span class='ocrx_word' id='word_1_582' title='bbox 1247 2337 1297 2368; x_wconf 90' lang='lat' dir='ltr'>sq.</span> <span class='ocrx_word' id='word_1_583' title='bbox 1324 2323 1378 2355; x_wconf 89' lang='lat' dir='ltr'>ed.</span> <span class='ocrx_word' id='word_1_584' title='bbox 1396 2324 1428 2355; x_wconf 74' lang='lat'>2.</span> <span class='ocrx_word' id='word_1_585' title='bbox 1463 2322 1631 2355; x_wconf 73' lang='lat' dir='ltr'>Particula</span> <span class='ocrx_word' id='word_1_586' title='bbox 1649 2322 1706 2354; x_wconf 86' lang='lat' dir='ltr'>af-</span> 
     </span>
     <span class='ocr_line' id='line_1_95' title="bbox 925 2367 1706 2413; baseline -0.006 -10"><span class='ocrx_word' id='word_1_587' title='bbox 925 2371 991 2403; x_wconf 78' lang='lat' dir='ltr'>fixa</span> <span class='ocrx_word' id='word_1_588' title='bbox 1026 2381 1084 2412; x_wconf 84' lang='lat' dir='ltr'>que</span> <span class='ocrx_word' id='word_1_589' title='bbox 1121 2371 1190 2402; x_wconf 57' lang='lat' dir='ltr'>rim</span> <span class='ocrx_word' id='word_1_590' title='bbox 1222 2371 1326 2403; x_wconf 84' lang='lat' dir='ltr'>habet</span> <span class='ocrx_word' id='word_1_591' title='bbox 1359 2368 1616 2413; x_wconf 75' lang='lat' dir='ltr'>explicativam,</span> <span class='ocrx_word' id='word_1_592' title='bbox 1656 2367 1706 2413; x_wconf 76' lang='lat' dir='ltr'>uti</span> 
     </span>
     <span class='ocr_line' id='line_1_96' title="bbox 926 2413 1704 2461; baseline -0.006 -12"><span class='ocrx_word' id='word_1_593' title='bbox 926 2416 1140 2461; x_wconf 74' lang='lat' dir='ltr'>saepissime:</span> <span class='ocrx_word' id='word_1_594' title='bbox 1166 2416 1210 2449; x_wconf 89' lang='lat' dir='ltr'>de</span> <span class='ocrx_word' id='word_1_595' title='bbox 1232 2428 1296 2460; x_wconf 88' lang='lat' dir='ltr'>qua</span> <span class='ocrx_word' id='word_1_596' title='bbox 1318 2427 1356 2449; x_wconf 90' lang='lat' dir='ltr'>re</span> <span class='ocrx_word' id='word_1_597' title='bbox 1381 2415 1470 2447; x_wconf 80' lang='lat' dir='ltr'>infra</span> <span class='ocrx_word' id='word_1_598' title='bbox 1497 2415 1539 2446; x_wconf 88' lang='lat' dir='ltr'>ad</span> <span class='ocrx_word' id='word_1_599' title='bbox 1563 2426 1590 2446; x_wconf 90' lang='lat' dir='ltr'>c.</span> <span class='ocrx_word' id='word_1_600' title='bbox 1613 2413 1644 2450; x_wconf 72' lang='lat'>2,</span> <span class='ocrx_word' id='word_1_601' title='bbox 1670 2416 1704 2444; x_wconf 77' lang='lat'>4.</span> 
     </span>
     <span class='ocr_line' id='line_1_97' title="bbox 927 2461 1706 2507; baseline -0.008 -12"><span class='ocrx_word' id='word_1_602' title='bbox 927 2475 1145 2507; x_wconf 77' lang='lat' dir='ltr'>exponemus,</span> <span class='ocrx_word' id='word_1_603' title='bbox 1182 2463 1336 2507; x_wconf 88' lang='lat' dir='ltr'>Denique</span> <span class='ocrx_word' id='word_1_604' title='bbox 1354 2461 1388 2493; x_wconf 91' lang='lat' dir='ltr'>in</span> <span class='ocrx_word' id='word_1_605' title='bbox 1406 2461 1516 2493; x_wconf 77' lang='lat' dir='ltr'>verbis</span> <span class='ocrx_word' id='word_1_606' title='bbox 1530 2461 1706 2491; x_wconf 78' lang='lat' dir='ltr'>discebant-</span> 
     </span>
     <span class='ocr_line' id='line_1_98' title="bbox 927 2505 1707 2553; baseline -0.009 -12"><span class='ocrx_word' id='word_1_607' title='bbox 927 2520 985 2551; x_wconf 82' lang='lat' dir='ltr'>que</span> <span class='ocrx_word' id='word_1_608' title='bbox 1014 2511 1048 2541; x_wconf 83' lang='lat' dir='ltr'>id</span> <span class='ocrx_word' id='word_1_609' title='bbox 1081 2520 1187 2542; x_wconf 84' lang='lat' dir='ltr'>omnes</span> <span class='ocrx_word' id='word_1_610' title='bbox 1219 2521 1279 2553; x_wconf 89' lang='lat' dir='ltr'>per</span> <span class='ocrx_word' id='word_1_611' title='bbox 1313 2510 1348 2540; x_wconf 76' lang='lat' dir='ltr'>id</span> <span class='ocrx_word' id='word_1_612' title='bbox 1379 2505 1597 2549; x_wconf 66' lang='lat' dir='ltr'>intelligenda</span> <span class='ocrx_word' id='word_1_613' title='bbox 1629 2511 1707 2535; x_wconf 78' lang='lat' dir='ltr'>sunt</span> 
     </span>
     <span class='ocr_line' id='line_1_99' title="bbox 926 2551 1707 2598; baseline -0.01 -11"><span class='ocrx_word' id='word_1_614' title='bbox 926 2558 1070 2596; x_wconf 79' lang='lat' dir='ltr'>musica,</span> <span class='ocrx_word' id='word_1_615' title='bbox 1105 2554 1198 2598; x_wconf 90' lang='lat' dir='ltr'>quod</span> <span class='ocrx_word' id='word_1_616' title='bbox 1220 2554 1358 2586; x_wconf 78' lang='lat' dir='ltr'>verbum</span> <span class='ocrx_word' id='word_1_617' title='bbox 1390 2551 1588 2584; x_wconf 88' lang='lat' dir='ltr'>eliciendum</span> <span class='ocrx_word' id='word_1_618' title='bbox 1615 2556 1666 2580; x_wconf 75' lang='lat' dir='ltr'>est</span> <span class='ocrx_word' id='word_1_619' title='bbox 1688 2561 1707 2581; x_wconf 85' lang='lat' dir='ltr'>e</span> 
     </span>
     <span class='ocr_line' id='line_1_100' title="bbox 928 2598 1707 2644; baseline -0.008 -11"><span class='ocrx_word' id='word_1_620' title='bbox 928 2601 1039 2633; x_wconf 78' lang='lat' dir='ltr'>·:erbis</span> <span class='ocrx_word' id='word_1_621' title='bbox 1066 2600 1344 2644; x_wconf 77' lang='lat' dir='ltr'>praecedentibus</span> <span class='ocrx_word' id='word_1_622' title='bbox 1376 2600 1490 2631; x_wconf 79' lang='lat' dir='ltr'>musici</span> <span class='ocrx_word' id='word_1_623' title='bbox 1523 2598 1707 2637; x_wconf 65' lang='lat' dir='ltr'>floruerunt.</span> 
     </span>
     <span class='ocr_line' id='line_1_101' title="bbox 928 2641 1708 2689; baseline -0.009 -11"><span class='ocrx_word' id='word_1_624' title='bbox 928 2647 1065 2680; x_wconf 86' lang='lat' dir='ltr'>Scilicet</span> <span class='ocrx_word' id='word_1_625' title='bbox 1095 2647 1186 2679; x_wconf 83' lang='lat' dir='ltr'>hand</span> <span class='ocrx_word' id='word_1_626' title='bbox 1218 2658 1294 2679; x_wconf 90' lang='lat' dir='ltr'>raro</span> <span class='ocrx_word' id='word_1_627' title='bbox 1326 2642 1525 2689; x_wconf 85' lang='lat' dir='ltr'>pronomina</span> <span class='ocrx_word' id='word_1_628' title='bbox 1558 2641 1708 2673; x_wconf 83' lang='lat' dir='ltr'>neutrius</span> 
     </span>
     <span class='ocr_line' id='line_1_102' title="bbox 929 2687 1709 2736; baseline -0.009 -11"><span class='ocrx_word' id='word_1_629' title='bbox 929 2693 1060 2736; x_wconf 88' lang='lat' dir='ltr'>generis</span> <span class='ocrx_word' id='word_1_630' title='bbox 1082 2693 1129 2725; x_wconf 84' lang='lat' dir='ltr'>ita</span> <span class='ocrx_word' id='word_1_631' title='bbox 1150 2700 1330 2736; x_wconf 82' lang='lat' dir='ltr'>ponuntur,</span> <span class='ocrx_word' id='word_1_632' title='bbox 1353 2697 1390 2722; x_wconf 82' lang='lat' dir='ltr'>ut</span> <span class='ocrx_word' id='word_1_633' title='bbox 1414 2689 1501 2720; x_wconf 74' lang='lat' dir='ltr'>vices</span> <span class='ocrx_word' id='word_1_634' title='bbox 1521 2687 1709 2719; x_wconf 75' lang='lat' dir='ltr'>sustineant</span> 
     </span>
     <span class='ocr_line' id='line_1_103' title="bbox 928 2732 1710 2779; baseline -0.008 -8"><span class='ocrx_word' id='word_1_635' title='bbox 928 2738 1129 2771; x_wconf 75' lang='lat' dir='ltr'>substantivi</span> <span class='ocrx_word' id='word_1_636' title='bbox 1145 2738 1294 2771; x_wconf 82' lang='lat' dir='ltr'>alicuius.</span> <span class='ocrx_word' id='word_1_637' title='bbox 1319 2734 1410 2779; x_wconf 85' lang='lat' dir='ltr'>quod</span> <span class='ocrx_word' id='word_1_638' title='bbox 1428 2735 1462 2765; x_wconf 90' lang='lat' dir='ltr'>in</span> <span class='ocrx_word' id='word_1_639' title='bbox 1481 2732 1592 2776; x_wconf 83' lang='lat' dir='ltr'>aliquo</span> <span class='ocrx_word' id='word_1_640' title='bbox 1610 2745 1710 2776; x_wconf 85' lang='lat' dir='ltr'>prae-</span> 
     </span>
     <span class='ocr_line' id='line_1_104' title="bbox 930 2778 1709 2817; baseline -0.009 0"><span class='ocrx_word' id='word_1_641' title='bbox 930 2785 1121 2817; x_wconf 85' lang='lat' dir='ltr'>cedentium</span> <span class='ocrx_word' id='word_1_642' title='bbox 1140 2785 1322 2816; x_wconf 77' lang='lat' dir='ltr'>verborum</span> <span class='ocrx_word' id='word_1_643' title='bbox 1342 2782 1435 2812; x_wconf 81' lang='lat' dir='ltr'>latet.</span> <span class='ocrx_word' id='word_1_644' title='bbox 1474 2780 1514 2809; x_wconf 82' lang='lat' dir='ltr'>V.</span> <span class='ocrx_word' id='word_1_645' title='bbox 1540 2784 1575 2810; x_wconf 82' lang='lat' dir='ltr'>et</span> <span class='ocrx_word' id='word_1_646' title='bbox 1593 2791 1655 2812; x_wconf 90' lang='lat' dir='ltr'>nos</span> <span class='ocrx_word' id='word_1_647' title='bbox 1672 2778 1709 2811; x_wconf 86' lang='lat' dir='ltr'>in</span> 
     </span>
     <span class='ocr_line' id='line_1_105' title="bbox 932 2822 1707 2869; baseline -0.006 -6"><span class='ocrx_word' id='word_1_648' title='bbox 932 2832 991 2863; x_wconf 86' lang='lat' dir='ltr'>Gr.</span> <span class='ocrx_word' id='word_1_649' title='bbox 1008 2832 1049 2863; x_wconf 91' lang='lat' dir='ltr'>L.</span> <span class='ocrx_word' id='word_1_650' title='bbox 1066 2831 1095 2863; x_wconf 70' lang='lat'>6.</span> <span class='ocrx_word' id='word_1_651' title='bbox 1114 2830 1187 2863; x_wconf 83' lang='lat'>103.</span> <span class='ocrx_word' id='word_1_652' title='bbox 1208 2830 1290 2869; x_wconf 76' lang='lat' dir='ltr'>Not.</span> <span class='ocrx_word' id='word_1_653' title='bbox 1308 2839 1335 2858; x_wconf 84' lang='lat' dir='ltr'>a.</span> <span class='ocrx_word' id='word_1_654' title='bbox 1358 2837 1394 2869; x_wconf 83' lang='lat' dir='ltr'>p.</span> <span class='ocrx_word' id='word_1_655' title='bbox 1411 2822 1484 2857; x_wconf 65' lang='lat' dir='ltr'>l-sl-O.</span> <span class='ocrx_word' id='word_1_656' title='bbox 1509 2823 1562 2856; x_wconf 89' lang='lat' dir='ltr'>ed.</span> <span class='ocrx_word' id='word_1_657' title='bbox 1577 2824 1612 2857; x_wconf 83' lang='lat'>2.</span> <span class='ocrx_word' id='word_1_658' title='bbox 1652 2825 1707 2858; x_wconf 87' lang='lat' dir='ltr'>Cf.</span> 
     </span>
     <span class='ocr_line' id='line_1_106' title="bbox 930 2868 1709 2915; baseline -0.008 -6"><span class='ocrx_word' id='word_1_659' title='bbox 930 2870 1136 2909; x_wconf 55' lang='lat' dir='ltr'>Herodjvt.</span> <span class='ocrx_word' id='word_1_660' title='bbox 1163 2876 1245 2908; x_wconf 79' lang='lat'>105:</span> <span class='ocrx_word' id='word_1_661' title='bbox 1271 2869 1499 2913; x_wconf 62' lang='grc' dir='ltr'>Φειδιπίδην</span> <span class='ocrx_word' id='word_1_662' title='bbox 1520 2889 1566 2895; x_wconf 92' lang='lat'>—-</span> <span class='ocrx_word' id='word_1_663' title='bbox 1586 2868 1709 2915; x_wconf 69' lang='grc' dir='ltr'>τῖμε-</span> 
     </span>
     <span class='ocr_line' id='line_1_107' title="bbox 932 2915 1708 2965; baseline -0.008 -8"><span class='ocrx_word' id='word_1_664' title='bbox 932 2920 1160 2965; x_wconf 73' lang='grc' dir='ltr'>ροδρόμον</span> <span class='ocrx_word' id='word_1_665' title='bbox 1184 2930 1221 2952; x_wconf 77' lang='grc' dir='ltr'>τε</span> <span class='ocrx_word' id='word_1_666' title='bbox 1243 2915 1463 2952; x_wconf 67' lang='grc' dir='ltr'>καὶτοῦτο</span> <span class='ocrx_word' id='word_1_667' title='bbox 1497 2915 1576 2960; x_wconf 87' lang='lat' dir='ltr'>(hoc</span> <span class='ocrx_word' id='word_1_668' title='bbox 1597 2929 1708 2962; x_wconf 84' lang='lat' dir='ltr'>nego-</span> 
     </span>
     <span class='ocr_line' id='line_1_108' title="bbox 930 2965 1258 3010; baseline -0.015 -9"><span class='ocrx_word' id='word_1_669' title='bbox 930 2968 1027 3007; x_wconf 70' lang='lat' dir='ltr'>tium)</span> <span class='ocrx_word' id='word_1_670' title='bbox 1056 2965 1258 3010; x_wconf 71' lang='grc' dir='ltr'>μελετῶντα.</span> 
     </span>
    </p>
   </div>
   <div class='ocr_carea' id='block_1_18' title="bbox 1001 3004 1708 3054">
    <p class='ocr_par' dir='ltr' id='par_1_23' title="bbox 1001 3004 1708 3054">
     <span class='ocr_line' id='line_1_109' title="bbox 1001 3004 1708 3054; baseline -0.006 -9"><span class='ocrx_word' id='word_1_671' title='bbox 1001 3015 1033 3045; x_wconf 68' lang='lat' dir='ltr'>sn.</span> <span class='ocrx_word' id='word_1_672' title='bbox 1066 3013 1145 3044; x_wconf 81' lang='lat' dir='ltr'>nihil</span> <span class='ocrx_word' id='word_1_673' title='bbox 1167 3010 1396 3042; x_wconf 72' lang='lat' dir='ltr'>mathematicis</span> <span class='ocrx_word' id='word_1_674' title='bbox 1415 3004 1587 3054; x_wconf 72' lang='lat' dir='ltr'>illustrius]</span> <span class='ocrx_word' id='word_1_675' title='bbox 1623 3012 1708 3044; x_wconf 78' lang='lat' dir='ltr'>Nihil</span> 
     </span>
    </p>
   </div>
  </div>
 </body>
</html>
