1843 3101
164 59 248 104 242

167 152 273 194 circa
297 140 426 192 mollis
460 156 500 190 et
523 154 712 189 enervata
738 144 911 202 putanda
947 151 1010 186 est
1032 143 1387 202 Peripateticorum
1410 144 1513 186 ratio
1550 151 1591 187 et
1615 146 1760 198 oratio,

166 226 231 282 qui
264 224 484 282 perturbari
526 222 679 262 animos
722 233 889 261 necesse
930 219 1064 260 dicunt
1103 234 1218 272 esse,
1278 220 1349 262 sed
1381 219 1569 261 adhibent
1604 220 1762 262 modum

167 301 384 357 quendam,
430 310 544 352 quem
582 296 685 336 ultra
710 293 895 350 progredi
921 308 998 335 non
1027 302 1223 350 oporteat.
1287 299 1357 336 59.
1390 292 1556 336 Modum
1584 301 1626 335 tu
1652 295 1761 336 adhi-

167 376 237 417 bes
262 373 385 415 vitio?
430 386 479 412 an
505 370 643 411 vitium
667 369 813 410 nullum
847 375 908 409 est
940 383 1017 410 non
1043 382 1182 424 parere
1205 369 1377 410 rationi?
1419 383 1469 410 an
1495 368 1598 410 ratio
1624 383 1760 425 parum

708 64 875 98 LIBER
901 64 959 98 1v.
986 63 1049 106 17,
1073 62 1130 98 39.
1155 61 1211 98 40.

168 447 381 505 praecipit,
427 459 500 487 nec
522 445 666 486 bonum
689 444 782 485 illud
807 457 922 494 esse,
957 444 1058 498 quod
1085 450 1150 484 aut
1172 443 1308 499 cupias
1334 444 1544 496 ardenter,
1578 450 1646 485 aut
1668 443 1762 486 ade-

168 531 256 580 ptus
293 523 446 563 ecferas
486 527 523 560 te
562 519 810 560 insolenter?
854 532 928 560 nec
964 532 1081 573 porro
1115 518 1282 568 malum,
1331 532 1407 573 quo
1441 524 1509 559 aut
1546 531 1760 574 oppressus

171 599 330 648 iaceas,
365 603 456 646 aut,
491 608 540 635 nc
567 594 813 650 opprimare,
848 600 979 634 mente
1002 593 1071 633 vix
1097 593 1282 632 constes?
1313 605 1438 647 eaque
1463 592 1594 633 omnia
1617 599 1683 633 aut
1704 591 1763 633 ni—

169 672 244 714 mis
271 671 421 722 tristia,
471 676 536 711 aut
569 669 685 711 nimis
719 669 821 710 laeta
847 682 985 710 errore
1012 667 1124 708 lieri?
1185 665 1264 721 Qui
1294 667 1325 708 si
1352 680 1467 708 error
1493 666 1622 708 stultis
1650 673 1764 707 exte-

172 754 316 789 nuetur
334 746 421 797 die,
469 752 535 796 ut,
586 759 702 799 quum
729 758 794 785 res
817 743 979 784 eaedem
999 749 1208 792 maneant,
1243 742 1358 782 aliter
1378 742 1507 782 serant
1521 740 1762 792 inveterata,

1500 820 1570 856 40.
1605 813 1766 856 Etenim

171 896 258 952 quis
287 895 362 936 erit
390 895 546 935 tandem
573 893 710 933 modus
744 892 847 932 iste?
909 888 1159 944 Quaeramus
1184 890 1288 931 enim
1311 890 1466 930 moduni
1489 889 1763 944 aegritudinis,

171 821 288 864 aliter
315 819 515 870 recentia,
562 818 760 874 sapientes
793 831 842 858 ne
877 817 1045 871 attingat
1077 816 1231 871 quidem
1260 815 1437 856 omniuo.

1036 963 1173 1018 Aegre
1209 964 1346 1004 tulisse
1383 962 1430 1004 P.
1456 954 1655 1019 Rupilium
1690 965 1767 1005 sra-

174 1044 245 1086 tris
275 1043 473 1099 repulsam
507 1041 762 1092 consulatus,
796 1039 983 1095 scriptum
1017 1039 1116 1093 apud
1147 1036 1343 1079 Fannium
1381 1044 1458 1079 est.
1523 1035 1604 1080 Sed
1634 1045 1767 1080 tamen

174 1119 367 1160 transisse
393 1117 551 1158 videtur
574 1115 752 1165 modunl,
787 1114 926 1169 quippe
952 1113 1016 1168 qui
1041 1113 1090 1154 ob
1115 1126 1202 1154 eam
1227 1126 1408 1154 caussam
1434 1126 1457 1154 a
1481 1112 1563 1175 yita
1585 1126 1768 1154 recesse-

1060 1186 1193 1241 Quid?
1237 1187 1296 1239 si,
1330 1201 1447 1242 quum
1476 1186 1514 1228 id
1540 1187 1663 1228 ferret
1685 1201 1767 1228 mo-

1685 1259 1769 1303 Sed

177 1356 224 1384 ea
258 1341 426 1383 modica.
1389 1333 1521 1390 Quid?
1563 1336 1597 1377 si
1626 1336 1768 1377 deinde

179 1417 336 1458 dolores
356 1427 500 1470 graves
520 1412 713 1468 corporis,
747 1411 779 1452 si
803 1411 994 1451 bonorum
1014 1410 1193 1462 amissio,
1227 1411 1260 1451 si
1283 1411 1469 1462 caecitas,
1503 1411 1536 1452 si
1555 1410 1768 1452 exsilium?

171 971 212 1012 in
245 984 319 1024 qua
355 981 500 1024 operae
539 967 743 1022 plurimum
788 965 960 1020 ponitur.

174 1194 239 1236 rit.
300 1191 548 1233 Moderatius
572 1190 693 1245 igitur
718 1190 823 1230 serre
847 1188 995 1229 debuit.

176 1268 288 1320 dice,
334 1280 439 1307 mors
465 1266 677 1307 liberorum
707 1263 971 1304 accessisset?
1014 1269 1104 1302 nata
1135 1268 1244 1303 esset
1264 1261 1469 1317 aegritudo
1502 1275 1620 1303 nova.

488 1338 639 1394 Magna
670 1345 801 1378 tamen
842 1339 944 1377 facta
977 1343 1087 1377 esset
1120 1336 1314 1378 accessio.

179 1489 225 1534 Si
251 1504 320 1546 pro
343 1487 507 1544 singulis
535 1487 646 1528 malis
672 1486 941 1541 aegritudines
963 1486 1224 1538 accederent,
1257 1499 1408 1527 summa
1431 1499 1479 1527 ea
1500 1486 1636 1537 lieret,
1669 1498 1770 1541 quae

179 1580 258 1607 non
290 1563 569 1605 sustineretur.

991 1651 1155 1683 intellexit
1179 1651 1212 1682 in
1236 1650 1345 1683 verbis
1372 1655 1472 1683 mente
1494 1654 1550 1684 vix
1573 1655 1692 1684 constes
1714 1650 1767 1684 la-

991 1706 1062 1730 tere
1098 1696 1272 1729 notionem
1302 1698 1543 1737 pertimescendi
1567 1700 1637 1741 (aut
1659 1697 1768 1741 perti-

991 1755 1140 1782 mescas,
1177 1753 1218 1774 ne
1243 1741 1444 1785 opprimare)
1483 1750 1517 1774 et
1544 1742 1768 1786 quemadmo-

182 1657 263 1689 dicit
287 1655 330 1687 dc
355 1665 455 1687 onere
481 1652 565 1693 dici,
596 1652 687 1697 quod
711 1659 789 1696 apte
811 1651 955 1685 humeris

182 1701 378 1747 impositum
402 1699 530 1732 facilius
562 1699 677 1731 fertur.

249 1761 353 1792 mollis
376 1761 402 1790 et
431 1761 581 1789 enervata
604 1758 883 1797 Peripateticorum
901 1766 956 1788 ra-

183 1805 240 1850 tto]
269 1806 307 1838 V.
331 1815 430 1847 supra
454 1803 513 1834 ΙΙΙ.
542 1804 600 1842 10,
626 1804 680 1835 22.

252 1864 336 1895 ratio
358 1865 385 1893 et
407 1859 522 1903 oratio]
565 1859 690 1891 Nobis:
731 1861 856 1891 Ansicht
891 1859 958 1890 und

184 1909 360 1943 Ausdruch.
395 1905 532 1949 Saepius
552 1905 731 1948 iunguntur
749 1905 837 1948 apud
860 1904 957 1935 Cice-

184 1965 303 1987 ronem
336 1953 418 1985 haec
445 1952 512 1983 duo
538 1951 693 1989 nomina,
730 1957 765 1981 ut
788 1950 875 1982 infra
901 1951 956 1981 lV.

184 1999 249 2037 28,
270 1998 325 2031 60.
352 1998 450 2030 offic.
472 1999 495 2029 Ι.
517 1996 574 2035 16,
597 1998 650 2029 50.
675 1996 717 2029 de
735 1998 864 2028 Invent.
883 1996 956 2034 1,2.

191 2046 336 2078 Ochsner.
357 2044 389 2075 in
408 2043 477 2075 Ecl.
502 2042 569 2074 Cic.
590 2043 690 2086 [ιθ-3.
714 2042 834 2081 docet,
861 2041 959 2074 Cice—

184 2100 302 2123 ronem
325 2088 486 2121 eiusmodi
510 2085 746 2131 παρηχῆματα
770 2088 822 2120 vel
848 2087 959 2132 potius

187 2132 423 2179 ὅμοιοτέλευτα
443 2134 476 2166 in
498 2134 666 2166 amoribus
688 2134 850 2166 habuisse.
887 2134 958 2165 Ad-

187 2180 230 2213 de
255 2179 396 2212 eundem
425 2192 457 2223 p.
470 2179 546 2214 275.
569 2180 672 2222 Legg.
694 2181 725 2217 Ι,
754 2181 812 2212 1ἷ);
850 2179 878 2211 si
900 2190 959 2212 na-

185 2230 259 2259 tura
280 2228 506 2267 confirmatura
527 2224 575 2256 ius
603 2237 670 2257 uon
695 2225 767 2257 erit.
803 2225 961 2268 Apprime

187 2271 260 2305 noti
280 2277 355 2304 sunt
387 2277 420 2303 et
440 2270 628 2313 pervulgati
650 2270 699 2302 illi
720 2283 834 2303 versus
862 2271 961 2303 Cice—

186 2316 318 2350 roniani
335 2317 378 2360 (v.
406 2315 562 2356 Quinctil.
575 2316 637 2355 XI,
655 2317 680 2348 l.
708 2316 812 2349 Cicer.
834 2316 876 2348 de
895 2317 959 2349 Of-

189 2363 241 2396 fic.
263 2364 288 2395 1.
307 2362 362 2402 22,
383 2361 438 2396 77.
475 2361 690 2400 Iuvenal.X‚
719 2363 825 2399 12:53:

204 2410 230 2441 Ο
249 2408 456 2441 fortunatam
467 2412 579 2438 natam
594 2417 646 2438 me
661 2407 796 2439 consule
810 2408 960 2440 Romam.

205 2453 335 2487 Cedant
344 2465 434 2485 arma
443 2459 554 2495 togae,
567 2452 729 2483 concedat
740 2452 851 2485 laurea
862 2453 962 2486 laudi.

187 2500 327 2532 Diversa
359 2506 409 2531 est
437 2510 475 2530 ea
500 2497 623 2541 figura,
661 2508 757 2540 quam
788 2499 962 2542 appellant

187 2547 436 2578 allilteralionem
450 2547 494 2587 (v.
507 2543 550 2575 ad
561 2544 585 2575 1.
597 2541 652 2582 35,
662 2542 744 2584 δᾶ),
759 2544 848 2575 cuius
860 2544 960 2577 etiam

188 2591 278 2635 apud
302 2591 495 2623 Ciceronem
523 2588 627 2621 multa
660 2587 870 2630 reperiuntur
898 2601 959 2621 ex—

189 2636 310 2680 empla,
336 2643 373 2668 ut
393 2636 435 2668 de
457 2637 534 2668 Sen.
552 2635 612 2667 11:
637 2636 751 2666 sensim
770 2636 836 2666 sine
857 2644 959 2666 sensu.

187 2684 294 2726 Supra
314 2683 338 2714 Ι.
364 2682 424 2721 18,
445 2678 507 2714 42:
545 2686 583 2712 ut
611 2678 822 2723 potissimum
853 2681 956 2712 videri

186 2729 278 2761 video
308 2726 476 2760 Panaetio.
500 2726 558 2758 ΙΙΙ.
586 2724 650 2764 32,
670 2723 733 2759 77:
773 2736 841 2756 non
875 2725 956 2757 satis

188 2773 271 2806 mihi
291 2775 415 2806 videtur
435 2773 551 2805 vidisse
573 2770 638 2803 hoc
660 2769 846 2802 Cleanthes.

253 2840 346 2872 quem
365 2830 464 2873 ultra]
488 2830 530 2863 V.
556 2827 642 2861 Adn.
660 2827 695 2860 in
715 2826 822 2867 11.*6‚
844 2827 897 2860 15.

254 2885 310 2921 39.
335 2890 402 2928 aut,
423 2896 462 2920 nc
478 2888 670 2928 opprimare,
691 2888 791 2917 mente
807 2887 863 2917 vix
883 2894 956 2917 con-

193 2931 267 2976 stes]
286 2931 390 2965 Recte
405 2934 526 2965 Keilius
545 2931 579 2964 in
593 2932 729 2972 Quaest.
741 2929 830 2963 Tull.
845 2942 879 2974 p.
892 2930 953 2964 IX.

993 1789 1071 1821 dnm
1091 1795 1189 1821 antea
1214 1787 1432 1831 cupiditatem
1456 1793 1489 1819 et
1511 1787 1694 1828 laetitiam,
1719 1788 1769 1822 ita

994 1846 1081 1867 nune
1097 1834 1230 1866 inverso
1247 1833 1364 1866 ordine
1379 1832 1623 1877 aegritudinem
1642 1842 1676 1867 et
1693 1846 1769 1867 me-

992 1887 1064 1913 tum
1086 1880 1277 1924 significari.

1061 1948 1126 1993 die]
1153 1949 1195 1981 H.
1213 1960 1240 1980 e.
1263 1947 1426 1991 temporis
1443 1947 1700 1992 longinquitate.
1726 1949 1766 1982 V.

994 1995 1166 2028 Adnotata
1187 1995 1220 2026 in
1243 1995 1301 2026 111.
1326 1995 1391 2034 50,
1413 1992 1469 2028 74.

1062 2062 1117 2097 40.
1143 2063 1279 2107 Etenim]
1299 2063 1369 2095 Nos
1385 2062 1551 2095 dicamus:
1575 2065 1645 2104 quis
1663 2067 1769 2095 afilem

994 2113 1050 2143 erit
1065 2117 1144 2142 cett.
1177 2110 1243 2142 Sed
1255 2107 1436 2152 scriptores
1451 2108 1547 2141 latini
1566 2120 1665 2153 saepe
1684 2111 1769 2142 enim

994 2156 1041 2188 ita
1064 2163 1216 2199 ponunt,
1253 2162 1289 2187 ut
1313 2161 1425 2187 mente
1446 2155 1642 2198 suppleatur
1660 2166 1770 2187 enun-

995 2202 1092 2234 tiatio
1108 2227 1116 2240 ,
1153 2213 1237 2245 quae
1259 2200 1445 2233 sententiae
1466 2200 1682 2234 antecedenti
1704 2211 1771 2244 op-

997 2247 1106 2291 posita
1130 2255 1191 2279 est.
1221 2248 1262 2279 V.
1280 2246 1450 2279 Adnotata
1471 2245 1504 2278 in
1528 2247 1553 2279 1.
1573 2246 1606 2286 6,
1630 2246 1679 2279 ll.
1716 2246 1770 2278 Cf.

995 2293 1084 2326 infra
1109 2294 1148 2326 V.
1176 2292 1234 2331 16,
1254 2289 1309 2325 48.
1339 2291 1436 2324 offic.
1457 2293 1482 2324 1.
1505 2290 1546 2333 9,
1567 2291 1631 2325 30:
1659 2291 1771 2331 facile,

997 2338 1086 2383 quod
1100 2338 1256 2382 cuiusque
1276 2337 1438 2381 temporis
1453 2337 1602 2370 officium
1621 2337 1676 2377 sit,
1701 2348 1770 2381 po-

996 2385 1144 2422 terimus.
1170 2384 1233 2416 nisi
1256 2389 1387 2416 nosmet
1408 2382 1499 2426 ipsos
1519 2383 1617 2416 valde
1639 2382 1768 2416 amabi-

995 2443 1087 2469 mus,
1122 2430 1280 2462 iudicare.
1327 2430 1385 2461 Est
1409 2431 1491 2462 enim
1518 2428 1665 2461 difficilis
1691 2440 1769 2461 cura

996 2488 1104 2509 rerum
1124 2476 1323 2508 alienarum:
1348 2474 1403 2507 ubi
1419 2473 1557 2518 supple:
1583 2478 1617 2506 αι
1637 2485 1699 2506 non
1716 2475 1768 2515 fa-

995 2525 1051 2554 cile
1070 2531 1260 2562 possumus;
1292 2524 1335 2553 est
1355 2522 1448 2553 enim.
1495 2520 1582 2551 Hinc
1604 2519 1769 2562 intelligi—

994 2574 1067 2605 tur,
1092 2579 1190 2610 quam
1209 2565 1456 2598 inconsiderate
1479 2569 1580 2608 saepe
1599 2565 1670 2596 VV.
1692 2565 1766 2598 DD.

995 2612 1176 2654 particulae
1203 2614 1285 2644 em'm
1307 2610 1375 2642 vim
1400 2609 1644 2642 adversativam
1665 2610 1768 2643 attri-

994 2657 1126 2688 buerint
1148 2668 1287 2700 eamque
1309 2655 1522 2698 interpretati
1544 2655 1612 2688 sint
1632 2667 1692 2699 per
1714 2666 1767 2690 ve-

991 2713 1047 2742 ro,
1078 2706 1194 2734 autem.
1254 2700 1355 2741 Quod
1387 2707 1499 2733 autem
1536 2707 1652 2733 nostro
1687 2701 1767 2734 loco

989 2759 1058 2779 non
1090 2750 1191 2788 enim,
1226 2746 1286 2778 sed
1314 2749 1425 2779 etenim
1448 2745 1594 2790 positum
1623 2753 1694 2788 est,
1731 2746 1768 2779 id

990 2798 1170 2836 propterea
1194 2792 1320 2824 factum
1352 2797 1422 2830 est,
1459 2792 1550 2837 quod
1565 2796 1676 2826 etenim
1695 2803 1766 2825 non

989 2838 1096 2871 solum
1113 2837 1251 2870 inservit
1270 2836 1462 2870 reddendae
1483 2837 1606 2872 rationi
1622 2849 1763 2883 praece·

989 2883 1098 2916 dentis
1121 2883 1327 2923 sententiae,
1359 2883 1420 2916 sed
1440 2883 1632 2918 adiunctam
1661 2883 1764 2917 etiam
1795 2880 1799 2884 ⁴

987 2929 1090 2963 habet
1109 2929 1177 2962 vim
1202 2928 1434 2973 copulativam.
