1843 3101
173 54 258 101 214

176 147 333 189 fortuna
360 145 625 187 converterit:
673 150 880 199 utrumque
905 145 1147 188 dissolvitur.

173 228 288 263 turae
312 219 430 272 vitia,
475 219 544 259 sed
575 218 726 275 culpae.
791 217 1004 261 Stultitiam
1030 228 1157 261 autem
1180 232 1370 261 accusare
1395 218 1572 274 quamvis
1598 218 1758 275 copiose

174 294 282 337 licet.
342 292 448 335 Nam
482 299 523 334 et
554 293 618 348 qui
646 308 724 335 non
753 294 960 346 levantur,
1006 295 1080 350 ipsi
1105 294 1151 335 ad
1180 308 1224 335 se
1247 293 1445 335 miseriam
1475 292 1669 343 invitant,
1717 299 1758 333 et

176 369 242 424 qui
279 382 372 409 suos
404 381 520 408 casus
551 368 666 409 aliter
696 369 851 420 ferunt,
898 375 1015 423 atque
1055 376 1098 410 ut
1134 375 1317 410 auctores
1348 367 1434 409 aliis
1468 366 1542 422 ipsi
1581 367 1754 418 fuerunt,

175 457 255 484 non
277 448 368 483 sunt
394 441 643 494 vitiosiores,
687 457 798 497 quam
827 444 908 484 fere
933 443 1132 498 plerique,
1166 442 1229 497 qui
1260 441 1366 482 avari
1393 454 1560 492 avaros,
1608 440 1757 495 gloriae

173 516 336 572 cupidos
357 516 520 571 gloriosi
539 517 846 572 reprehendunt.

756 64 926 98 LIBER
950 66 1008 98 111.
1032 64 1099 107 30,
1124 63 1180 100 74.

1210 143 1315 188 Sunt
1347 144 1450 186 enim
1483 144 1561 186 ista
1584 157 1664 186 non
1688 157 1757 185 na-

907 516 983 558 Est
1005 518 1106 558 enim
1128 516 1324 572 proprium
1347 515 1558 566 stultitiae,
1591 514 1758 555 aliorum

175 590 272 631 vitia
303 603 496 643 cernere,
545 591 725 633 oblivisci
761 606 938 633 suorum.
1003 597 1072 634 74.
1108 590 1189 633 Sed
1227 590 1410 631 nimirum
1443 588 1516 629 hoc
1543 588 1758 629 maximum

173 670 236 705 est
257 665 596 721 experimentum,
643 680 759 721 quum
789 673 944 707 constet
970 665 1254 720 aegritudinem
1281 670 1476 705 vetustate
1506 662 1612 714 tolli,
1658 662 1758 703 hanc

173 738 254 780 vim
286 753 365 780 non
403 753 492 781 esse
522 740 561 781 in
598 740 659 781 (lie
693 740 884 795 positam,
931 740 999 781 sed
1039 739 1079 780 in
1117 739 1355 794 cogitatione
1391 737 1588 778 diuturna.
1651 735 1757 777 Nam

174 811 208 853 si
237 814 430 855 etcadem
463 827 529 856 res
565 822 648 865 est,
693 821 731 854 et
747 814 850 855 idem
875 821 935 855 est
954 814 1092 865 homo,
1140 812 1206 868 qui
1234 819 1364 868 potest
1386 811 1590 866 quicquam
1621 810 1668 851 de
1690 810 1759 851 do-

173 884 260 928 lore
281 888 446 940 mutari,
494 889 526 930 si
552 902 679 943 neque
704 888 751 928 de
776 901 848 938 eo,
884 895 1044 942 propter
1067 888 1168 941 quod
1197 887 1327 938 dolet,
1361 886 1565 940 quicquam
1593 892 1653 926 est
1675 899 1760 925 mu-

172 966 318 1014 tatum,
362 976 489 1017 neque
526 962 572 1002 de
610 975 683 1012 eo,
729 961 794 1016 qui
829 960 962 1001 dolet?

175 1047 265 1076 esse
294 1035 333 1076 in
364 1049 408 1076 re
440 1036 555 1086 mali,
590 1035 715 1076 dolori
747 1035 949 1085 medetur,
984 1049 1063 1075 non
1093 1035 1178 1089 ipsa
1210 1033 1460 1074 diuturnitas.

285 1107 455 1151 XXXI.
1342 1106 1457 1162 Quae
1491 1107 1524 1148 si
1559 1106 1759 1147 naturales

173 1189 290 1235 sunt,
336 1184 426 1240 quid
451 1199 549 1241 opus
574 1192 634 1226 est
658 1184 956 1225 consolatione?
1015 1182 1172 1224 Natura
1201 1182 1302 1223 enim
1322 1181 1406 1237 ipsa
1432 1180 1655 1222 terminabit
1677 1194 1759 1221 mo-

1037 958 1236 1015 Cogitatio
1260 960 1382 1015 igitur
1409 959 1617 1011 diuturna,
1663 959 1759 1000 nihil

518 1110 594 1151 Hic
633 1109 725 1150 mihi
757 1110 928 1150 afferunt
958 1108 1269 1150 mediocritates.

179 1291 255 1313 cero
278 1281 461 1325 respondet
481 1281 523 1313 ad
547 1293 596 1319 ea,
627 1293 710 1325 quae
732 1293 834 1325 porro
855 1280 950 1312 Peri-

177 1326 315 1369 patetici
339 1327 532 1359 obiecerant
557 1328 609 1370 (V.
630 1339 658 1360 c.
673 1328 737 1365 229,
759 1327 824 1368 71.)
840 1351 847 1365 ,
873 1326 950 1369 ple—

179 1383 302 1415 rosque
318 1372 602 1404 consolationibus
623 1372 704 1403 nihil
725 1372 838 1407 levari,
866 1383 950 1403 con-

179 1416 408 1461 solatoresque
441 1417 530 1461 ipsos
564 1417 715 1449 confiteri
740 1429 776 1449 se
801 1418 949 1455 miseros,

180 1473 280 1506 quum
294 1462 337 1495 ad
353 1474 410 1495 eos
425 1463 586 1506 impetum
599 1474 693 1495 suum
710 1463 845 1495 fortuna
867 1474 951 1494 cou—

179 1508 328 1540 verterit.
379 1508 533 1540 Ceterum
552 1519 628 1541 nam
651 1511 733 1549 quod
756 1512 865 1548 aiunt,
894 1520 950 1539 scu

179 1563 257 1585 nam
277 1556 361 1595 quod
383 1556 491 1587 dicunt
520 1561 570 1585 est
592 1554 735 1586 formula
760 1553 952 1586 transeundi

180 1604 215 1630 et
239 1599 483 1639 connectendi,
508 1599 598 1643 apud
619 1607 749 1632 veteres
771 1599 953 1642 scriptores

180 1643 469 1688 frequentissima,
495 1656 575 1689 pro:
605 1648 687 1686 quod
713 1648 819 1677 attinet
842 1647 884 1677 ad
909 1646 954 1685 iel,

180 1692 264 1731 quod
277 1693 379 1723 aiunl.
428 1691 480 1723 Cf.
503 1691 592 1723 infra
617 1692 674 1722 lV.
691 1691 754 1729 26,
781 1691 835 1724 57.

248 1737 444 1779 dissolvitur]
471 1737 650 1778 refutatur,
677 1734 871 1775 διαλύεται,
897 1748 954 1768 ar-

179 1781 330 1825 gumenti
351 1783 400 1814 vis
422 1782 606 1814 infirmatur
626 1788 726 1826 atque
750 1781 953 1824 infringitur.

248 1837 311 1861 non
330 1832 465 1861 naturae
488 1831 586 1869 vitia,
623 1830 677 1860 sed
699 1827 825 1871 culpae]
863 1827 955 1859 Infra

179 1871 237 1905 IV.
262 1872 326 1913 37,
352 1873 415 1907 81:
443 1874 507 1914 Qui
527 1880 639 1906 autem
661 1884 723 1906 non
743 1877 872 1914 natura,
895 1872 955 1905 sed

178 1919 276 1960 culpa
296 1921 402 1952 vitiosi
424 1931 496 1952 esse
520 1919 685 1952 dicuntur.

250 1967 396 2005 quamvis
418 1965 553 2009 copiose]
579 1965 662 1997 H.e.
686 1964 739 1997 vel
761 1963 955 2008 copiosissi-

181 2018 245 2041 me.
284 2010 322 2043 V.
346 2010 519 2043 Adnotata
542 2012 575 2042 in
599 2012 624 2042 1.
643 2011 712 2050 -21,
737 2008 791 2044 47.

247 2055 310 2094 ipsi
344 2057 388 2088 ad
419 2066 450 2089 se
481 2059 641 2089 miseriam
677 2055 828 2099 invitant]
864 2055 955 2087 Infra

184 2098 291 2139 c.34‚
311 2100 374 2133 82:
401 2101 489 2145 quod
515 2101 716 2145 (aegritudo)
743 2113 811 2133 non
836 2108 954 2133 natura

182 2144 361 2184 exoriatur,
387 2147 446 2178 sed
459 2147 594 2185 iudicio,
620 2148 679 2179 sed
703 2146 871 2190 opinione,
897 2147 956 2178 sed

182 2190 325 2234 quadam
348 2193 528 2225 invitatione
550 2192 592 2224 ad
614 2193 796 2225 dolendum
810 2218 817 2232 ‚
854 2204 955 2236 quum

186 2235 224 2268 id
247 2235 491 2268 decreverimus
515 2237 562 2269 ita
586 2238 656 2270 fien‘
681 2245 850 2282 oportere.

258 2284 368 2322 aliter,
391 2286 483 2323 atque
502 2284 550 2325 ut]
577 2283 644 2315 Cic.
667 2285 763 2316 Verr.
781 2285 821 2316 II.
848 2283 876 2322 1,
898 2280 955 2323 46,

182 2323 269 2360 119:
295 2326 386 2371 quod
408 2327 470 2359 iste
492 2330 593 2368 aliter,
618 2333 710 2369 alque
733 2334 767 2361 ut
793 2329 952 2369 edixerat,

181 2371 398 2405 decrevisset.
454 2372 526 2405 Fin.
550 2374 591 2405 11.
615 2372 657 2415 6,
685 2374 744 2406 10':
789 2375 822 2405 Si
850 2375 954 2417 magis

180 2417 330 2461 placeret
349 2429 408 2451 suo
431 2430 525 2451 more
544 2418 646 2461 loqui,
670 2429 765 2459 quam
786 2424 819 2451 ut
840 2431 954 2452 omnes

181 2464 300 2497 Danai.
358 2463 498 2508 Proprie
521 2470 589 2495 est:
627 2465 690 2495 alio
715 2466 828 2504 modo,
864 2470 956 2505 utque

180 2518 216 2543 eo
237 2511 353 2551 modo,
376 2520 437 2551 quo
457 2513 597 2542 auctores
620 2511 693 2541 aliis
713 2511 775 2550 ipsi
798 2511 932 2549 fuerunt.

253 2553 308 2590 74.
345 2555 510 2600 nimirum]
553 2555 596 2587 H.
619 2566 648 2586 e.
688 2553 758 2586 noli
791 2554 956 2586 dubitare.

184 2600 226 2637 V.
250 2601 425 2634 Adnotata
447 2601 482 2633 in
505 2602 530 2633 1.
554 2600 619 2641 22,
643 2599 697 2633 52.

248 2649 283 2680 in
303 2647 368 2692 die]
395 2648 438 2680 H.
453 2659 481 2680 e.
502 2646 537 2678 in
553 2644 800 2690 longinquitate
818 2650 956 2688 tempo-

183 2691 240 2724 ris.
287 2692 342 2725 Sic
363 2704 464 2737 supra
490 2704 562 2736 cap.
586 2691 648 2732 16,
672 2692 735 2725 35:
761 2690 956 2734 longinqui-

183 2743 236 2771 tas
260 2744 295 2771 et
314 2740 391 2772 dies.
415 2750 443 2771 c.
458 2738 514 2779 22,
529 2737 592 2771 53:
619 2736 710 2781 quod
730 2735 779 2769 ita
801 2748 872 2768 esse
891 2738 958 2768 dies

183 2782 355 2824 declarat,
396 2794 477 2826 quae
517 2783 704 2828 procedens
741 2782 790 2814 ita
824 2781 958 2824 mitigat

187 2834 288 2861 cett.:
326 2841 344 2861 e
364 2841 431 2873 quo
458 2830 534 2862 loco
562 2834 722 2873 apparet,
755 2838 873 2860 vocem
895 2829 959 2860 diei

184 2873 251 2906 hoc
289 2874 476 2918 significatu
516 2874 667 2907 feminini
705 2873 836 2918 generis
875 2884 956 2904 esse.

185 2918 278 2951 Infra
298 2921 356 2953 IV.
381 2920 443 2960 17,
468 2919 531 2954 39:
577 2920 633 2965 qui
663 2919 691 2952 si
720 2931 814 2954 error
847 2918 958 2951 stultis

187 2968 384 2998 extenuetur
405 2966 465 2998 ᾶὶε.

1056 1280 1133 1312 CAP.
1149 1279 1283 1312 XXXI.
1307 1280 1365 1310 Hic
1385 1279 1463 1310 mihi
1483 1278 1633 1321 afferunt]
1661 1276 1758 1309 Peri—

984 1325 1121 1369 patetici
1147 1336 1234 1357 enim
1266 1323 1367 1356 animi
1390 1323 1679 1368 perturbationum
1703 1330 1758 1355 ut-

986 1383 1049 1414 que
1080 1371 1126 1403 ita
1157 1369 1374 1413 aegritudinis
1402 1369 1670 1401 mediocritatem
1694 1368 1758 1401 ad-

984 1416 1073 1448 mitti
1095 1416 1252 1448 volebant
1288 1417 1332 1459 (v.
1355 1426 1454 1458 supra
1477 1426 1504 1447 c.
1529 1413 1578 1452 16,
1603 1414 1671 1455 22.)
1695 1414 1761 1446 do-

987 1463 1116 1505 lorique
1141 1461 1326 1494 cedendum
1353 1472 1424 1493 esse
1455 1459 1659 1492 iudicabant.
1709 1459 1761 1492 Ad

987 1508 1073 1551 quod
1092 1508 1207 1540 Cicero
1230 1507 1278 1539 sic
1300 1505 1502 1550 respondet:
1529 1505 1563 1537 Si
1582 1505 1761 1549 perturba-

986 1554 1116 1587 tionum
1155 1552 1404 1585 mediocritates
1443 1552 1476 1584 in
1515 1558 1632 1583 natura
1676 1551 1760 1595 ipsa,

988 1611 1053 1631 non
1071 1599 1103 1630 in
1121 1599 1280 1643 opinione
1299 1597 1428 1642 positae
1443 1603 1518 1629 sunt
1533 1609 1540 1635 ς
1565 1597 1654 1629 nulla
1674 1609 1761 1630 con-

987 1645 1151 1677 solatione
1187 1656 1269 1687 opus
1305 1651 1378 1682 est3
1418 1650 1535 1675 natura
1569 1643 1657 1675 enim
1688 1642 1762 1686 ipsa

988 1690 1205 1733 aegritudinis
1228 1689 1364 1721 modum
1386 1688 1586 1720 terminabit.
1622 1692 1668 1721 At
1686 1687 1763 1720 illae

987 1737 1079 1779 ipsae
1102 1735 1364 1774 mediocritates,
1388 1746 1472 1778 quae
1494 1734 1573 1765 mihi
1590 1746 1608 1766 a
1625 1733 1762 1777 Peripa-

988 1782 1099 1814 teticis
1135 1780 1354 1819 obiiciuntur,
1390 1791 1457 1811 non
1485 1779 1653 1812 naturales
1673 1785 1760 1819 sunt,

990 1827 1049 1859 sed
1075 1826 1279 1871 opinabiles,
1312 1826 1345 1858 h.
1369 1837 1397 1858 e.
1428 1825 1462 1857 in
1485 1825 1655 1857 hominum
1684 1825 1762 1868 opi-

990 1873 1088 1905 nione
1112 1873 1261 1916 positae:
1293 1883 1373 1914 ergo
1395 1871 1494 1903 etiam
1515 1870 1588 1902 tolli
1611 1876 1762 1913 possunt.

989 1918 1242 1962 Aegritudinem
1260 1924 1370 1949 autem
1387 1916 1469 1948 nihil
1485 1916 1575 1948 aliud
1590 1927 1673 1956 esse,
1699 1915 1763 1948 nisi

991 1964 1184 2008 opinionem
1218 1970 1253 1996 et
1282 1962 1416 2007 quidem
1450 1968 1620 1995 recentem
1659 1961 1763 2005 (quod

989 2017 1081 2043 recte
1104 2009 1233 2042 addunt
1254 2008 1372 2049 Stoici)
1397 2007 1476 2040 mali
1498 2007 1701 2052 praesentis,
1726 2007 1761 2038 in

991 2068 1054 2101 qua
1075 2055 1233 2100 opinione
1254 2054 1336 2086 illud
1352 2054 1440 2093 insit,
1467 2060 1502 2086 ut
1519 2052 1762 2097 aegritudinem

990 2102 1158 2144 suscipere
1178 2108 1305 2133 rectum
1322 2099 1386 2140 sit,
1411 2111 1452 2131 ex
1471 2099 1532 2139 iis',
1559 2110 1642 2143 quae
1662 2109 1762 2141 supra

991 2160 1009 2180 a
1033 2147 1126 2180 nobis
1150 2147 1240 2178 (licta
1264 2153 1359 2185 sunt,
1395 2152 1547 2189 apparet.
1594 2145 1688 2176 Haec
1712 2149 1763 2176 est

990 2194 1090 2236 igitur
1113 2192 1204 2236 quasi
1229 2191 1398 2230 conclusio
1420 2202 1458 2223 ex
1482 2190 1573 2223 omni
1592 2188 1764 2233 superiore

990 2239 1216 2282 disputatione
1239 2237 1359 2268 ducta:
1387 2238 1620 2277 Ae9ritudinem
1642 2237 1764 2276 opinio-

988 2295 1059 2318 nem
1093 2295 1155 2317 esse
1184 2285 1358 2324 praesentis
1388 2284 1465 2314 mali
1494 2285 1655 2314 recentem.
1705 2278 1765 2311 Cui

989 2329 1209 2373 disputationi
1247 2327 1449 2360 adiiciuntur
1485 2326 1598 2359 officia
1634 2337 1761 2365 eorum,

990 2376 1044 2420 qui
1080 2375 1162 2407 alios
1195 2373 1402 2417 aegritudine
1432 2384 1564 2417 pressos
1599 2369 1765 2405 consolari

992 2421 1121 2453 volunt.

1059 2467 1112 2500 75.
1147 2466 1283 2498 Additur
1303 2484 1349 2489 —-
1372 2464 1421 2508 ut]
1463 2465 1500 2497 Ut
1525 2468 1604 2506 post
1631 2462 1763 2494 additur

990 2511 1138 2554 positum
1169 2517 1238 2550 est,
1277 2509 1353 2553 quia
1385 2520 1452 2541 non
1474 2520 1547 2547 reS,
1585 2518 1670 2550 quae
1699 2513 1762 2547 est,

990 2556 1174 2596 indicatur,
1199 2555 1258 2588 sed
1278 2567 1350 2594 reS,
1375 2565 1459 2598 quae
1483 2551 1689 2595 cogitatione
1708 2552 1765 2584 in-

990 2601 1167 2634 formanda
1188 2601 1241 2632 sit.
1282 2600 1347 2632 Off.
1372 2600 1414 2630 Il.
1436 2598 1496 2637 12,
1515 2597 1576 2631 42:
1614 2599 1763 2630 adiuncto

990 2658 1092 2685 vero,
1129 2653 1165 2678 ut
1193 2645 1294 2677 iidem
1327 2644 1427 2677 etiam
1453 2643 1636 2687 prudentes
1670 2645 1765 2676 habe-

989 2695 1118 2732 rentur,
1158 2691 1241 2723 nihil
1274 2696 1367 2731 erat,
1406 2688 1497 2733 quod
1528 2688 1681 2721 homines
1713 2687 1766 2720 his

990 2737 1180 2769 auctoribus
1212 2747 1280 2768 non
1311 2746 1411 2778 posse
1434 2733 1592 2778 consequi
1612 2746 1649 2767 se
1671 2733 1765 2766 arbi-

990 2789 1169 2815 trarentur.
1219 2781 1286 2813 Sed
1305 2781 1396 2813 Caes.
1417 2781 1454 2813 B.
1475 2780 1512 2812 C.
1531 2782 1558 2821 I,
1582 2778 1647 2815 87:
1672 2780 1766 2811 addit

993 2827 1113 2867 etiam,
1137 2831 1171 2859 ut
1189 2830 1392 2867 restituatur,
1416 2826 1482 2858 huc
1506 2836 1575 2858 non
1598 2831 1649 2857 est
1668 2824 1762 2857 refe-

992 2873 1136 2913 rendus,
1177 2872 1255 2917 quia
1284 2874 1376 2905 addit
1410 2871 1574 2915 significat
1602 2873 1767 2912 praeterea

992 2922 1139 2961 imperat.
1179 2919 1221 2951 V.
1241 2930 1326 2963 quae
1345 2929 1444 2961 supra
1462 2917 1602 2949 diximus
1621 2914 1666 2949 ad
1684 2927 1713 2948 c.
1730 2914 1764 2954 3,

992 2967 1033 2999 5:
1061 2967 1124 3006 Qui
1147 2974 1220 2998 vero
1239 2966 1370 3006 probari
1389 2967 1510 3005 potest,
1537 2966 1582 2995 ut.
