1859 3149
1623 43 1706 87 169

96 139 252 197 placeat
272 139 441 191 malum,
484 137 679 181 tantulum
702 144 836 179 tamen
862 151 979 190 esse,
1024 144 1068 178 ut
1097 152 1120 178 a
1141 135 1291 177 virtute
1315 134 1371 176 ita
1398 133 1614 187 obruatur,
1662 142 1707 176 ut

96 229 290 271 nusquam
312 220 516 272 appareat.
579 210 696 267 Quae
718 212 933 263 meditare,
969 226 1141 268 quaeso,
1176 211 1262 253 dies
1285 217 1325 252 et
1343 217 1499 252 noctes.
1563 208 1705 252 Latius

96 289 201 332 enim
225 290 399 332 manabit
420 289 536 330 baee-
554 288 656 330 ratio
690 294 731 329 et
753 287 956 342 aliquanto
984 288 1174 329 maiorem
1199 287 1354 338 locum,
1403 299 1518 342 quam
1551 285 1599 326 de
1628 300 1705 326 uno

95 364 261 417 dolore,
305 364 527 420 occupabit.
601 362 708 405 Nam
746 362 778 403 si
805 362 937 402 omnia
965 362 1174 417 fugiendae
1201 360 1454 418 turpitudinis
1480 360 1707 416 adipiscen-

96 439 248 496 daeque
276 439 496 482 honestatis
523 453 664 480 caussa
692 438 908 487 faciemus,
957 451 1036 478 non
1066 438 1180 477 inodo
1209 436 1589 487 stimulosdoloris,
1635 434 1707 478 sed
1730 445 1738 452 ·

690 52 1105 97 LIBER11.27‚67.

98 514 218 556 etiam
242 515 405 556 fulmina
429 516 612 557 fortunae
634 520 937 555 contemnamus
973 511 1129 563 licebit,
1178 513 1413 568 praesertim
1446 526 1564 568 quum
1593 525 1707 567 para-

1277 594 1348 630 67.
1385 586 1438 629 U
1461 589 1565 628 enim
1587 588 1620 628 si
1644 586 1708 628 cui

98 665 326 721 naviganti,
375 679 490 722 quem
523 665 745 721 praedones
776 664 1061 720 insequantur,
1106 663 1204 704 deus
1234 663 1299 719 qui
1330 663 1504 704 dixerit:
1557 661 1709 714 „Eiiee

98 595 182 632 tum
205 590 258 632 sit
279 590 373 632 illud
398 604 453 632 ex
477 591 662 632 besterna
685 589 951 646 disputatione
973 587 1213 644 perfugium.

55 782 64 788 ,
98 747 139 782 te
162 740 279 792 navi;
323 748 482 797 praesto
507 748 590 790 est,
634 740 700 795 qui
724 740 923 796 excipiat,
966 739 1031 781 vel
1056 738 1287 795 delphinus,
1328 745 1369 779 ut
1397 738 1592 779 Arionem
1617 736 1708 779 Me-

68 2726 71 2728 .
59 2648 72 2712 ,.,.·,.

100 814 380 873 tbymnaeum,
431 816 495 858 vel
523 816 611 871 equi
642 814 801 872 Pelopis
828 815 881 856 illi
910 813 1130 870 Neptunii,
1176 814 1240 870 qui
1265 826 1352 868 μιν·
1380 813 1523 855 mulus
1550 826 1711 855 currus

99 904 332 947 stwpensos
348 893 554 947 rapuisse
570 892 777 943 dicuutur,
814 891 1017 948 excipient
1039 898 1075 932 te
1095 897 1157 941 et,
1191 903 1269 945 quo
1288 889 1412 939 velis,
1447 890 1707 945 perferent,‘⁴

101 980 257 1008 omnem
282 967 439 1008 omittat
460 967 664 1008 timorem:
712 967 769 1008 sic
794 966 1027 1023 urgentibus
1052 965 1206 1022 asperis
1238 972 1278 1006 et
1311 965 1460 1006 odiosis
1488 964 1708 1016 doloribus,

102 1041 137 1084 si
167 1042 306 1084 tanti*
341 1042 446 1093 sint,
491 1049 532 1083 ut
557 1042 709 1083 ferendi
748 1056 826 1083 non
859 1042 961 1093 sint,
1008 1057 1085 1097 quo
1118 1041 1170 1082 sit
1196 1041 1530 1096 confugiendum,
1577 1040 1707 1082 vides.

103 1115 216 1159 Haec!
243 1118 327 1159 fere
357 1117 431 1159 hoc
457 1124 635 1174 tempore
660 1117 792 1174 putavi
823 1131 912 1158 esse
940 1117 1121 1158 dicenda.

104 1192 234 1238 tentia
260 1205 485 1248 permanes.

1185 1114 1266 1158 Sed
1293 1123 1333 1157 tu
1359 1118 1527 1157 fortasse
1554 1115 1592 1157 in
1618 1130 1712 1157 sen-

547 1192 606 1234 A.
647 1191 816 1233 Minime
849 1207 971 1242 vcro:
1023 1206 1163 1247 meque
1203 1191 1321 1233 biduo
1357 1192 1522 1232 duarum
1557 1204 1708 1243 rerum,

105 1280 203 1323 quas
235 1266 412 1309 maxime
449 1266 659 1318 timebam,
708 1281 825 1323 spero
859 1267 1067 1309 liberatum
1102 1274 1225 1308 metu.
1290 1266 1358 1308 M.
1397 1264 1501 1308 Cras
1533 1280 1631 1322 ergo
1662 1265 1713 1308 ad

104 1342 378 1402 clepsydramg
422 1341 481 1384 sic
509 1342 612 1384 enim
636 1342 834 1394 diximus,
881 1343 949 1384 sed
981 1342 1046 1383 tibi
1077 1342 1149 1394 boe
1167 1342 1285 1383 video
1311 1356 1390 1382 non
1415 1355 1533 1396 posse
1557 1342 1709 1383 deberi.

102 1417 161 1459 A.
195 1415 256 1459 lta
278 1432 457 1474 prorsus.

520 1417 574 1460 Et
593 1419 682 1471 illud
705 1419 861 1474 quidem
881 1426 973 1459 ante
994 1418 1222 1467 meridiem;
1258 1417 1330 1472 lioc
1353 1417 1492 1458 eodem
1514 1425 1709 1474 tempore.

106 1492 177 1536 „M-
211 1490 281 1535 Sic
314 1493 528 1545 faciemus,
563 1493 719 1550 tuisque
752 1494 909 1550 optimis
941 1494 1082 1535 studiis
1115 1493 1398 1548 obsequemur.

106 1578 299 1612 ficationem
322 1579 448 1613 habent
482 1579 573 1623 quasi
598 1580 632 1612 in
657 1580 804 1613 confinio
827 1591 891 1626 po-

106 1625 205 1658 sitam
226 1626 404 1659 verborum
427 1629 527 1659 neutro
542 1634 576 1658 et
593 1629 714 1667 paullo.
748 1629 893 1660 Bremius

109 1670 153 1704 ad
174 1671 305 1705 comet.
333 1673 418 1717 Nep.
445 1672 544 1705 Dion.
570 1674 635 1711 lV,
663 1674 698 1706 l:
727 1676 892 1715 aliquanto

107 1719 266 1751 crudelior
292 1726 372 1763 apte
407 1726 581 1764 comparat
613 1726 764 1752 nostrum
797 1723 892 1752 :iem-

86 1765 192 1805 ·1··cti,
231 1765 320 1809 quod
356 1764 459 1798 modo
494 1767 636 1799 ziemticli
670 1769 752 1807 viel,
789 1765 892 1798 modo

107 1813 250 1844 ziemlicb
271 1814 373 1854 menig
395 1811 583 1855 siguificare
617 1819 741 1856 potest.
793 1813 892 1844 conf.

106 1855 196 1890 infra
218 1858 278 1890 ΙΙΙ.
305 1858 365 1896 10,
389 1860 454 1892 223
491 1858 547 1891 ubi
575 1859 620 1891 cf.
646 1858 772 1891 Adnot.
821 1860 891 1891 Ex-

109 1903 257 1948 emplum
275 1903 482 1937 luculentum
505 1912 555 1937 est
578 1905 636 1936 111.
656 1907 712 1944 2²2,
735 1907 796 1937 ἶνές
825 1904 892 1936 ho-

108 1950 210 1982 stium
238 1961 359 1994 repens
391 1950 557 1983 adventus
590 1953 694 1992 magis
729 1952 893 1990 aliquanto

111 1995 310 2035 conturbat,
345 2007 444 2040 quam
479 2003 712 2040 exspectatus:
755 1996 808 2027 ubi
833 1999 894 2027 ali-

108 2046 228 2084 quanto
250 2042 481 2086 comparativo
507 2042 734 2086 postpositum
756 2050 818 2073 est.
855 2042 893 2073 V.

109 2088 153 2166 g,
177 2088 236 2121 15:
267 2091 389 2120 Actum
411 2099 514 2129 vero,
540 2095 574 2120 et
592 2090 794 2130 aliquantum
816 2087 894 2133 qui—

138 2145 203 2166 em.

177 2180 374 2222 perfnyium]
393 2179 427 2212 in
447 2180 693 2214 contemnenda
707 2186 818 2214 morte
830 2192 894 2225 po-

113 2225 225 2258 situm.
276 2225 329 2258 Cf.
355 2227 381 2259 1.
406 2225 474 2266 49,
503 2227 577 2261 11-1‘.
602 2234 638 2260 et
662 2226 738 2260 119.

205 2271 239 2306 7.
274 2274 352 2305 deus
371 2272 442 2317 qui]
479 2273 536 2306 Sic
567 2273 686 2318 optimi
709 2272 808 2306 codd.
833 2284 895 2318 pro

112 2317 203 2362 vulg.
224 2320 302 2352 deus
320 2321 401 2360 quis.
449 2319 483 2352 Si
505 2321 583 2354 deus
604 2323 659 2362 qui
680 2320 801 2352 dixerit
825 2327 895 2352 est:

113 2375 210 2396 wenn
233 2364 286 2397 ein
309 2365 404 2405 Gon,
430 2377 498 2398 wer
521 2378 559 2399 er
578 2366 663 2399 auch
683 2366 751 2402 sei;
778 2366 806 2398 si
826 2369 897 2407 quis

114 2409 196 2443 deus
218 2417 288 2444 est:
313 2422 409 2444 wenn
431 2412 485 2444 ein
512 2414 649 2451 VVesen,
675 2413 822 2445 namlich
843 2412 895 2444 ein

117 2457 215 2490 Gott.
272 2458 314 2492 V.
334 2469 398 2490 nos
417 2457 451 2491 in
473 2459 532 2492 Gr.
550 2460 591 2492 L.
616 2462 645 2504 ᾗ.
664 2459 738 2492 124.
764 2459 845 2491 Not.
862 2460 895 2492 2.

181 2503 345 2549 Arionem]
359 2504 526 2538 Herodot.
543 2507 567 2545 1,
580 2505 636 2540 23.
657 2505 785 2538 Gellius
799 2505 897 2546 XVt,

114 2548 170 2584 19.
204 2549 303 2583 Ovid.
325 2550 417 2583 Fast.
437 2552 489 2588 ΙΙ.
513 2552 569 2585 effi.

183 2599 255 2638 eqni
275 2599 404 2639 Pelopis
423 2599 586 2643 Neptunii]
611 2597 734 2642 Pelops
758 2598 898 2642 Hippo—

117 2640 272 2683 damiam,
296 2643 460 2676 Oenomai
473 2670 482 2686 ,
506 2644 593 2688 regis
615 2643 718 2677 Elidis
738 2651 773 2676 et
792 2645 898 2683 Pisae,

117 2685 242 2730 fliam,
275 2689 460 2723 ambiturus
482 2702 502 2723 a
526 2692 687 2735 Neptuno
714 2690 833 2735 petiit,
863 2697 899 2723 ut

72 2763 74 2768 .
119 2743 158 2766 se
175 2740 295 2768 eontra
309 2737 474 2769 Oenomai
492 2737 622 2770 hastam
644 2736 847 2770 defenderet
866 2744 900 2769 et

118 2777 228 2813 vietor
248 2792 268 2814 e
291 2782 474 2816 certamine
493 2782 670 2816 subeundo
689 2783 898 2817 discederet:

123 2824 247 2868 qm'bus*
270 2826 353 2860 deus
383 2829 539 2872 precibus
564 2837 754 2863 commotus
780 2829 902 2862 adole-

86 2894 87 2897 *
121 2870 230 2903 eoemi
259 2875 395 2906 enrrum'
427 2874 524 2908 dedit
556 2888 694 2909 aureum
727 2883 763 2909 et
799 2887 903 2920 equos

123 2914 364 2952 velocissimos.
397 2921 625 2955 Pulcherrime
647 2922 734 2956 hanc
754 2922 904 2955 fabulam

92 2968 96 2990 1
115 2963 346 3005 pertractavit
365 2965 527 3000 Pindarus
549 2968 683 3013 Olymp.
699 2970 724 3009 1,
739 2967 904 3003 67—-57,

996 1591 1052 1622 per
1076 1582 1181 1613 undas
1209 1598 1254 1604 —
1284 1583 1441 1621 rapuisse
1483 1579 1575 1612 Haec
1609 1577 1713 1610 verba

929 1627 1099 1671 poeticum
1124 1638 1203 1671 prae
1228 1638 1264 1657 se
1291 1626 1404 1658 ferunt
1430 1625 1588 1657 colorem.
1639 1625 1713 1663 Qua

928 1674 970 1705 de
993 1686 1107 1706 caussa
1134 1673 1274 1705 diversis
1296 1672 1483 1705 litterarum
1508 1670 1625 1703 formis
1648 1669 1712 1702 de-

927 1720 1046 1764 scripti
1072 1727 1160 1751 sunt.

997 1766 1135 1810 omittat]
1162 1765 1238 1797 Scit.
1264 1765 1307 1805 is,
1336 1765 1386 1797 cui
1407 1783 1454 1788 —
1475 1763 1556 1796 deus
1577 1762 1633 1807 qui
1657 1761 1714 1795 di-

930 1820 1015 1846 xerit
1032 1820 1096 1843 etc.

997 1860 1040 1890 ad
1063 1859 1278 1899 clepsydram,
1320 1856 1514 1889 Sententia:
1553 1855 1633 1887 Cras
1658 1854 1715 1887 in-

927 1905 1103 1937 stituemus
1139 1903 1397 1935 exercitationes
1437 1901 1622 1935 rhetoricas
1658 1907 1716 1934 aut

928 1949 1138 1982 declamandi
1170 1949 1341 1982 exercitia.
1393 1951 1442 1982 De
1474 1961 1504 1982 v.
1531 1949 1717 1990 clepsydrae

929 2009 960 2029 v.
987 1999 1150 2029 Forcetlin.
1174 1996 1206 2028 iu
1227 1996 1328 2029 Thes.
1356 1996 1430 2028 Lar.
1456 1994 1489 2027 h.
1514 2007 1545 2027 v,
1582 1993 1635 2026 Ad
1659 2001 1714 2026 ta-

930 2043 995 2075 lem
1016 2042 1229 2087 clepsydram
1243 2050 1275 2073 et
1292 2049 1444 2075 oratores
1463 2041 1497 2073 in
1514 2041 1592 2073 foro
1613 2040 1716 2072 verba

930 2089 1122 2126 faciebant,
1161 2096 1196 2121 et
1217 2100 1298 2121 vero
1332 2088 1364 2120 in
1391 2087 1478 2120 ludis
1505 2086 1717 2119 declamandi

930 2135 1091 2168 exercitia
1113 2135 1337 2168 instituebant
1365 2134 1514 2166 iuvenes.
1563 2133 1652 2166 Hinc
1674 2132 1716 2164 de

931 2185 1022 2215 Orat.
1048 2183 1108 2214 111.
1133 2182 1199 2224 34,
1226 2182 1306 2215 131'5:
1344 2181 1434 2213 hunc
1464 2190 1531 2212 non
1557 2179 1717 2212 clamator

931 2228 1051 2273 aliquis
1086 2227 1130 2260 ad
1154 2227 1365 2272 clepsydram
1390 2227 1514 2259 latrare
1544 2226 1715 2261 docuerat.

930 2275 991 2308 sed
1014 2279 1252 2317 Anaxagoras,
1290 2275 1340 2307 vir
1370 2285 1516 2306 summus
1540 2272 1574 2304 in
1609 2272 1719 2304 maxi-

931 2333 1060 2354 marum
1094 2333 1205 2353 rernm
1239 2320 1387 2352 scientia.
1452 2319 1505 2352 Ad
1540 2318 1640 2350 verba
1674 2319 1719 2350 acl

930 2370 1133 2410 clepsydram
1168 2367 1392 2411 supplendum
1428 2373 1479 2398 est
1515 2365 1718 2398 declamandi

931 2417 1185 2448 exercitationem
1207 2416 1425 2446 instituemus:
1451 2412 1542 2455 quod
1566 2410 1719 2443 luculen—

934 2461 1060 2493 tissime
1083 2467 1224 2503 apparet
1242 2471 1260 2491 e
1279 2459 1389 2492 verbis
1411 2459 1562 2502 proxime
1576 2467 1718 2499 sequen-

933 2507 1039 2539 tibus:
1062 2511 1090 2539 et
1103 2508 1181 2539 illud
1192 2508 1318 2547 quidem
1331 2507 1390 2550 (sc.
1402 2502 1612 2537 declamandi
1624 2513 1718 2533 exer-

933 2554 1062 2593 citium)
1086 2557 1158 2586 ante
1182 2554 1366 2593 meridiem;
1401 2553 1458 2583 hoc
1482 2552 1541 2594 (sc.
1564 2547 1719 2591 disputa-

933 2600 1004 2641 tio,
1030 2611 1115 2644 quae
1136 2606 1288 2632 versatur
1307 2599 1341 2630 in
1362 2594 1588 2642 philosophia)
1611 2595 1720 2626 eodem

934 2650 1084 2687 tempore,
1106 2657 1153 2678 sc.
1169 2657 1235 2689 quo
1250 2644 1364 2682 hodie,
1387 2643 1420 2674 h.
1432 2654 1460 2674 e.
1475 2638 1719 2685 pomeridiano.

937 2692 1127 2725 Clarissima
1155 2691 1234 2724 huic
1266 2690 1344 2723 loco
1378 2689 1434 2720 lux
1462 2685 1648 2719 affunditur
1678 2697 1720 2718 ex

937 2751 966 2772 c.
979 2738 1012 2779 3,
1026 2738 1059 2771 9.
1574 2777 1581 2784 ι
1624 2777 1633 2784 ·

1004 2787 1050 2818 sic
1071 2787 1153 2818 enim
1174 2781 1329 2825 ‹iu-imus]
1358 2780 1399 2812 H.
1421 2790 1450 2811 e.
1476 2783 1718 2812 constituimus.

1004 2842 1066 2864 non
1087 2839 1178 2872 posse
1200 2827 1319 2870 deberi]
1344 2826 1389 2858 H.
1411 2836 1440 2857 e.
1464 2824 1631 2868 intelligo,
1656 2823 1720 2857 de-

938 2877 1044 2910 bitum
1068 2887 1179 2908 meum
1204 2878 1262 2917 isc.
1281 2870 1493 2904 declamandi
1511 2870 1719 2914 exercitium>

939 2936 959 2955 a
979 2935 1034 2955 me
1052 2921 1116 2954 tibi
1133 2920 1244 2965 primo
1258 2929 1392 2963 quoque
1407 2924 1562 2962 tempore
1581 2913 1720 2951 solv'en-

941 2969 1020 3001 dum
1042 2979 1125 3000 esse.
1458 2972 1465 2978 ·
