1859 3149
711 68 881 103 LIBER
905 69 965 102 111.
995 67 1034 107 1,
1059 66 1093 100 2.

1622 56 1697 99 171

98 159 262 203 vitatem
280 163 322 200 et
340 155 518 199 dolorem
538 152 670 194 animo
691 150 928 200 iudicamus,
962 148 1083 190 animi
1103 146 1284 189 morbum
1310 158 1481 201 corpore
1506 158 1587 186 non
1612 160 1704 188 sen-

98 234 246 277 timus?
274 233 331 275 ita
347 231 412 283 fit,
447 236 490 271 ut
509 227 666 270 animus
687 225 734 266 de
753 238 798 266 se
819 223 904 280 ipse
932 231 1011 265 tum
1043 223 1215 275 iudicet,
1249 237 1367 279 quum
1388 221 1426 263 id
1446 221 1598 278 ipsum,
1626 235 1705 276 quo

98 309 319 361 iudicatur,
361 310 560 361 aegrotet.

622 309 665 344 2.
700 298 818 355 Quod
840 299 874 340 si
897 299 996 340 tales
1019 313 1092 340 nos
1117 307 1261 341 natura
1283 298 1512 354 genuisset,
1551 303 1595 338 ut
1617 310 1706 338 eam

98 385 222 442 ipsam
246 382 391 426 intueri
414 388 455 423 et
480 380 706 438 perspicere
734 376 952 431 eademque
977 374 1123 430 optima
1147 374 1245 415 duce
1273 388 1432 415 cursum
1454 372 1559 414 vitae
1584 372 1706 413 conli-

99 473 194 503 cere
211 471 446 517 possemu53
481 456 583 498 haud
604 461 691 496 erat
709 466 824 502 sane,
855 451 956 506 quod
975 450 1179 505 quisquam
1200 449 1394 490 rationem
1415 463 1462 490 ac
1484 448 1706 490 doctrinam

99 535 340 592 requireret.

410 531 530 575 Nunc
574 528 763 587 parvulos
805 526 920 568 nobis
963 526 1070 566 dedit
1109 525 1332 580 igniculos,
1380 539 1479 580 qiios
1520 524 1708 566 celeriter

101 611 214 653 malis
244 609 421 652 moribus
455 603 787 664 opinionibusque
826 601 1030 658 depravati
1070 601 1128 642 sic
1171 600 1481 655 restinguimus,
1531 606 1573 640 ut
1613 613 1708 640 nns-

101 701 219 744 quam
257 692 422 730 naturae
455 683 587 725 lumen
618 686 823 737 appareat.

896 676 1001 720 Sunt
1032 677 1137 718 enim
1170 675 1340 731 ingeniis
1376 674 1525 716 nostris
1556 674 1710 716 semina

101 762 239 804 inuata
267 761 482 812 virtutum,
527 771 626 814 quae
652 756 686 798 si
715 755 947 797 adolescere
974 753 1137 804 liceret,
1182 752 1264 808 ipsa
1290 765 1363 792 nos
1388 750 1437 791 ad
1463 749 1620 791 beatam
1649 748 1710 791 vi-

104 848 218 882 animo
256 845 520 881 conformanda:
566 847 614 878 :tn
649 854 817 886 nunquam
853 841 885 873 in

102 894 267 940 simplici,
299 893 360 927 sed
383 905 515 937 semper
538 891 570 923 in
594 892 756 923 bimembri
779 889 886 921 iuti-1·-

103 940 303 985 rogatione,
349 946 383 972 et
419 939 554 984 quidem
596 937 629 969 in
666 936 774 969 altero
818 935 887 966 eius

6 992 13 1007 ’”
61 1023 66 1027 ,
104 987 278 1026 membro,
315 986 472 1031 ponitur;
512 996 613 1027 saepe.
647 991 759 1016 autem
798 981 888 1026 prius

105 1034 292 1067 membrum
314 1032 448 1066 disertis
467 1031 575 1064 verbis
596 1042 661 1062 non
683 1035 733 1060 est
754 1040 889 1072 expres-

105 1092 192 1123 sum,
216 1079 276 1112 sed
300 1079 384 1111 latet
405 1078 437 1111 in
463 1075 740 1110 antecedentibus
764 1074 814 1106 vel
839 1081 889 1105 et-

105 1127 172 1160 iam
191 1138 233 1159 ex
254 1133 328 1159 tota
353 1124 506 1159 oratione
529 1130 642 1156 mente
665 1120 889 1166 supplendum

106 1180 170 1206 est.
206 1173 274 1205 lam
291 1182 371 1204 vero
391 1171 417 1203 si
433 1171 499 1203 boc
523 1169 707 1202 membrum
734 1179 889 1211 suppres-

105 1231 178 1253 sum
200 1220 434 1261 affirmativum
457 1223 520 1255 est,
547 1216 566 1248 i.
587 1228 614 1247 e.
639 1215 665 1246 si
689 1215 730 1246 ab
755 1226 807 1250 en,
834 1212 888 1257 qui

104 1266 302 1309 interrogat,
327 1263 421 1297 huius
445 1262 586 1296 membri
609 1259 792 1294 affirmatio
813 1259 889 1291 ani-

103 1323 162 1346 mo
195 1318 376 1357 praecepta
398 1317 468 1348 est,
506 1308 674 1354 posterius
703 1306 889 1339 membrum

106 1371 167 1404 per
189 1369 233 1391 an
253 1356 426 1390 inductum
446 1358 631 1397 rumelicum
651 1361 713 1390 est,
738 1353 760 1385 i.
783 1365 812 1384 e.
835 1352 890 1384 in—

105 1404 368 1448 terrogationem
392 1402 488 1447 ponit
503 1429 511 1440 ,
545 1401 635 1434 cuius
667 1399 804 1443 negatio
827 1411 886 1430 ex—

104 1458 297 1496 spectaturz
332 1457 403 1482 tum
425 1459 467 1482 an
492 1448 581 1480 idem
608 1447 720 1480 valer(-
743 1445 887 1481 videtur,

107 1497 199 1542 quod
218 1507 308 1538 num,
331 1506 458 1529 numne.
493 1495 599 1527 l’luut.
616 1494 706 1526 Asin.
725 1494 764 1525 V.
785 1494 812 1529 1,
831 1494 886 1525 10:

111 1545 170 1577 De.
197 1543 338 1576 Credam
363 1553 426 1585 ego
449 1541 554 1578 istuc.
591 1540 617 1572 si
642 1552 713 1572 esse
740 1547 774 1571 te
800 1538 889 1571 bilu-

106 1601 182 1624 rum
203 1589 332 1622 videro.
380 1592 436 1622 Ar.
462 1592 509 1621 An
532 1595 567 1619 tn
590 1599 661 1619 esse.
684 1598 736 1618 me
759 1586 889 1618 tristem

107 1636 234 1681 putas?
274 1636 321 1680 0¹·
340 1647 369 1668 e.
400 1645 502 1668 nonne
536 1634 674 1666 hilarem
709 1644 761 1665 me
784 1631 889 1668 vides,

109 1693 209 1716 an—
222 1684 240 1715 ?
267 1682 319 1715 vel
338 1681 480 1725 simplici
496 1680 780 1722 interrogatione·
801 1689 890 1714 num.

98 1739 225 1769 ,numne
257 1740 313 1762 me
340 1728 473 1760 tristem
507 1734 604 1770 putas
617 1726 647 1765 2)
698 1726 754 1758 Sin
778 1732 890 1758 nutem

107 1775 295 1808 membrum
314 1785 526 1819 suppressum
544 1775 725 1814 neyntirum
744 1779 806 1810 est,
828 1771 848 1803 i.
863 1782 890 1802 e.

109 1821 139 1855 si
151 1821 248 1855 huius
263 1820 405 1855 membri
425 1820 560 1864 negatio
578 1819 691 1852 animo
709 1825 891 1863 praecepta

109 1874 186 1909 est,
229 1867 395 1913 posterius
431 1866 619 1900 membrum
657 1868 893 1907 affirmativum

110 1921 180 1954 est,
210 1913 233 1947 ἱ.
261 1926 290 1948 e.
320 1913 621 1956 interrogationem
646 1912 766 1956 ponit.
801 1910 892 1943 cuius

109 1960 294 1994 affirmatio
312 1966 545 2004 exspectatur:
571 1966 643 1991 tum
665 1968 708 1990 an
726 1957 816 1988 idem
835 1967 891 1987 va-

110 2007 182 2041 lere
204 2006 356 2042 videtur,
391 2005 482 2050 quod
508 2014 628 2041 nonne,
655 2011 691 2036 ut
712 2003 745 2035 h.
767 2002 788 2034 l.
839 2001 893 2034 Cf.

111 2053 156 2087 de
176 2055 312 2086 Senect.
335 2053 394 2091 VI,
414 2051 473 2084 15:
500 2062 519 2082 a
542 2050 641 2082 rebus
663 2048 819 2093 gerendis
834 2060 892 2081 se-

111 2106 231 2133 nectus
251 2096 444 2131 abstrahit?
480 2095 628 2140 quibus?
657 2106 700 2128 an
722 2095 761 2128 iis
775 2121 782 2134 ,
808 2106 893 2139 quae

109 2139 148 2178 in
169 2145 346 2178 iuventute
368 2150 529 2188 geruntur
560 2148 595 2174 et
616 2141 770 2174 viribus?
807 2141 841 2184 ti.
863 2153 893 2173 e.

111 2202 211 2232 num,
247 2200 364 2224 numne
397 2188 490 2227 aliis,
534 2201 576 2221 an
612 2188 671 2227 iis,
709 2200 794 2232 quae
818 2186 892 2219 —'?

112 2237 168 2271 vel
201 2235 346 2281 simplici
377 2235 663 2279 interrogatione:
709 2244 811 2267 nonne
842 2234 893 2270 iis,

114 2294 200 2329 quae
220 2282 310 2324 —?)
348 2282 446 2328 Tale⁴
463 2292 507 2315 an
536 2281 634 2314 nobis
662 2288 794 2313 vertere
814 2280 895 2313 licet

113 2341 177 2375 per
198 2330 309 2362 elwa?
343 2329 453 2362 Probe
483 2334 596 2361 autem
625 2327 808 2360 tenendum
831 2334 894 2368 est,

114 2375 255 2425 voculae
287 2385 331 2408 an
353 2386 486 2419 semper
509 2374 702 2407 adiunctam
733 2385 806 2406 esse
827 2385 894 2406 no-

111 2422 244 2456 tionem
265 2423 472 2454 dubitationis
493 2433 532 2454 ac
551 2423 786 2463 fluctuationis;
819 2432 896 2452 nam

113 2468 143 2502 si
166 2467 443 2512 interrogationis
462 2467 646 2500 affirmatio
671 2471 752 2500 certo
773 2478 897 2510 exspe—

117 2521 247 2554 ctatur,
272 2526 335 2558 pro
359 2525 403 2547 an
423 2514 561 2558 ponitur
580 2524 700 2555 annon,
724 2520 759 2545 ut
779 2512 897 2546 Parad.

116 2562 159 2602 V,
178 2562 218 2596 3:
245 2564 295 2594 An
314 2571 377 2594 nim
398 2568 449 2593 est
470 2559 577 2592 omnis
598 2566 706 2592 metus
727 2558 894 2592 servitus?

118 2607 176 2640 Sic
209 2607 243 2640 h.
265 2606 310 2647 l.‚
355 2607 383 2639 si
416 2607 580 2650 scriptum
623 2613 734 2638 esset:
779 2616 898 2646 aranon,

118 2655 202 2695 quod
221 2655 308 2695 —-?,
335 2652 452 2686 Cicero
473 2652 705 2697 significasset,
730 2652 793 2685 sibi
816 2664 897 2697 per-

119 2699 343 2732 suasissimum
363 2711 455 2738 esse,
481 2699 607 2732 nullam
628 2699 727 2732 aliam
749 2710 898 2731 caussam

121 2754 214 2784 esse,
239 2745 304 2778 nisi
326 2757 401 2779 eam
417 2757 444 2778 ·a
466 2757 502 2778 se
524 2745 680 2783 allatam,
715 2757 773 2778 cur
796 2744 898 2777 animi

923 842 999 874 dam
1019 839 1243 878 numism-rur,
1270 850 1334 882 qua
1358 836 1561 869 sententium
1587 835 1707 868 certis-

923 889 1040 921 simum
1066 894 1100 919 ut
1125 886 1260 918 dubium
1284 884 1466 917 elli-rimus.
1518 883 1570 915 Cl‘.
1591 894 1652 914 nos
1674 881 1707 913 in

925 937 984 968 Gr.
1008 934 1047 965 L.
1073 937 1101 978 ἦ.
1119 934 1201 972 13¹),
1228 936 1259 965 2.

984 994 1122 1033 corporis
1135 989 1341 1033 maritalem]
1358 989 1429 1025 „En
1447 990 1493 1027 lit,
1515 998 1616 1032 quum
1632 986 1709 1019 lun-

925 1039 1053 1084 gun-‘scit
1075 1050 1197 1081 corpus
1218 1044 1250 1068 ct
1273 1035 1365 1080 quusi
1387 1034 1532 1079 quodam
1558 1035 1709 1077 pondere

926 1085 1099 1130 premitur.
1123 1091 1157 1115 ut
1177 1082 1327 1114 membra
1348 1082 1414 1113 suis
1435 1092 1535 1123 ait-gre
1559 1082 1707 1122 funguu-

926 1141 979 1165 tur
995 1130 1220 1164 ninum-ilume‘
1256 1128 1310 1161 sic
1327 1128 1454 1160 Gracci·
1473 1125 1625 1172 βαρύτης
1640 1122 1709 1160 σώ-

926 1191 1040 1222 ματος
1093 1178 1144 1209 (ll'.
1181 1175 1252 1207 Fiu.
1279 1176 1322 1207 lV
1337 1200 1344 1212 ,
1388 1176 1437 1207 1¹3.
1490 1173 1603 1205 l‘uullo
1631 1179 1710 1216 post

925 1232 968 1257 itu
1002 1228 1034 1265 fit
1063 1223 1206 1255 l'nrmulu
1230 1220 1454 1253 concludendi
1481 1233 1541 1263 pro
1566 1221 1638 1251 hinc
1662 1230 1711 1252 se-

924 1275 1050 1313 quitur,
1075 1272 1230 1311 efficitur,
1260 1268 1302 1299 de
1323 1279 1387 1311 qua
1409 1279 1439 1298 v.
1462 1266 1505 1298 ud
1529 1266 1624 1304 Il.b‚
1655 1264 1708 1299 16.

995 1333 1026 1362 '.'.
1053 1330 1140 1361 Ιισυιί
1164 1331 1229 1359 erat
1253 1325 1344 1369 sane]
1382 1325 1421 1356 V.
1448 1324 1621 1356 Adnotata
1644 1334 1711 1356 no-

925 1385 994 1409 stru
1018 1375 1050 1407 iu
1078 1377 1099 1406 l.
1119 1374 1182 1412 4¹),
1214 1373 1294 1406 lto:
1323 1381 1475 1411 moynum
1495 1374 1548 1402 est.

992 1425 1148 1455 rationem
1179 1430 1217 1452 ac
1241 1419 1435 1460 doctriuamj
1475 1418 1514 1451 V.
1539 1415 1713 1449 Adnotatu

926 1470 957 1502 iu
987 1471 1010 1502 l.
1033 1470 1091 1502 13».
1117 1468 1173 1500 3⁰.

995 1516 1092 1557 nunc}
1130 1511 1366 1545 Observandus
1391 1509 1587 1555 exquisitior
1615 1508 1712 1542 huius

928 1561 1112 1607 particulae
1146 1560 1178 1592 in
1213 1558 1485 1602 oppositionibus
1521 1569 1595 1588 usus
1633 1558 1713 1600 (nun

925 1611 1027 1651 aber).
1078 1610 1185 1651 Saepe
1210 1605 1346 1637 additur
1368 1603 1530 1648 particula
1550 1602 1712 1634 adversa-

926 1656 1016 1694 tiva,
1043 1655 1089 1687 uti
1115 1652 1227 1697 paullo
1251 1658 1327 1695 post
1352 1662 1435 1684 nunc
1459 1654 1586 1689 aulem,
1623 1648 1712 1680 iufra

928 1700 1054 1736 1V.·.·⁴.
1083 1702 1146 1734 ὂψ.
1176 1700 1217 1731 N.
1235 1700 1271 1730 1).
1291 1699 1330 1730 11.
1349 1698 1413 1733 Ἀώς
1440 1707 1524 1729 nunc
1545 1706 1636 1736 vero,
1663 1693 1713 1727 uti

938 1749 980 1781 de
1007 1747 1066 1780 Fiu
1096 1749 1135 1778 Y.
1161 1747 1218 1785 15,
1245 1745 1300 1777 41.
1351 1744 1404 1775 Sic
1429 1741 1550 1775 Graeci
1574 1748 1712 1774 utuntur

927 1794 1099 1840 particulis
1123 1793 1178 1826 νῦν
1203 1790 1252 1826 δέ-

993 1842 1207 1882 parvulos—
1231 1838 1397 1878 igniculos<
1430 1834 1623 1867 Deminutio
1647 1832 1713 1866 ad-

928 1888 1019 1920 ditur
1043 1885 1240 1922 deminuto,
1276 1890 1311 1914 ut
1337 1882 1483 1926 parvitas
1518 1881 1623 1924 magis
1648 1892 1714 1924 ap·-

928 1940 1055 1978 pareut.
1105 1933 1241 1964 Terent.
1259 1930 1341 1961 Eun.
1360 1929 1382 1960 I.
1397 1929 1429 1968 2,
1454 1931 1518 1961 ’λῦε
1543 1929 1716 1969 parvolam

925 1981 1078 2021 puellam.
1105 1977 1210 2009 Cicer.
1227 1975 1269 2008 N.
1289 1976 1326 2008 U.
1341 1976 1400 2014 ΙΙΙ,
1422 1974 1471 2009 17.
1492 1987 1560 2019 pn:
1584 1976 1716 2007 aureola

927 2027 1139 2059 oratiuncula.
1163 2020 1384 2060 Acad.11.-}4,
1402 2021 1482 2054 1255:
1509 2023 1656 2054 aureolus
1677 2022 1717 2052 li-

928 2074 1035 2105 bellus.
1074 2069 1194 2103 Catull.
1215 2069 1281 2107 Ill,
1312 2069 1372 2101 125:
1410 2067 1539 2100 Fleudo
1561 2068 1719 2109 turgiduli

928 2119 1049 2151 rubent
1072 2119 1170 2150 ocelli.
1219 2115 1270 2148 Ad
1291 2114 1494 2147 sententiam
1517 2113 1624 2147 nostri
1650 2112 1716 2147 loci

930 2165 974 2198 cf.
1010 2164 1082 2196 Fiu.
1099 2163 1140 2195 V.
1158 2162 1201 2204 Τ,
1230 2164 1288 2195 15:
1327 2173 1470 2206 qnorum
1495 2160 1615 2193 similia
1637 2165 1717 2192 sunt

929 2211 1036 2257 prima
1056 2210 1089 2242 in
1113 2209 1250 2246 animis,
1290 2208 1383 2252 quasi
1407 2210 1560 2241 virtutum
1585 2207 1719 2249 igniculi

930 2266 964 2290 et
988 2256 1127 2290 semina.
1177 2254 1263 2287 Ibid.
1290 2255 1339 2293 15,
1365 2252 1430 2288 43:
1456 2254 1489 2286 in
1513 2254 1624 2297 pueris
1645 2255 1717 2286 vir-

928 2309 1030 2337 tutum
1053 2302 1145 2348 quasi
1165 2304 1353 2335 scintillulas
1375 2300 1536 2333 videmus.
1573 2301 1676 2343 Legg.
1693 2300 1716 2331 1.

933 2352 993 2389 12,
1019 2352 1082 2384 315:
1118 2353 1241 2381 tantam
1273 2352 1377 2380 aulem
1409 2358 1472 2380 essc
1504 2350 1716 2388 corruptelam

929 2399 1036 2429 malae
1064 2396 1318 2435 consuetudinis,
1352 2398 1385 2426 ut
1420 2396 1460 2425 ab
1494 2404 1532 2426 ea
1563 2398 1718 2433 tanquam

929 2445 1062 2485 iyniculi
1085 2444 1326 2483 exstinguantur
1349 2451 1370 2473 a
1394 2445 1512 2473 natura
1537 2440 1627 2472 dati!

991 2502 1175 2542 depravalij
1194 2500 1252 2531 Est
1265 2498 1398 2542 egregia
1413 2497 1605 2530 coniectura
1618 2496 1717 2527 Lam-

932 2550 997 2580 bini
1010 2572 1020 2588 ,
1056 2545 1345 2590 praestantissimo
1380 2544 1454 2578 cod.
1478 2545 1554 2576 Vat.
1589 2540 1716 2574 confir-

932 2601 1033 2631 mata,
1060 2603 1122 2636 pro
1142 2592 1230 2636 vulg.
1255 2593 1452 2632 depravatis.
1499 2591 1548 2621 Ex
1567 2598 1637 2631 seq.
1671 2589 1718 2619 sic

932 2639 1099 2673 vocabulo
1125 2640 1295 2680 depravati·
1316 2637 1415 2670 facile
1437 2644 1628 2668 accrescere
1646 2644 1716 2677 po·-

932 2687 997 2719 tuit
1020 2685 1136 2718 littera
1159 2696 1185 2718 s.
1234 2686 1328 2724 Quae
1348 2688 1549 2726 sequuntur:
1575 2682 1609 2712 in
1630 2682 1717 2713 omni

933 2736 1077 2767 continuo
1095 2734 1254 2773 pravitate
1283 2734 1310 2762 et
1332 2732 1364 2761 in
1386 2737 1512 2761 summa
1533 2728 1718 2766 opinionum

120 2789 285 2824 medidua
313 2803 383 2824 110„
415 2791 599 2825 admodum
635 2792 723 2824 culta
746 2798 834 2824 esset
855 2791 897 2824 ab
929 2781 1135 2831 perversitate
1165 2786 1351 2815 versamur,
1383 2771 1621 2806 commendant
1650 2783 1717 2805 no-

122 2834 330 2875 hominibus3
355 2838 448 2882 quod
464 2838 592 2875 noluit;
618 2849 696 2870 nam
717 2837 778 2870 etsi
800 2850 899 2871 caus—

123 2891 194 2913 sam
214 2882 379 2926 proiamm
401 2884 498 2917 unice
527 2896 642 2917 veram
659 2884 827 2924 habebat,
863 2891 902 2916 ut

123 2925 310 2961 luculenter
329 2937 470 2973 apparet
492 2941 532 2963 ex
563 2941 655 2974 seqq.
686 2930 822 2963 verbis:
853 2933 901 2963 ita

125 2973 183 3014 fit,
205 2975 241 3005 ut
261 2980 348 3015 etc„
369 2981 484 3008 tamen
507 2987 581 3008 eam
601 2976 797 3009 dubitanter
815 2988 901 3020 pro-

127 3029 256 3063 ponere
269 3018 395 3054 voluit:
417 3021 507 3054 unde
520 3021 666 3055 orationi
678 3022 787 3055 ironia
801 3033 903 3066 quae-

934 2824 1152 2861 minativum;
1192 2833 1269 2854 nam
1301 2823 1334 2852 in
1362 2821 1520 2860 pravitate
1551 2828 1719 2852 versamur

933 2871 1025 2904 idem
1050 2870 1123 2902 fere
1148 2875 1218 2907 est,
1243 2865 1335 2910 quod
1358 2867 1528 2906 depravati
1548 2875 1670 2899 sumus.

1002 2930 1125 2960 semina
1143 2924 1310 2965 virtutum]
1337 2922 1410 2955 Fin.
1430 2923 1487 2955 IV.
1509 2922 1551 2963 7,
1578 2921 1640 2958 18:
1665 2922 1718 2956 his

934 2974 1058 3012 initiis,
1083 2980 1243 3014 tanquam
1263 2971 1453 3010 seminibus,
1477 2981 1498 3002 a
1514 2975 1634 3003 natura
1652 2969 1718 3003 da-

936 3020 991 3061 tis,
1013 3038 1057 3045 --
1083 3016 1190 3050 omnis
1210 3015 1369 3049 honestas
1390 3016 1542 3060 perfecte
1562 3015 1717 3050 absoluta
