1843 3101
166 54 250 99 292

169 147 272 188 bona
293 146 474 188 dicantur
494 159 659 187 neccsse
685 154 771 198 cst,
796 146 989 187 candiduli
1011 147 1166 198 dentes,
1200 146 1357 188 venusti
1376 146 1504 201 oculi,
1537 147 1650 190 color
1665 162 1753 190 sua-

171 221 231 263 vis
261 229 302 262 et
331 210 404 272 ea,
439 234 535 275 quae
568 219 751 277 Anticlea
785 221 918 262 laudat
946 219 1055 263 Ulixi
1087 221 1208 276 pedes
1239 221 1420 274 abluens,

710 66 883 99 LIBER
909 67 948 100 V.
977 63 1040 107 16,
1065 63 1121 100 47.
1145 63 1203 99 48.

301 298 485 335 Ldm‘tmlo
515 296 699 335 ordle'om‘s
713 326 724 343 ,
759 298 954 335 mollitudo
986 299 1183 348 eorporis,-

168 383 215 411 ca
239 370 271 410 si
290 370 391 410 bona
413 370 600 410 ducemus
614 402 625 421 ,
675 370 765 424 quid
786 370 861 410 erit
882 370 921 411 in
941 370 1159 426 philosophi
1180 370 1374 424 gravitate
1388 402 1401 422 ‚
1448 384 1563 426 quam
1580 370 1622 411 in
1642 371 1752 427 vulgi

168 444 350 498 opinione
372 444 659 499 stultorumque
682 444 817 495 turba,
852 445 954 499 quod
975 444 1127 485 dicatur
1151 451 1218 485 aut
1240 445 1417 499 gravius,
1450 451 1519 487 aut
1539 445 1755 500 grandius?

167 524 236 559 47.
270 517 326 558 At
355 519 459 558 enim
495 519 630 559 eadem
667 516 793 559 Stoici
826 520 1077 574 praecipua
1110 519 1173 560 vel
1194 519 1419 573 producta
1449 519 1609 571 dicunt,
1653 533 1753 574 quae

165 592 268 633 bona
291 592 371 632 isti.
404 617 462 622 —
514 591 661 634 Dicunt
683 593 738 635 illi
759 594 936 649 quidem,
971 595 1038 635 sed
1063 594 1121 635 his
1144 593 1263 635 vitam
1288 594 1442 635 beatam
1471 593 1658 648 compleri
1685 607 1754 635 ne-

166 673 282 720 gant3
317 666 353 706 hi
379 674 507 708 autem
529 668 616 709 sine
638 668 682 709 iis
703 673 793 709 esse
818 669 961 710 nullam
987 675 1145 724 putant,
1179 675 1268 720 aut,
1302 668 1334 709 si
1359 668 1409 709 sit
1430 667 1572 719 beata,
1605 667 1752 710 beatis-

685 741 774 783 Nos
802 750 931 783 autem
962 743 1143 783 volumus
1170 742 1460 795 beatissimam,
1494 742 1611 798 idque
1637 741 1751 783 nobis

1111 815 1180 858 Sic
1205 817 1307 858 enim
1335 817 1515 872 princeps
1535 816 1602 858 ille
1630 817 1753 873 philo-

164 740 302 781 simam
328 748 436 782 certe
463 749 622 797 negant.

167 813 374 856 Socratica
399 816 462 856 illa
486 817 741 858 conclusione
769 817 1038 858 confirmatur.

165 889 324 944 sophiae
343 890 586 941 disserebat,
634 892 758 946 qualis
785 892 972 946 cuiusque
1005 891 1124 932 animi
1150 891 1316 932 affectus
1341 897 1471 941 esset,
1518 891 1632 932 talem
1661 905 1752 932 esse

165 963 386 1014 hominem,
431 966 556 1019 qualis
578 973 708 1006 antem
732 966 845 1006 bomo
863 966 946 1021 ipse
972 972 1103 1017 esset,
1150 965 1265 1006 talem
1291 964 1375 1005 eius
1395 978 1486 1005 esse
1507 965 1750 1017 orationem,

165 1037 333 1078 orationi
360 1045 488 1078 autem
514 1040 614 1079 sacta
639 1040 808 1092 similia,
857 1040 967 1081 sactis
988 1040 1125 1080 vitam.
1188 1038 1370 1080 Affectus
1393 1045 1525 1079 autem
1554 1039 1675 1080 animi
1711 1039 1752 1080 in

165 1112 269 1153 bono
306 1112 392 1153 viro
417 1113 622 1153 laudabilis
639 1146 649 1165 ,
700 1122 739 1154 ct
770 1115 849 1155 vita
873 1114 993 1170 igitur
1013 1114 1218 1155 laudabilis
1245 1113 1338 1154 boni
1370 1113 1472 1164 viri,
1520 1120 1561 1154 et
1585 1113 1752 1155 honesta

166 1200 288 1241 ergo,
321 1187 504 1241 quoniam
526 1188 747 1229 laudabilis.
812 1188 877 1229 Ex
902 1189 1066 1244 quibus,
1100 1183 1292 1229 bonorum
1319 1188 1474 1229 beatam
1497 1187 1618 1229 vitam
1642 1202 1750 1241 esse,

165 1261 424 1302 concluditur.
460 1288 514 1292 —
555 1268 624 1303 48.
659 1261 843 1315 Etenim,
878 1278 947 1318 pro
973 1264 1133 1304 deorum
1155 1270 1272 1317 atque
1295 1261 1494 1303 hominum
1513 1262 1650 1303 fidem!
1685 1277 1752 1320 pa-

150 1325 304 1376 ‘rumne
326 1336 524 1391 cognitum
557 1344 618 1377 est
641 1337 910 1392 superioribus
938 1338 1082 1378 nostris
1108 1337 1461 1392 (lisputationibus,
1504 1350 1554 1378 au
1579 1336 1753 1380 delecta-

165 1409 283 1450 tionis
305 1417 343 1450 et
362 1410 429 1450 otii
453 1411 707 1451 consumendi
732 1426 872 1452 caussa
894 1411 1011 1453 locuti
1037 1425 1186 1463 sumus,
1220 1411 1437 1467 sapientem
1458 1410 1507 1452 ab
1531 1411 1636 1452 omni
1656 1426 1752 1453 con-

167 1483 353 1524 citatione
376 1484 517 1536 animi,
560 1499 674 1539 quam
698 1486 1031 1540 perturbationem
1054 1499 1177 1537 voco,
1211 1499 1369 1541 semper
1394 1486 1564 1527 vacare?
1594 1499 1752 1542 semper

168 1557 207 1598 in
225 1558 354 1598 animo
375 1558 459 1599 cius
478 1573 567 1600 esse
589 1560 889 1615 placidissimam
910 1561 1070 1616 pacem?
1131 1558 1204 1601 Vir
1223 1560 1343 1614 igitur
1363 1567 1621 1616 temperatus,
1655 1574 1749 1601 con-

167 1639 303 1683 stans,
349 1632 435 1673 sine
463 1641 594 1686 metu,
641 1635 727 1676 sine
751 1635 1024 1690 aegritudine,
1058 1633 1144 1675 sine
1169 1634 1375 1675 alacritate
1405 1635 1507 1687 ulla,
1551 1635 1640 1676 sine
1662 1635 1750 1676 libi-

233 1742 387 1783 Anticlea]
416 1743 452 1774 In
471 1741 537 1774 hoc
557 1743 692 1775 nomine
708 1755 822 1775 omnes
838 1742 937 1775 codd.

167 1787 371 1829 conspirant.
418 1788 518 1831 Atqui
547 1789 700 1821 Anticlea
733 1789 798 1820 fuit
832 1796 939 1821 mater

170 1831 285 1864 Ulixis.
321 1832 408 1865 Hinc
428 1841 505 1865 nata
527 1841 576 1866 est
594 1834 758 1867 correctio
773 1837 939 1876 Euryclea,

166 1888 251 1920 quae
272 1877 335 1909 fuit
355 1879 466 1910 nutrix
481 1879 607 1912 Ulixis:
632 1892 730 1924 qnam
753 1880 936 1913 correctio-

166 1933 242 1954 nem
267 1935 306 1954 ex
327 1924 438 1956 multis
459 1925 536 1957 edd.
562 1933 644 1958 vett.
667 1928 725 1959 W.
749 1934 782 1958 et
802 1928 856 1958 Or.
881 1938 937 1958 re—

167 1976 346 2011 ceperunt:
384 1981 467 2013 quae
498 1971 584 2004 ratio
609 1971 702 2004 nullo
728 1971 830 2004 modo
853 1983 938 2015 pro-

165 2011 274 2045 banda
297 2021 367 2052 est3
401 2027 477 2048 nam
500 2017 599 2049 facile
627 2017 742 2049 Cicero
766 2018 799 2049 in
824 2017 937 2049 nomi-—

167 2057 262 2090 nibus
286 2060 459 2093 simillimis
483 2063 641 2095 memoria
665 2063 731 2095 labi
757 2070 901 2107 poterat.

244 2106 411 2150 Lenitudo]
451 2108 510 2139 Est
545 2115 740 2141 tetrameter
773 2109 934 2141 trochaic.

165 2149 262 2181 catal.
287 2158 437 2194 sumptus
460 2165 477 2184 e
501 2154 632 2186 Pacuvii
654 2154 802 2197 Niptris,
837 2166 935 2198 quem

164 2195 277 2228 attulit
297 2194 424 2228 Nonius
446 2197 479 2230 in
503 2201 650 2234 lenitudo.
686 2200 737 2233 Cf.
763 2200 882 2244 Odyss.
903 2213 933 2241 τ,

166 2238 234 2273 392
245 2252 317 2285 sqq.

230 2289 308 2328 quid
328 2289 402 2329 erit]
438 2288 472 2319 Si
496 2289 607 2321 omnia
631 2302 688 2330 ea,
725 2303 810 2335 quae
843 2291 933 2323 dixi-

163 2341 246 2372 mus,
271 2344 290 2364 a
308 2333 459 2375 sapiente
481 2332 514 2365 in
531 2334 630 2367 bonis
653 2335 825 2377 ducentur,
851 2337 933 2370 nihil

165 2376 246 2415 erit,
272 2389 338 2421 quo
362 2378 492 2423 sapiens
514 2379 684 2422 insipienti
707 2388 807 2425 atque
829 2383 932 2416 stulto

165 2430 324 2464 praestet.

231 2466 286 2502 47.
313 2473 350 2502 At
370 2472 467 2512 enim]¹
493 2472 543 2511 At,
556 2471 687 2515 inquiet
709 2471 836 2515 aliquis,
863 2485 931 2506 non

163 2519 255 2545 recte
285 2514 384 2553 dicis,
421 2515 472 2548 his
499 2517 642 2548 externis
672 2516 774 2548 vitam
798 2518 929 2551 beatam

162 2569 228 2590 non
252 2560 433 2603 compleri:
458 2561 666 2595 Stoiciem'm
683 2562 818 2600 eadem,
846 2575 929 2607 quae

161 2604 249 2636 bona
270 2606 487 2649 Peripatetici
510 2607 642 2647 dicunt,
672 2608 850 2651 praecipua
874 2609 929 2640 di-

161 2657 250 2682 cunt.
309 2652 500 2696 Comparari
529 2661 670 2696 possunt
698 2664 773 2684 cum
802 2654 928 2696 graecis

160 2702 246 2737 Part·
275 2693 362 2731 οἷλλοὶ
386 2698 461 2743 γάρ.
504 2699 666 2743 Xenoph.
692 2698 812 2742 Cyrop.
833 2700 872 2731 V.
894 2701 925 2736 5,

161 2741 221 2773 15:
256 2738 342 2777 α’λλά
370 2741 457 2787 γάρ,
494 2743 585 2788 ἔφη,
628 2743 677 2789 μή
713 2740 823 2782 οὕτως
849 2743 926 2788 εἰκῆ

155 2783 251 2828 ἡμᾶς
261 2783 595 2833 αὖτοῦςαέτιῶμεξτα.
612 2792 652 2823 V.
662 2800 722 2822 nos
732 2790 765 2822 in
777 2791 924 2823 Gramm.

155 2841 204 2871 gr.
222 2833 263 2864 T.
278 2834 321 2865 II.
344 2836 372 2878 §.
387 2833 474 2878 754,
498 2837 530 2869 5.
553 2833 677 2880 p.454.
718 2835 790 2879 (Gr.
815 2835 920 2868 schol.

153 2874 183 2916 §-
196 2874 274 2910 324.
296 2879 377 2911 Not.
392 2881 437 2923 1.)

215 2927 390 2964 praecipua
410 2928 460 2959 vel
478 2929 649 2969 producta]
687 2927 739 2960 Cf.
762 2927 834 2959 Fin.
857 2928 916 2960 ΠΙ.

950 2925 1204 2970 perturbatione
1224 2925 1325 2958 animi
1350 2937 1482 2970 semper
1503 2937 1636 2959 vacare.

972 1742 1284 1782 demonstravimus,
1310 1741 1397 1789 inter
1415 1742 1505 1774 bona
1521 1749 1556 1774 et
1572 1743 1658 1775 mala
1679 1755 1744 1787 po-

971 1795 1109 1820 suerunt
1130 1785 1321 1834 ἀδιάφρρα,
1353 1799 1438 1831 quae
1462 1788 1545 1820 nihil
1568 1789 1611 1820 ad
1634 1789 1742 1821 virtu-

971 1841 1041 1866 tem
1057 1840 1091 1865 et
1108 1834 1151 1866 ad
1168 1833 1247 1866 vitia
1267 1833 1433 1866 intersunt
1451 1840 1552 1877 atque
1571 1833 1651 1866 ideo
1669 1847 1744 1867 me·-

972 1879 1026 1912 dia
1047 1879 1222 1917 dicuntnr3
1248 1891 1356 1923 neque
1375 1879 1418 1912 ad
1436 1879 1534 1912 beate
1547 1905 1554 1918 ,
1576 1891 1684 1924 neque
1702 1880 1746 1913 ad

971 1926 1092 1958 misere
1111 1924 1290 1958 vivendum
1309 1924 1484 1970 quicquam
1500 1925 1623 1958 valent.
1659 1928 1745 1958 Sunt

970 1979 1083 2003 tamen
1105 1971 1280 2004 commoda
1296 1977 1397 2015 atque
1412 1970 1627 2004 incommoda
1643 1971 1744 2012 vitae,

971 2029 1055 2061 quae
1079 2017 1219 2061 sapienti
1243 2024 1404 2061 appetere
1425 2016 1560 2061 quidem
1580 2016 1670 2056 licet,
1693 2017 1742 2050 ita

969 2071 1103 2102 tamen,
1129 2069 1165 2094 ut
1185 2063 1290 2095 virtus
1315 2063 1447 2106 integra
1466 2069 1612 2096 maneat.
1651 2064 1744 2096 Haec

969 2107 1141 2152 ἀδιάφορα
1162 2107 1356 2141 dividuntur
1369 2108 1405 2141 in
1417 2109 1615 2152 προηγμένα
1628 2110 1741 2153 (prae-

970 2155 1077 2198 cipua,
1094 2154 1296 2198 praeposita,
1316 2154 1493 2198 producta)
1511 2155 1532 2187 i.
1544 2166 1572 2187 e.
1590 2166 1639 2194 ea,
1657 2167 1742 2199 quae

969 2199 1151 2233 secuudum
1173 2207 1324 2232 naturam
1347 2207 1443 2240 sunt,
1476 2211 1560 2244 quae
1580 2200 1742 2234 sumenda

970 2253 1003 2278 et
1025 2245 1168 2289 quadam
1199 2245 1432 2278 aestimatione
1462 2245 1631 2289 dignanda
1652 2253 1742 2288 sunt,

969 2299 1002 2324 et
1037 2292 1071 2323 in
1107 2288 1371 2335 ἀποπροηγμένα
1405 2293 1568 2335 (remota,
1604 2291 1740 2332 reiecta,

966 2337 1180 2377 reiectanea),
1206 2349 1290 2380 quae
1313 2344 1451 2370 naturae
1472 2344 1550 2370 sunt
1573 2337 1739 2370 contrat-la

967 2390 1065 2426 atque
1090 2382 1179 2414 nulla
1209 2383 1440 2416 aestimatione
1468 2382 1647 2426 dignanda.
1694 2384 1737 2416 V.

966 2439 1027 2461 nos
1048 2428 1081 2460 in
1105 2428 1179 2460 libr.
1202 2427 1294 2460 dicto
1315 2440 1347 2472 p.
1361 2427 1428 2462 233
1441 2439 1489 2472 sq.

1032 2477 1131 2507 vitam
1153 2476 1277 2506 beatam
1294 2474 1456 2518 compleri]
1486 2474 1580 2505 Bona
1600 2479 1737 2506 externa

965 2519 1150 2551 necessaria
1182 2531 1254 2551 esse
1277 2519 1320 2551 ad
1342 2518 1446 2551 vitam
1475 2518 1608 2550 beatam
1629 2518 1736 2550 conli-

968 2564 1120 2596 ciendam
1144 2564 1322 2607 negabant.
1368 2595 1371 2598 ,
1538 2601 1543 2604 ,

1031 2614 1060 2641 et
1085 2612 1150 2641 vila
1178 2612 1277 2650 igilur
1296 2629 1341 2633 —
1363 2613 1392 2641 et
1419 2610 1545 2641 honesta
1571 2610 1660 2652 ergo]
1697 2612 1736 2642 Et

962 2656 1060 2694 igitur
1083 2672 1128 2678 -
1150 2658 1177 2686 et
1199 2665 1272 2695 er90
1292 2653 1404 2686 durius
1428 2653 1491 2685 sibi
1514 2653 1657 2686 invicem
1677 2667 1736 2687 re—

962 2699 1140 2742 spondent.
1186 2699 1296 2731 Affert
1327 2699 1416 2731 hunc
1449 2698 1561 2731 locum
1587 2701 1736 2734 Handius

959 2744 995 2776 in
1014 2744 1155 2777 Tursell.
1177 2745 1218 2776 ΙΙ.
1239 2755 1272 2787 p.
1284 2743 1372 2783 506,
1391 2742 1424 2777 3.

1037 2787 1092 2823 48.
1124 2790 1260 2834 Etenim]
1292 2791 1331 2821 Et
1356 2795 1448 2821 recte
1475 2788 1525 2822 sic
1555 2790 1733 2823 concludi-

959 2841 1030 2873 [πη
1066 2834 1145 2867 satis
1167 2837 1249 2867 enim
1272 2834 1442 2878 cognitum
1466 2841 1517 2867 est
1541 2836 1731 2879 superiori·
1787 2869 1793 2873 ,

954 2881 1014 2913 bus
1035 2879 1316 2924 disputationibus
1328 2905 1336 2919 ‚
1366 2880 1553 2924 sapientem
1573 2881 1616 2914 ab
1636 2882 1729 2914 omni
1785 2883 1790 2888 ’

1684 2928 1726 2960 V.

153 2961 213 3006 16,
231 2965 273 2999 52
285 2978 334 3011 sq.
381 2972 496 3026 Stoicid
509 2973 616 3014 enim,
651 2973 699 3005 uti
720 2972 785 3006 iam
813 2984 913 3016 supra
950 2971 1188 3005 Adnot.in1V.
1206 2970 1256 3011 17,
1275 2968 1331 3005 40.
1355 2971 1407 3004 De
1421 2983 1458 3004 re
1471 2971 1544 3016 ipsa
1562 2971 1608 3005 cf.
1623 2983 1652 3005 c.
1667 2971 1720 3006 15.
