1811 3069
150 45 205 87 58

149 134 292 175 ceteris
320 133 427 175 humi
458 133 697 175 retineretur
723 139 762 174 et
783 134 1034 188 permaneret
1060 140 1208 176 tamen.

655 53 822 86 LIBER
846 54 872 86 Ι.
898 51 958 93 12,
982 50 1040 87 28.
1075 51 1138 95 13,
1161 52 1219 87 29.

1269 139 1342 176 28.
1375 132 1445 176 Ex
1474 134 1549 176 hoc
1580 141 1621 177 et
1656 149 1727 176 no-

149 215 320 250 strorum
352 207 536 264 opinione

475 283 653 322 [famulus
683 281 721 321 ln
752 284 855 322 eaelo
884 297 966 323 cum
996 284 1054 323 dis
1083 287 1167 336 agit
1196 284 1336 338 deuom,

148 365 190 398 ul
215 357 342 406 famae
364 355 586 397 assentiens
608 354 707 396 dixit
731 354 911 409 Ennius,
946 365 985 398 et
1009 359 1109 413 apud
1133 356 1311 399 Graecos
1332 357 1499 413 indeque
1523 356 1726 412 perlapsus

147 432 195 473 ad
219 445 292 472 nos
320 437 359 471 et
384 442 506 483 usque
530 429 575 469 ad
601 427 803 471 Oceanum
830 430 1022 473 Hercules
1056 439 1186 473 tantus
1216 439 1256 473 et
1281 438 1358 473 tam
1385 445 1574 487 praesens
1606 430 1727 472 habe-

146 513 209 546 tur
249 506 360 545 deus.
434 502 537 544 Hine
571 501 695 545 Liber
730 502 889 546 Semela
925 514 1038 547 natus
1080 508 1293 562 eademque
1336 506 1464 547 famae
1485 505 1726 547 ‘celebritate

147 578 400 635 Tyndaridae
428 579 597 629 fratres,
631 578 696 633 qui
725 594 804 620 non
829 580 943 621 modo
966 580 1165 631 adiutores
1187 582 1226 623 in
1254 581 1413 637 proeliis
1434 580 1627 623 victoriae
1655 593 1724 635 po-

144 654 222 710 puli
246 653 435 704 Romani,
462 653 531 693 sed
550 652 666 694 eliam
691 654 815 707 nuxntii
841 654 961 695 fuisse
983 655 1251 710 perhibentur.
1300 654 1431 710 Quid?
1468 653 1558 708 Ino,
1586 651 1726 696 Cadmi

143 728 221 769 filia
235 760 246 779 ,
279 742 410 770 nonne
427 726 643 768 Λευκοθέα
661 728 861 769 nominata
882 743 904 769 a
927 728 1092 771 Graecis
1106 762 1116 781 ‚
1149 729 1304 772 Matuta
1326 730 1492 771 habetur
1508 743 1531 770 a
1551 727 1725 770 nostris?

144 800 278 856 Quid?
309 810 431 844 totum
456 816 574 858 prope
604 802 778 853 caelum,
813 817 862 844 ne
885 803 1016 858 plures
1044 818 1281 860 persequar,
1315 819 1446 846 nonne
1468 804 1638 846 humano
1656 815 1724 858 ge-

143 890 238 918 nere
270 877 500 932 oompletum
533 877 622 917 est?

255 949 376 991 XIII.

141 1046 267 1079 tentiae
290 1046 386 1079 huius
408 1046 474 1079 loci
499 1046 710 1079 clarissimam
734 1046 841 1078 lucem
863 1046 914 1078 af·
951 1060 1023 1080 cum
1045 1051 1224 1089 celebritas,
1247 1051 1380 1090 celeber,
1405 1051 1519 1082 celebro
1541 1060 1573 1081 v.
1595 1047 1721 1080 Adnot.

439 958 507 992 29.
544 949 587 992 Si
612 965 709 993 vero
735 951 903 992 scrutari
926 958 1063 993 velera
1094 960 1134 993 ct
1161 966 1213 994 ex
1237 952 1286 993 iis
1317 966 1386 1004 ea,
1433 966 1533 1008 quae
1555 951 1722 1006 scripto-

142 1092 254 1124 fundit
284 1093 523 1135 pulcherrimus
556 1093 611 1135 qui
638 1100 687 1124 est
719 1092 752 1124 in
777 1093 913 1125 Somnio

141 1138 307 1181 Scipionis
344 1138 399 1182 (de
421 1138 503 1181 Rep.
529 1139 593 1177 Vl,
619 1137 674 1171 26.
701 1139 800 1179 extr.)
829 1150 914 1170 con—

142 1184 290 1227 signatus
304 1185 406 1223 loeus,
434 1184 488 1216 ubi
504 1184 620 1216 Cicero
641 1191 822 1227 praeeunte
835 1184 913 1215 Pla-

141 1236 224 1262 tone
255 1230 287 1262 in
321 1229 498 1262 Phaedone
530 1229 578 1261 sic
616 1229 782 1272 loquitur:
827 1230 913 1261 Nam

142 1287 257 1307 eorum
278 1275 399 1314 animi,
429 1275 483 1318 qui
504 1287 538 1305 sc
559 1275 706 1317 corporis
726 1274 913 1317 voluptati-

142 1321 201 1352 bus
223 1320 442 1358 dediderunt,
478 1332 655 1363 earumque
675 1332 709 1351 se
733 1319 825 1363 quasi
847 1320 914 1351 mi—

141 1365 264 1398 nistros
288 1366 531 1409 praebuerunt,
566 1365 774 1408 impulsuque
798 1365 914 1397 libidi-

126 1423 220 1443 ‘num
254 1411 480 1455 voluptatibus
514 1410 740 1443 obedientium
776 1411 914 1443 deorum

141 1463 176 1488 et
192 1457 363 1489 hominum
384 1457 454 1488 iura
474 1456 691 1495 violaverunt,
718 1457 912 1499 corporibus

141 1502 245 1546 elapsi
271 1503 393 1536 circum
424 1509 547 1534 terram
577 1502 681 1545 ipsam
707 1502 911 1539 volutantur,

141 1560 203 1580 nec
225 1549 313 1581 hunc
336 1549 369 1580 iu
390 1548 511 1587 locum,
536 1547 598 1580 nisi
621 1547 731 1579 multis
757 1548 913 1590 exagitati

140 1594 257 1626 saeclis
272 1620 279 1630 ,
321 1601 542 1626 revertuntur.
604 1594 654 1625 De
691 1593 913 1626 collocatione

141 1640 292 1672 vocabuli
310 1644 413 1672 lamen
435 1640 479 1672 cf.
492 1640 533 1671 V.
547 1638 603 1678 33,
617 1638 679 1672 95:
706 1639 749 1671 ad
769 1639 913 1671 animum

142 1685 259 1718 referri
283 1690 398 1718 lamen.

208 1732 265 1765 28.
290 1734 339 1764 Ex
361 1733 416 1763 hoc
438 1734 466 1762 el
490 1732 568 1771 eto]
594 1729 682 1762 Hinc
704 1730 830 1762 factum
851 1736 911 1767 est,

142 1782 179 1808 ut
209 1781 237 1809 et
266 1783 458 1809 nostrorum
498 1775 656 1819 opinione
686 1795 730 1800 -—
762 1781 789 1808 et
824 1775 913 1820 apud

143 1822 288 1855 Graecos
312 1829 374 1854 etc.

208 1869 373 1909 Romulus]
397 1867 493 1899 Ennii
509 1879 630 1905 versus,
651 1866 700 1899 uti
718 1866 821 1898 tradit
832 1868 912 1899 Ser—

142 1913 212 1945 vius
233 1913 275 1944 ad
298 1917 380 1944 Aen.
403 1914 466 1953 VI,
492 1911 590 1951 764„
615 1913 661 1945 ita
686 1914 913 1945 conformatus

143 1965 235 1990 erat:
271 1958 453 1998 „Romulus
478 1958 511 1989 iu
538 1958 638 1991 Caelo
667 1971 740 1991 cum
764 1959 834 1990 Diis
860 1969 914 2000 ye-

141 2006 291 2037 nilalibus
314 2015 431 2035 aevum
456 2003 591 2045 Degitf‘

209 2051 376 2089 perlapsus
406 2050 449 2080 ad
473 2050 542 2090 nos]
581 2050 616 2079 ln
648 2048 764 2091 vulgus
796 2055 914 2081 notum

144 2100 196 2126 est
225 2106 243 2126 e
266 2093 406 2136 Virgilio
439 2100 473 2125 et
500 2094 619 2125 Ovidio
652 2094 804 2125 Herculis
841 2106 914 2126 cum

144 2140 231 2172 Caco
254 2146 432 2171 certamen.
473 2141 631 2171 Oceanum
649 2139 807 2182 intelligit
825 2152 915 2171 mare

144 2185 369 2223 Atlanticum,
397 2184 544 2217 Gadibus
566 2184 654 2216 enim
668 2185 828 2216 Hercules
853 2197 914 2217 co-

144 2230 285 2263 lebatur.

208 2286 355 2317 praesens
375 2295 420 2299 —
440 2277 529 2317 deus]
555 2274 610 2306 Dii
630 2275 796 2307 veteribus
816 2287 915 2319 saepe

144 2321 299 2354 dicuntur
319 2325 516 2362 praesentes,
547 2328 664 2363 utpote
690 2321 744 2364 qui
767 2332 915 2361 praesen-

143 2370 188 2400 tia
210 2378 267 2399 sua
288 2379 406 2398 numen
431 2379 525 2398 suum
547 2366 738 2405 declarent3
767 2366 845 2398 hinc
868 2367 915 2398 ita

144 2413 300 2445 (licuntur
320 2412 366 2444 dii
388 2412 545 2455 propitii,
571 2412 733 2451 faventes,
758 2412 914 2444 auxilium

144 2457 412 2502 potentissimum
452 2464 486 2489 et
522 2457 785 2490 efficacissimum
827 2457 914 2490 affe-

145 2511 267 2536 rentes.

214 2550 351 2594 Semela]
377 2549 485 2592 Vulgo
509 2550 626 2581 Semele
649 2559 767 2590 graeca
796 2548 914 2581 termi-

144 2595 299 2633 natione,
337 2607 420 2639 quae
454 2600 610 2637 augustea
644 2594 775 2626 demum
805 2601 915 2626 aetate

145 2641 234 2684 apud
247 2640 376 2673 solutae
397 2639 555 2673 orationis
577 2639 755 2682 scriptores
774 2640 806 2670 in
826 2651 916 2671 com-

146 2698 279 2718 munem
301 2699 394 2718 usum
414 2686 526 2718 venire
548 2685 668 2729 coepit.
714 2687 754 2717 V.
780 2687 916 2718 Killmer.

148 2732 206 2764 Gr.
230 2733 269 2763 L.
295 2733 323 2775 55.
340 2730 389 2765 14.
414 2732 496 2764 Not.
514 2730 542 2764 1.
568 2729 660 2773 p.⁴23
691 2731 742 2762 ed.
761 2730 794 2762 2.

217 2779 322 2818 famae
338 2778 525 2819 celebritate]
548 2777 601 2809 Sic
621 2787 683 2819 pro
698 2776 796 2809 Arch.
808 2778 865 2814 ΙΙΙ,
880 2777 917 2808 5:

147 2820 210 2852 hac
241 2828 335 2854 tanta
368 2826 537 2856 celebritate
571 2825 676 2864 famae
704 2833 804 2866 quum
832 2828 919 2854 esset

150 2864 215 2896 iam
235 2867 424 2900 absentibus
447 2875 559 2901 notus.
592 2867 666 2902 Liv.
688 2868 834 2908 XXVII,
853 2866 915 2901 33:

150 2911 329 2952 famamque
360 2914 446 2945 inter
477 2914 637 2947 barbaros
665 2916 810 2947 celebrem
835 2924 917 2952 esse,

152 2955 339 2999 Philippum
362 2958 515 2992 occisum.
570 2961 622 2993 De
642 2958 779 3005 propria
800 2958 833 2992 vi
854 2970 919 2991 vo-

951 1094 985 1125 iu
1014 1095 1055 1126 V.
1080 1095 1101 1128 3
1147 1095 1179 1128 9.

1015 1150 1078 1172 non
1099 1120 1192 1172 riioclo
1215 1140 1388 1185 adiutores]
1414 1141 1457 1173 N.
1480 1141 1521 1172 D.
1546 1139 1587 1173 Π.
1610 1138 1652 1179 2,
1677 1136 1718 1171 6:

947 1186 1169 1228 praesentiam
1195 1197 1297 1228 saepe
1321 1185 1388 1218 divi
1415 1198 1507 1218 suam
1537 1184 1719 1224 declarant,

949 1237 985 1262 ut
1009 1238 1043 1263 et
1075 1231 1163 1274 apud
1187 1231 1352 1273 Regillum
1384 1231 1474 1264 bello
1508 1231 1717 1270 Latinorum,

948 1287 1047 1319 quum
1073 1280 1109 1308 Α.
1133 1276 1319 1308 Postumius
1351 1276 1497 1309 dictator
1519 1288 1592 1309 cum
1615 1277 1719 1308 Octa-

948 1322 1003 1353 vio
1028 1322 1177 1354 Mamilio
1197 1322 1386 1355 Tusculano
1417 1322 1546 1366 proelio
1577 1321 1720 1354 dimica-

948 1374 1020 1407 ret,
1054 1368 1087 1399 in
1112 1374 1226 1399 nostra
1261 1368 1330 1400 acie
1355 1370 1465 1401 Castor
1486 1374 1520 1400 et
1539 1370 1655 1400 Pollux
1679 1377 1720 1399 ex

949 1413 1040 1456 equis
1073 1425 1221 1456 pugnare
1244 1414 1305 1445 visi
1338 1420 1435 1452 sunt3
1473 1421 1506 1446 et
1529 1411 1717 1446 recentiore

947 1460 1112 1498 memoria
1126 1459 1226 1491 iidem
1242 1461 1443 1499 Tyndaridae
1454 1460 1575 1492 Persen
1597 1458 1721 1494 victum

948 1505 1184 1536 nuntiaverunt
1208 1511 1286 1537 cett.
1335 1506 1385 1537 De
1418 1504 1542 1549 duplici
1569 1503 1719 1548 genitivo

945 1553 1093 1583 victoriae
1111 1552 1218 1591 populi
1234 1553 1270 1583 R.
1292 1562 1332 1582 ex
1351 1563 1381 1584 v.
1401 1553 1560 1584 adiutores
1578 1561 1720 1594 suspen—-

949 1607 985 1627 so
1007 1608 1037 1627 v.
1057 1596 1181 1628 Adnot.
1205 1595 1237 1627 iu
1263 1598 1302 1630 ll.
1325 1596 1375 1635 15,
1399 1597 1453 1629 35.
1500 1597 1625 1630 Verte:
1652 1598 1721 1629 Sie-

946 1643 1142 1682 9esqelzillsen
1164 1643 1219 1674 des
1240 1644 1276 1674 R.
1302 1644 1430 1682 Volhes,
1466 1641 1612 1675 sondern
1635 1641 1720 1674 auch

950 1686 1178 1729 Siegesboten.

1016 1735 1069 1765 Ino
1086 1753 1126 1756 —
1144 1734 1280 1774 Malata]
1303 1732 1496 1765 Sententia:
1517 1743 1632 1765 nonne
1644 1733 1716 1772 Ino,

950 1777 1064 1810 Cadmi
1087 1777 1150 1809 filia
1165 1803 1172 1815 ‚
1198 1778 1310 1810 divino
1335 1778 1463 1810 honore
1486 1777 1636 1810 fruitur?

1017 1824 1095 1855 Ου’.
1111 1825 1204 1855 XIII.
1229 1822 1285 1856 29.
1323 1825 1358 1855 Si
1375 1842 1421 1848 —
1440 1834 1545 1856 eruere
1565 1833 1658 1856 coner
1672 1842 1718 1848 ——-

945 1869 1151 1913 reperientur]
1177 1870 1217 1900 V.
1241 1881 1302 1902 nos
1322 1869 1354 1900 in
1371 1870 1516 1901 Gramm.
1535 1871 1575 1901 L.
1598 1870 1627 1913 (j.
1643 1866 1717 1908 154,

947 1914 979 1948 3.
1015 1915 1066 1946 Cf.
1093 1915 1158 1946 Off.
1181 1916 1240 1946 ΙΙΙ.
1261 1916 1293 1953 ὃ,
1316 1915 1380 1948 25:
1408 1915 1459 1947 cui
1485 1915 1576 1958 (legi)
1598 1925 1719 1958 parere

948 1960 1004 2004 qui
1020 1963 1103 2000 velit,
1126 1980 1171 1984 —a
1193 1972 1360 2004 nunquam
1378 1963 1554 2001 committet,
1578 1967 1614 1992 ut
1630 1959 1717 1992 alie-

948 2018 1027 2038 num
1051 2012 1198 2049 appetat.

1015 2055 1173 2084 maiorum
1195 2053 1332 2093 yemium
1356 2052 1402 2083 dii
1431 2053 1499 2094 qui]
1536 2050 1591 2083 Sic
1611 2050 1716 2083 Acad.

950 2099 990 2128 Π.
1010 2095 1063 2130 41.
1082 2098 1154 2130 init.
1172 2110 1178 2129 :
1205 2097 1408 2137 „Cleanthes
1421 2122 1428 2136 ‚
1454 2097 1510 2141 qui
1532 2096 1624 2140 quasi
1643 2108 1718 2128 ma-

949 2143 1056 2174 iorum
1076 2150 1126 2174 est
1150 2143 1297 2185 gent‘ium
1321 2142 1485 2175 Stoicus.“
1534 2143 1609 2175 Hoc
1630 2142 1718 2175 deo—

950 2200 1021 2219 rum
1055 2200 1177 2220 nornen
1210 2200 1228 2220 a
1254 2188 1402 2231 patriciis
1426 2188 1623 2221 translatum
1654 2194 1716 2220 est.

950 2233 1090 2264 Constat
1122 2234 1227 2271 enim,
1263 2241 1433 2265 senatores
1465 2234 1539 2266 illos
1572 2240 1716 2275 centum,

950 2290 1031 2321 quos
1053 2278 1135 2320 legit
1158 2278 1326 2315 Romulus,
1351 2279 1536 2321 appellatos
1556 2291 1627 2311 esse
1647 2290 1718 2311 ma-

948 2327 1051 2355 iorum
1075 2327 1234 2364 qenlium,·
1259 2330 1391 2355 centum
1415 2323 1510 2366 illos,
1535 2336 1617 2367 quos
1636 2324 1719 2368 legit

949 2369 1147 2411 Tarquinius
1182 2369 1328 2409 Priscus,
1372 2371 1530 2402 minorum
1568 2373 1718 2411 yenlium.

949 2414 1181 2457 Intelliguntur
1193 2414 1224 2446 h.
1239 2414 1261 2445 l.
1293 2417 1345 2446 Dii
1363 2417 1526 2447 Consentes
1539 2415 1629 2459 apud
1646 2417 1717 2447 En-

947 2460 1053 2492 nium:
1080 2463 1167 2499 Iuno,
1193 2462 1293 2501 Vesla,
1318 2463 1480 2501 Minerva,
1506 2462 1617 2501 Ceres,
1639 2463 1719 2494 Dia-

946 2516 1001 2546 na,
1028 2508 1139 2545 Venus,
1163 2508 1260 2545 Mars,
1286 2505 1298 2549 ΙΙ
1327 2508 1511 2548 Mercurius,
1532 2509 1630 2549 Iovi),
1653 2509 1718 2540 Ne·-

945 2555 1063 2591 plunas
1075 2576 1083 2591 ,
1113 2553 1285 2593 Volcanus,
1307 2554 1428 2592 Apollo.

1019 2598 1159 2636 Quaere,
1193 2607 1325 2636 quorum·
1352 2599 1605 2630 demonstrantur
1634 2607 1661 2630 s.
1695 2599 1718 2630 i.

951 2644 1010 2682 G.;
1040 2645 1254 2683 reminiscere,
1287 2653 1317 2683 q.
1341 2653 1365 2674 e.
1387 2645 1429 2682 i.,
1454 2653 1533 2683 quae
1549 2645 1719 2676 tradantur
1743 2673 1746 2677 ,

951 2688 1008 2729 rm]
1044 2689 1185 2726 Quaere,
1225 2698 1356 2727 quorum
1389 2689 1642 2720 demonslranlur
1669 2698 1718 2720 se-

950 2734 1082 2773 pulchra
1113 2732 1237 2763 dictum
1277 2739 1327 2764 est
1360 2744 1442 2776 pro:
1488 2745 1609 2776 quaere
1645 2744 1714 2771 eos,

953 2789 1092 2821 quorum
1114 2777 1385 2810 demonstrantur
1406 2779 1568 2820 sepulcra.
1613 2779 1654 2811 V.
1672 2778 1716 2812 ad

952 2824 994 2854 V.
1014 2821 1077 2860 41,
1106 2822 1179 2856 121.
1228 2822 1328 2863 Quod
1359 2829 1469 2855 autem
1496 2823 1608 2867 paullo
1637 2829 1717 2868 post

952 2879 1020 2900 non
1051 2868 1150 2900 dixit:
1191 2871 1408 2911 reminiscere,
1441 2879 1521 2910 quae
1548 2871 1720 2903 traduntur

952 2916 1108 2954 mysteriis
1130 2913 1164 2957 (i.
1183 2925 1211 2947 e.
1233 2925 1316 2947 rem.
1338 2926 1386 2956 ea,
1414 2926 1498 2959 quae
1513 2914 1725 2958 traduntur),

952 2959 1012 2993 sed
1034 2959 1167 3004 obliqua
1191 2960 1343 2993 oratione
1372 2972 1448 2993 usus
1471 2967 1542 3003 est3
1575 2960 1612 2994 id
1639 2960 1716 2994 ideo
