1859 3149
10 2028 15 2032 ·
79 2007 163 2042 nihil
193 2007 324 2043 dicam3
361 2015 438 2038 nam
470 2003 540 2036 eius
575 2009 650 2035 tota
675 2001 785 2046 poesis
811 2007 861 2032 est

1595 21 1681 66 263

77 126 283 184 quisquam
304 129 410 165 amat
430 133 559 176 neque
587 120 804 161 formosum
830 117 995 159 senem?
1052 112 1155 156 Mihi
1177 112 1334 169 quidem
1361 112 1459 153 haec
1481 113 1521 153 in
1548 112 1675 155 Grae-

77 216 216 244 corum
237 197 456 255 gymnasiis
475 202 568 236 nata
593 193 840 235 consuetudo
859 192 1018 234 videtur
1032 223 1043 242 ,
1078 190 1116 231 in
1139 188 1279 244 quibus
1301 187 1367 229 isti
1383 187 1496 229 liberi
1521 195 1560 228 et
1582 203 1676 230 cou-

76 276 182 320 cessi
213 281 306 318 sunt
335 284 508 315 amores.
570 267 683 312 Bene
715 283 812 324 ergo
844 266 1023 308 Ennius:

153 352 311 403 Flckgitz'
329 349 567 401 principium
598 353 655 385 est
684 346 832 384 nudare
862 346 967 382 intet·
997 344 1096 380 cives
1126 342 1303 392 cdl-pora.

78 425 160 482 Qui
183 432 227 485 ut
249 423 354 474 sint,
398 421 500 476 quod
533 419 617 461 fieri
645 432 764 476 posse
790 417 931 466 video,
967 415 1120 472 pudici3
1161 413 1319 455 solliciti
1344 420 1476 454 tamen
1499 419 1540 453 et
1563 411 1673 453 anxii

77 485 193 552 sunt,
227 511 354 554 eoque
378 495 504 550 magis
520 527 531 547 ,
566 494 668 550 quod
693 507 736 535 se
757 492 829 549 ipsi
859 491 1065 533 continent
1086 497 1126 530 et
1150 494 1355 530 co'e'rcent.
1419 493 1489 530 71.
1523 487 1673 542 Atque,

75 584 120 619 ut
142 574 357 618 muliebres
381 585 539 614 amores
563 569 764 620 omittam,
808 567 948 623 quibus
970 566 1162 607 maiorem
1188 563 1387 606 licentiam
1416 569 1558 604 natura
1582 576 1677 603 con-

78 652 223 703 cessit,
275 649 362 705 quis
394 655 463 690 aut
500 647 549 689 de
582 643 806 701 Ganymedi
835 649 949 699 raptu
987 640 1161 691 dubitat,
1218 639 1309 694 quid
1349 643 1489 693 poetae
1525 637 1676 679 velint?

21 776 23 780 ¹
76 734 144 770 aut
166 741 243 768 non
268 723 482 779 intelligit,
527 721 619 778 quid
642 719 743 779 apud
772 717 1002 775 Euripidem
1039 723 1079 756 et
1098 716 1283 770 loquatur
1307 720 1345 754 et
1369 713 1502 768 cupiat
1525 710 1676 753 Laius?

76 801 166 858 quid
192 799 361 855 denique
383 798 564 840 homines
590 794 807 837 doctissimi
839 801 878 834 et
902 791 1044 833 summi
1070 795 1211 846 poetae
1235 789 1283 830 de
1321 802 1365 830 sc
1391 787 1488 844 ipsis
1524 795 1564 828 et
1589 801 1675 828 car-

75 876 247 919 minibus
274 874 394 916 edant
421 880 463 914 et
496 870 706 914 cantibus?
767 867 903 910 Fortis
937 867 1000 909 vir
1039 867 1079 907 iu
1113 880 1183 907 sua
1216 879 1260 906 re
1289 863 1443 920 publica
1474 862 1673 917 cognitus,

73 965 174 1008 quae
203 951 253 992 de
287 950 476 991 iuvenum
508 960 644 988 amore
678 944 816 986 scribit
848 943 1051 985 Alcaeus?
1094 956 1186 983 nam
1215 938 1486 981 Anacreontis
1521 937 1676 992 quidem

678 1019 860 1061 Maxime
880 1031 978 1059 vero
998 1016 1172 1058 omnium
1192 1016 1382 1071 flagrasse
1408 1026 1543 1055 amore
1568 1011 1676 1053 Rhe-

579 37 751 72 LIBER
774 37 832 71 IV.
858 34 925 76 33,
951 33 1007 68 71.
1031 31 1096 73 34,
1122 30 1178 65 72.

75 1034 159 1070 tota
175 1025 308 1082 po'esis
327 1030 389 1065 cst
407 1022 615 1063 amatoria.

74 1103 210 1158 ginum
238 1098 430 1156 Ibycum,
463 1103 629 1154 apparet
660 1110 715 1137 ex
745 1094 920 1150 scriptis.

184 1171 397 1217 XXXIV.
461 1172 594 1227 Atque
628 1171 768 1212 horum
800 1168 973 1210 omnium
996 1166 1231 1208 libidinosos
1261 1178 1350 1206 esse
1381 1176 1540 1204 amores
1566 1162 1675 1203 vide-

73 1266 178 1295 muS.
239 1247 471 1304 Philosophi
499 1237 636 1288 sumus
664 1244 824 1295 exorti,
875 1245 934 1299 (et
956 1249 1119 1284 auctore
1144 1240 1299 1296 quidem
1327 1245 1465 1280 nostro
1486 1235 1672 1288 Platone,

75 1341 194 1381 quem·
228 1339 308 1367 non
339 1323 485 1366 iniuria
509 1320 784 1364 Dicaearchus
812 1319 1010 1368 accusat,)
1044 1317 1107 1372 qui
1144 1316 1269 1356 amori
1295 1314 1572 1355 auctoritatem
1606 1311 1675 1353 tri-

71 1403 301 1446 bueremus.
364 1404 434 1442 72.
469 1396 595 1440 Stoici
620 1410 718 1438 vero
754 1402 793 1436 et
817 1394 1037 1449 sapientem
1063 1398 1284 1433 amaturum
1320 1403 1412 1431 esse
1443 1389 1602 1438 dicunt,
1635 1394 1676 1428 et

71 1491 248 1521 amorem
278 1475 407 1531 ipsum
440 1480 626 1515 conatum
658 1470 855 1512 amicitiae
882 1469 1086 1510 faciendae
1123 1481 1178 1508 cx
1205 1464 1505 1522 pulchritudinis
1540 1462 1673 1519 specie

74 1552 280 1596 definiunt.
327 1549 407 1605 Qui
431 1550 464 1591 si
488 1549 574 1605 quis
600 1554 663 1589 est
684 1546 724 1588 in
748 1559 880 1588 rerum
906 1551 1046 1586 natura
1073 1542 1160 1584 sine
1183 1540 1464 1590 sollicitudine,
1499 1538 1586 1579 sine
1607 1538 1676 1578 de-

72 1627 238 1678 siderio,
270 1626 359 1668 sine
383 1639 494 1677 cura,
527 1624 614 1665 sine
639 1621 827 1678 suspirio,
861 1621 914 1662 sit
935 1633 1056 1670 sane3
1089 1624 1206 1658 vacat
1230 1616 1333 1658 enim
1356 1614 1462 1656 omni
1487 1612 1672 1664 libidine3

73 1703 173 1747 haec
198 1708 328 1743 antem
355 1700 402 1742 de
423 1699 585 1741 libidine
605 1697 733 1739 oratio
752 1703 821 1738 est
894 1692 967 1737 Sin
990 1701 1121 1735 autem
1144 1699 1205 1733 est
1227 1690 1367 1745 aliquis
1388 1702 1515 1739 amor,
1549 1694 1592 1728 ut
1614 1694 1677 1728 est

76 1785 202 1829 certe,
227 1775 293 1832 qui
311 1775 407 1817 nihil
422 1774 526 1816 absit
542 1781 609 1814 aut
626 1787 704 1814 non
727 1771 888 1812 multum
911 1770 958 1811 ab
979 1769 1152 1819 insania,
1174 1766 1299 1821 qualis
1316 1765 1356 1805 in
1370 1763 1573 1805 Leucadia
1591 1768 1672 1803 est:

261 1867 363 1902 Laius
401 1865 489 1898 enim
504 1891 512 1905 ,
557 1877 618 1897 rex
653 1863 858 1902 Thebarum,
894 1861 982 1893 enim
1001 1859 1170 1894 dicebaut,
1195 1857 1382 1901 sapientem
1397 1862 1584 1887 amaturum
1604 1864 1676 1885 esse

896 1905 1070 1939 erectioris
1095 1903 1218 1937 indolis
1244 1902 1497 1939 adolescentes,
1525 1899 1581 1945 qui
1605 1899 1675 1943 apti

897 1960 930 1985 et
954 1951 1069 1985 idonei
1098 1956 1209 1983 essent
1231 1948 1273 1981 ad
1294 1947 1545 1992 percipiendam
1567 1945 1676 1978 virtu-

897 2007 976 2031 tem.
1026 1997 1172 2030 Omnino
1192 1994 1377 2028 tenendum
1410 2001 1481 2032 est,
1516 1993 1550 2025 in
1577 2003 1677 2036 grae-

897 2056 1008 2078 corum
1032 2042 1314 2088 philosophorum
1343 2039 1527 2083 disciplinis
1557 2037 1676 2071 amici-

895 2093 976 2124 tiam
1014 2090 1200 2134 principem
1232 2088 1342 2120 locum
1378 2086 1540 2119 obtinere.
1590 2084 1680 2117 Hine

899 2149 1031 2183 quoqne
1053 2136 1182 2168 factum
1202 2141 1263 2166 est.
1290 2141 1326 2166 ut
1348 2133 1478 2165 divinus
1493 2132 1589 2164 Plato
1613 2141 1678 2174 pu—

77 1881 321 1960 gffidsppum,
347 1912 481 1956 Pelopis
505 1911 629 1950 filium,
657 1909 802 1942 amabat.

145 1972 223 1996 num
236 1958 456 2002 Anacreontis]
478 1958 522 1990 H.
536 1969 564 1989 e.
589 1956 631 1988 de
645 1960 860 1988 Anacreonte

79 2053 252 2088 amatoria.
299 2052 342 2083 V.
363 2049 408 2083 ad
431 2050 456 2082 Ι.
473 2050 515 2088 (i,
542 2049 593 2082 ll.

154 2099 233 2132 cip.
246 2097 413 2130 XXXIV.
459 2098 557 2136 Atque
587 2093 714 2138 horum]
751 2094 802 2125 De
828 2105 860 2124 v.

83 2151 177 2187 utque
193 2142 404 2178 adversativa
418 2141 451 2174 vi
467 2141 578 2185 posito
601 2153 631 2172 v.
648 2139 692 2172 ad
708 2140 765 2171 111.
779 2140 812 2178 ζ’,
828 2136 860 2172 4.

165 2191 324 2233 Platone]
367 2189 464 2221 Plato
507 2186 675 2231 duplicem
715 2185 864 2230 ponebat

84 2248 255 2275 amorem,
289 2235 433 2269 alterum
455 2233 624 2277 vulgarem
638 2259 646 2270 ‚
672 2243 770 2277 quem
792 2232 863 2275 ipse

84 2283 280 2322 reiiciebat,
314 2281 456 2314 alterum
486 2287 639 2312 sanctum
668 2291 708 2311 ac
732 2289 864 2322 purum,

86 2329 144 2376 qui
157 2342 177 2363 a
189 2329 406 2374 pulchrorum
419 2338 598 2370 corporum
615 2325 760 2358 virilium
780 2336 866 2357 con—

85 2375 308 2420 templatione
326 2373 501 2418 profectus
521 2371 564 2405 ad
581 2370 865 2416 pulchritudinem

83 2422 190 2457 animi
203 2419 434 2454 adscenderet.
470 2420 612 2463 Egregie
628 2430 668 2451 ac
689 2417 788 2462 plane
809 2416 866 2448 di-

86 2469 164 2503 vine
182 2468 240 2501 hic
258 2466 301 2500 de
322 2477 437 2499 amore
459 2465 552 2498 locus
571 2471 796 2508 pertractatus
816 2469 867 2495 est

19 2511 24 2514 ’
87 2515 264 2549 aPlatone
282 2512 317 2545 in
341 2523 444 2544 aureo
462 2511 522 2545 illo
546 2511 674 2550 libello,
697 2509 754 2554 qui
764 2511 867 2552 Sym-

87 2561 221 2606 posium
255 2558 460 2592 inscribitur.
518 2559 627 2601 Saepe
664 2567 747 2589 vero
783 2555 868 2588 haec

90 2605 242 2640 Platonis
276 2604 431 2638 doctrina
444 2628 452 2643 ‚
491 2614 651 2647 perverse
684 2602 866 2641 intellecta,

90 2652 125 2687 iu
148 2652 272 2686 malam
294 2658 428 2696 partem
448 2649 584 2683 detorta
608 2655 670 2682 est.

158 2698 215 2734 72.
247 2700 421 2740 sapientem
450 2701 636 2729 amaturum
659 2705 723 2728 esse
743 2695 867 2737 dicunt]

92 2745 135 2777 V.
155 2744 257 2788 Diog-
281 2744 401 2777 Laert.
417 2743 494 2775 VII.
518 2744 602 2776 129:
633 2740 694 2775 καὶ
715 2736 872 2784 {eadbri-

97 2789 222 2843 σςσξὲαι
231 2788 274 2825 δὲ
288 2788 347 2825 τὸν
365 2787 471 2834 σοφὸν
485 2788 553 2823 τῶν
569 2787 652 2822 νέων
665 2787 733 2821 τῶν
748 2786 872 2830 ἐμφαι-

95 2846 218 2869 νοντων
247 2833 307 2871 διὰ
327 2835 388 2870 τοῦ
410 2835 522 2874 εἴδους
552 2832 614 2877 τήν
637 2831 722 2876 πρὸς
747 2830 873 2874 ἀρετ-ἠν

98 2876 252 2923 εὗφυῖαν,
277 2877 326 2919 ὥς
344 2892 434 2925 φησι
445 2879 567 2924 Ζήνων
589 2879 624 2914 ἐν
645 2879 689 2924 τῇ
710 2877 874 2922 Πολιτείᾳ

97 2923 159 2959 καὶ
177 2923 379 2968 Χρύσιππος
401 2926 436 2961 ἐν
460 2927 511 2971 τῷ
534 2923 663 2968 πρώτῳ
692 2923 772 2966 περὶ
793 2922 875 2973 βίω-ς

898 2197 970 2218 rum
1005 2195 1044 2216 ac
1076 2189 1228 2215 SflnCtum
1250 2191 1432 2224 puerorum
1465 2189 1614 2210 amorem
1644 2188 1676 2207 ln

898 2229 1031 2274 scriptis
1047 2229 1114 2261 suis
1129 2227 1269 2260 mirifice
1283 2226 1539 2270 amplexaretur.
1575 2222 1678 2255 Stoici

900 2288 1049 2310 amorem
1077 2275 1124 2307 ita
1149 2273 1374 2310 definiebant,
1412 2278 1449 2304 ut
1473 2282 1569 2303 amor
1593 2276 1680 2302 esset

900 2322 1047 2356 studium
1077 2320 1262 2358 amicitiae3
1301 2319 1368 2351 hoc
1391 2324 1502 2350 autem
1533 2315 1680 2348 studium

902 2369 981 2402 oriri
1024 2380 1064 2400 ex
1096 2365 1355 2411 pulchritudinis
1397 2363 1520 2407 specie.
1588 2363 1680 2393 Zeno

902 2415 1008 2454 enim,
1030 2421 1120 2446 teste
1143 2413 1318 2446 Athenaeo
1334 2411 1430 2443 XIII.
1451 2422 1484 2454 p.
1499 2407 1575 2442 561.
1589 2431 1599 2446 ,
1625 2405 1682 2437 di-

902 2462 1001 2495 cebat
1020 2457 1240 2503 &fimum
1264 2455 1343 2492 ize-a
1367 2453 1461 2493 εἶναι,
1487 2453 1602 2497 φιλίας
1623 2450 1683 2485 καὶ

901 2507 1116 2550 exanimem,
1155 2504 1205 2540 ἔτι
1234 2503 1274 2540 δὲ
1309 2502 1368 2537 καὶ
1391 2499 1548 2544 &uenam
1570 2509 1681 2539 παρα-

904 2550 1141 2592 σκευασταόν,
1162 2548 1263 2586 ἄλλον
1280 2546 1311 2584 δ’
1333 2544 1482 2585 οὗδενός.
1529 2545 1682 2576 Ceterum

903 2600 1028 2644 duplex
1058 2603 1085 2632 et
1121 2602 1162 2642 {et
1185 2608 1255 2638 sap.
1288 2599 1314 2627 et
1339 2603 1478 2626 amorem
1510 2590 1604 2632 cett.)
1632 2594 1684 2620 oet

902 2654 1075 2680 nostrum:
1101 2646 1248 2678 theils—
1269 2642 1370 2680 theils,
1396 2640 1684 2671 einerseits—cm-

902 2695 1078 2727 dererseits.

971 2742 1018 2771 sin
1045 2736 1166 2777 autem]
1209 2730 1377 2776 Apodosis
1413 2726 1572 2772 negativa
1598 2726 1683 2770 (esse

903 2796 967 2818 non
991 2786 1090 2823 debet,
1114 2780 1167 2812 vel
1188 2779 1376 2812 reficiendus
1397 2776 1452 2817 est)
1480 2785 1521 2806 ex
1544 2779 1683 2805 antece-

907 2830 1003 2864 denti
1026 2825 1190 2872 apodosi:
1219 2827 1259 2857 sit
1281 2832 1358 2856 sane
1378 2827 1491 2853 mente
1519 2818 1684 2864 supplen-

910 2877 953 2909 da
977 2882 1213 2955 insitiencadia]
1250 2913 1392 2958 Turpilii
1417 2910 1535 2945 comici
1559 2909 1683 2947 fabula,

99 2970 161 3005 καὶ
180 2966 437 3015 ’Δπολλόδωρος
461 2970 495 3005 ἐν
526 2971 571 3015 τῇ
600 2967 724 3015 τίἰτυῇ.
771 2968 878 3001 stoim
912 2978 1011 3012 quam
1037 2976 1076 2997 ex
1100 2961 1250 2996 Alexidis
1274 2959 1444 2993 Leucadia
1467 2957 1582 2991 vertit.
