1843 3101
159 37 242 82 152

160 126 209 172 Si
229 129 384 186 quidem
412 129 529 173 homo
556 135 680 172 esset.

159 211 287 246 actum
319 204 394 246 sit:

743 127 827 171 Sed
857 129 952 171 nihil
979 129 1061 172 vidi
1077 130 1223 172 minus.

751 49 924 83 LIBER
950 50 993 83 11.
1019 45 1164 92 ΠΛΟ.

1286 127 1456 186 Quaerit
1482 129 1588 173 enim
1598 161 1611 185 ‚
1654 130 1747 188 quid

187 279 231 320 P.
262 280 456 332 Elo'qnere
469 308 480 326 ,
514 280 577 318 res
606 280 796 330 Argivom
819 281 970 332 proelio
999 287 1045 320 ut
1070 294 1110 320 se
1138 277 1314 319 stistinet.

188 353 234 394 E.
265 355 351 393 Non
375 354 507 405 po'test
534 354 660 406 ecfari
687 353 833 394 trintum
863 357 974 394 dietis
988 386 998 403 ,
1033 355 1215 408 qudntum
1233 355 1359 408 sactis
1388 356 1559 407 suppetit

263 428 442 469 Labo're‘s.
477 450 533 456 —
565 430 721 478 Quiesce
751 431 876 481 igitur
904 438 942 469 et
970 432 1103 469 volnus
1133 429 1283 480 cille'ga!

159 499 291 542 Etiam
324 500 358 542 si
387 500 619 558 Eurypylus
650 510 807 559 posset,
841 518 920 545 non
951 511 1086 560 posset
1116 502 1317 559 Aesopus.

930 580 974 619 E.
1012 580 1084 619 Ubi
1098 580 1265 632 fortuna
1296 579 1474 618 Hectoris

263 652 444 690 Nostram
475 651 602 692 dorem
631 657 747 693 aecem
779 654 1012 694 z'nele'mz'tam.

159 730 200 765 et
225 732 356 766 cetera
386 726 558 782 explieat
585 727 623 768 in
649 727 800 768 dolore.

159 798 253 839 forti
278 799 365 840 viro
387 800 529 855 gloria.

879 726 948 769 Sic
981 735 1043 769 est
1072 728 1175 769 enim
1201 729 1470 784 intemperans
1493 727 1674 771 militaris
1705 728 1747 771 in

600 800 711 857 Ergo
736 802 833 843 liaeo
857 809 1071 844 veteranus
1102 803 1214 844 miles
1237 803 1370 843 facere
1394 803 1563 857 poterit,
1608 803 1747 846 doctus

157 872 221 914 vir
240 873 477 930 sapiensque
503 890 580 916 non
605 876 776 931 poterit?
836 875 908 917 Ille
930 891 1027 917 vero
1052 878 1214 927 melius,
1247 891 1292 918 ac
1315 891 1393 917 non
1418 877 1547 932 paullo
1572 878 1744 933 quidem.

159 952 231 988 40.
269 945 351 989 Sed
383 950 507 991 adhuc
541 950 587 991 de
625 950 910 991 consuetudine
945 950 1246 992 exercitationis
1278 950 1442 1005 loquor,
1495 951 1665 992 nondum
1698 953 1746 994 de

157 1022 313 1062 ratione
342 1030 380 1063 et
412 1024 619 1077 sapientia.

159 1095 306 1136 ferunt.

228 1182 264 1213 Si
298 1183 423 1222 quidem
456 1184 546 1215 horno
569 1186 657 1225 esset]
698 1183 862 1216 Particula
893 1187 936 1217 si-

158 1228 283 1267 quidem
313 1228 408 1271 tei‘ye)
442 1228 474 1259 iu
496 1230 713 1273 responsione
740 1242 838 1274 saepe
863 1230 934 1262 iro-

159 1271 234 1304 nica
257 1272 288 1304 vi
312 1272 357 1305 ita
381 1273 536 1316 ponitur,
576 1281 610 1306 ut
643 1287 682 1307 ex
705 1276 812 1307 verbis
836 1287 935 1319 prae—

161 1317 281 1360 gressis
317 1319 484 1351 sententia
517 1320 627 1363 aliqua
659 1321 845 1364 supplenda
880 1322 934 1361 sit,

160 1374 244 1406 quae
269 1363 528 1396 affirmationem
553 1366 737 1408 significat,
775 1367 822 1398 uti
855 1366 887 1398 h.
914 1367 936 1398 l.

159 1413 239 1441 recle
257 1411 382 1449 quidem
402 1412 578 1447 crederem,
601 1414 628 1443 si
651 1414 740 1444 homo
760 1417 845 1444 esset.
883 1413 933 1444 Cf.

161 1454 365 1486 simillimum
379 1455 488 1488 locum
502 1456 534 1488 iu
551 1457 622 1488 I'in.
641 1459 696 1489 ΙΙΙ.
711 1462 742 1496 4,
763 1459 818 1490 12:
842 1458 935 1491 Istud

163 1499 297 1544 quidem
311 1526 319 1540 ‚
362 1500 494 1545 inquam
509 1527 516 1540 ,
564 1503 689 1546 optime
729 1503 831 1539 dicis;
877 1504 936 1535 sed

162 1557 298 1588 quaero,
318 1558 428 1578 nonne
441 1547 500 1579 tibi
516 1548 705 1580 faciendum
718 1549 804 1580 idem
819 1549 934 1581 sit—'e‘

164 1592 200 1623 Si
219 1593 365 1633 quidem,
389 1596 508 1634 inquit,
534 1597 689 1629 lollerem:
724 1597 777 1627 sed
798 1598 937 1636 relinquo

166 1636 212 1679 (h.
237 1648 265 1668 c.
288 1645 379 1670 recte
401 1650 587 1681 quaereres,
613 1640 639 1671 si
661 1641 825 1680 tollerem,
851 1641 936 1680 sed).

162 1693 225 1725 pro
250 1682 368 1715 Milon.
384 1684 517 1724 XVIII,
545 1691 608 1718 45:
635 1698 677 1718 ne
702 1686 836 1718 Clodius
861 1687 938 1730 qui-

163 1727 241 1759 dem
264 1728 306 1759 de
330 1728 456 1761 insidiis
482 1731 662 1773 cogitavit,
693 1732 847 1775 quoniam
873 1733 939 1764 suit

164 1773 197 1805 in
225 1773 353 1807 Albano
373 1787 555 1808 mansurus
603 1780 766 1818 Siquidem
792 1778 938 1810 exiturus

163 1818 206 1851 ad
231 1819 367 1852 caedem
400 1833 418 1853 e
451 1821 528 1854 villu
561 1833 626 1854 non
661 1826 778 1863 suisset.
812 1835 873 1866 pro
900 1825 938 1856 L.

162 1864 284 1898 Flacco
297 1865 330 1905 7,
346 1866 402 1899 15:
425 1868 452 1898 O
469 1879 595 1900 morem
614 1869 819 1912 praeclarum
840 1869 939 1901 disci-

163 1910 368 1954 plinamque,
386 1924 482 1956 quam
499 1927 517 1945 u
535 1915 714 1946 maioribus
731 1915 938 1958 accepimus!

165 1957 328 1996 Siquidem
343 1961 524 2000 teneremus,
544 1959 603 1991 sed
625 1961 736 1993 nescio
758 1972 823 2003 quo
840 1968 939 2004 pacto

162 1999 230 2032 :iam
250 2001 292 2033 (le
315 2004 463 2035 manibus
486 2005 636 2037 elabitur.
678 2008 714 2039 Si
734 2009 825 2039 homo
852 2011 939 2047 esset,

164 2046 199 2079 h.
211 2058 238 2078 e.
250 2047 287 2086 si,
304 2054 340 2079 ut
354 2048 466 2088 homo,
480 2050 707 2083 misericordia
719 2059 827 2084 tactus
840 2059 938 2093 esset,

167 2092 196 2124 si
207 2092 385 2125 humanum
402 2106 533 2127 sensum
551 2096 698 2129 haberet.
734 2098 788 2130 Sic
801 2101 939 2131 Terent.

163 2137 310 2181 Adelph.
325 2140 348 2170 Ι.
361 2142 392 2179 ¹),
406 2140 468 2173 ¹26:
485 2141 575 2173 illum
587 2149 621 2174 tu
634 2149 723 2174 tuum
740 2150 796 2187 isc.
810 2144 938 2183 filium‘,

163 2185 192 2216 si
211 2193 292 2216 esses
313 2186 424 2224 homo,
448 2185 578 2219 Sineres
598 2200 685 2221 nunc
704 2189 835 2229 facere,
861 2189 939 2221 dum

163 2239 226 2272 per
246 2236 390 2262 aetatem
409 2230 498 2264 licet.
538 2234 629 2265 Infra
646 2246 672 2266 c.
687 2234 742 2273 22,
756 2235 817 2268 53:
840 2235 888 2267 ita
906 2242 940 2267 et

163 2274 243 2306 tulit
262 2275 426 2315 dolorem,
449 2284 485 2308 ut
507 2278 567 2317 vir,
588 2286 632 2317 et,
654 2287 691 2311 ut
713 2282 815 2321 homo,
835 2281 939 2313 maio-

164 2331 237 2353 rem
266 2321 355 2354 ferre
378 2322 448 2354 sine
473 2334 585 2355 caussa
609 2326 793 2357 necessaria
818 2326 937 2358 noluit.

237 2368 301 2399 Sed
314 2370 393 2400 nihil
408 2370 475 2401 vidi
490 2372 609 2401 minus*
637 2371 714 2402 Scil.
732 2383 830 2415 quam
847 2371 939 2416 quod

166 2411 312 2445 visurum
335 2425 388 2445 me
411 2426 482 2446 esse
505 2415 720 2449 credideram.

234 2460 398 2504 Eloquere]
425 2461 526 2492 Deest
545 2460 671 2504 aliquid
689 2461 723 2493 in
742 2462 810 2494 hoc
829 2474 937 2502 versu,

165 2503 310 2536 fortasse
331 2507 500 2546 Eurypyle.
517 2526 562 2530 —
582 2511 616 2539 ut
635 2517 665 2539 se
685 2511 813 2540 sustinet
831 2508 938 2541 inter—

166 2550 298 2594 rogatio
324 2550 462 2583 directa.

232 2607 296 2629 non
309 2601 408 2637 potest
421 2599 533 2640 ecfari]
559 2598 604 2629 H.
620 2609 648 2630 e.
665 2609 734 2630 non
752 2604 866 2642 potest
882 2598 938 2630 di-

166 2640 228 2673 ctis
252 2641 391 2686 exprimi
417 2644 539 2687 (chari
572 2643 660 2676 enim
690 2644 820 2686 passive
842 2645 938 2687 posi-

166 2687 263 2728 tum),
279 2694 403 2731 quanta
416 2688 534 2720 virium
549 2689 764 2722 contentione
777 2701 828 2722 res
841 2702 938 2733 prae-

169 2733 276 2766 clarae
298 2733 339 2766 ab
361 2733 490 2777 Argivis
514 2734 664 2768 edantur.

234 2780 363 2819 Quiesce
385 2783 481 2821 igitur
510 2785 537 2813 et
561 2783 672 2814 volnus
694 2783 808 2824 alliga]
845 2782 939 2814 Haec

165 2823 267 2856 verba
298 2836 317 2857 a
340 2827 476 2858 Benueio
498 2826 636 2871 aliisque
659 2827 850 2860 tribuuntur
872 2829 939 2860 Pa·-

166 2869 285 2907 troclo,
310 2870 358 2902 ita
378 2877 415 2903 ut
435 2870 492 2904 ille
512 2871 555 2904 ad
573 2873 675 2905 verba
693 2884 762 2917 seq.
785 2883 848 2906 non
866 2884 940 2914 pos-

163 2916 210 2944 set
230 2916 366 2956 Aesopus
385 2917 558 2960 suppleret
589 2922 713 2960 tecere‚·
743 2918 800 2951 hic
829 2921 941 2952 volnus

163 2958 222 2990 sibi
252 2961 316 3000 ipsi
347 2964 490 3004 alliyare.
549 2965 683 2998 Orellius
703 2970 815 2998 antem
839 2965 940 2998 etiam

690 1023 886 1064 Aniculae
923 1038 1043 1080 saepe
1078 1025 1247 1066 inediam
1281 1024 1439 1066 biduum
1477 1032 1542 1066 aut
1576 1026 1746 1068 triduum

370 1094 529 1138 Subduc
554 1097 680 1138 cibum
710 1113 826 1138 unuin
853 1099 954 1140 diem
981 1099 1175 1140 athletae:
1210 1097 1345 1141 Iovem
1373 1097 1622 1156 Olympium,
1657 1114 1746 1142 eum
1800 1139 1801 1142 ,

970 1184 1087 1217 verba:
1123 1186 1250 1224 Quiesce
1271 1204 1315 1209 -—
1337 1187 1438 1226 alliya
1457 1184 1560 1218 trahit
1577 1186 1621 1218 ad
1640 1184 1746 1231 Eury-

971 1231 1041 1274 pyli
1073 1231 1280 1269 orationem,
1316 1242 1386 1263 rem
1417 1230 1465 1263 sic
1492 1231 1604 1264 animo
1632 1231 1745 1265 insor-

970 1276 1125 1308 mandarn
1148 1275 1316 1308 iudicans:
1342 1277 1516 1315 „Duorum
1539 1277 1747 1310 fortissimo-

970 1334 1042 1354 rum
1057 1323 1208 1360 heroum,
1231 1321 1390 1366 Eurypyli
1405 1329 1439 1356 et
1456 1323 1611 1363 Patrocli,
1634 1335 1746 1356 exem-

971 1368 1061 1411 plum
1084 1367 1246 1411 repetitur
1269 1380 1286 1399 e
1309 1368 1492 1413 tragoedia.
1542 1368 1602 1400 Ille
1625 1369 1747 1402 vulne-

972 1421 1061 1446 ratus
1080 1413 1244 1445 medicum
1265 1413 1368 1445 modo
1389 1414 1538 1458 requirit,
1561 1413 1653 1447 nullo
1671 1415 1747 1459 plo-

970 1467 1044 1491 ratu
1080 1459 1191 1496 edit03
1228 1460 1404 1492 miseretur
1428 1459 1530 1492 saucii
1554 1460 1652 1493 amici
1674 1461 1747 1505 pri-

972 1517 1060 1537 mum
1084 1505 1253 1537 Patrocles
1277 1505 1480 1549 longumque
1514 1506 1638 1538 luctum
1662 1518 1748 1540 con-

971 1551 1099 1586 tinnat;
1141 1551 1332 1583 consolatur
1363 1563 1437 1583 eum
1462 1552 1651 1596 Eurypylus
1674 1553 1747 1597 ipse

971 1597 1098 1629 verbis:
1127 1599 1180 1637 qui
1204 1617 1248 1622 —
1271 1607 1402 1637 parem:
1427 1597 1544 1640 quibus
1567 1597 1747 1631 confirma-

972 1650 1024 1674 tus
1045 1642 1213 1675 Patrocles
1227 1643 1373 1675 vulneris
1390 1643 1560 1686 obligandi
1575 1644 1639 1676 iam
1654 1644 1747 1688 quasi

973 1688 1180 1720 obliviscitur
1197 1689 1358 1732 petitque,
1380 1695 1415 1720 ut
1434 1696 1546 1722 narret
1565 1689 1627 1722 sibi
1646 1690 1748 1734 Argi-

973 1746 1090 1766 vorum
1112 1733 1288 1777 proelium.
1325 1735 1411 1767 Tum
1432 1735 1637 1779 Eurypylus:
1653 1738 1747 1777 „Non

972 1784 1070 1821 polest
1087 1800 1131 1804 —
1149 1782 1285 1820 laboris,-
1310 1785 1344 1811 at
1362 1779 1475 1812 desine
1494 1781 1694 1825 paullispev,
1718 1782 1747 1814 si

975 1825 1126 1864 videtur,
1153 1837 1206 1857 me
1232 1826 1439 1869 interrogare
1463 1826 1646 1871 vulnusque
1667 1833 1746 1860 ante

976 1871 1086 1904 omnia
1109 1883 1219 1903 meum
1243 1871 1362 1914 alliga3
1398 1883 1478 1904 mox
1511 1884 1644 1905 omnem
1675 1884 1746 1906 rem

973 1917 1035 1949 tibi
1057 1917 1230 1949 enarrabo.
1281 1917 1379 1957 Quod
1405 1917 1484 1950 dnm
1518 1918 1574 1959 fit,
1610 1917 1746 1962 longam

974 1963 1038 1995 iam
1065 1963 1181 2006 ῥῆσιντ
1222 1964 1280 1995 Ubi
1303 1982 1348 1988 —
1371 1966 1555 1996 inclinatam
1576 1964 1688 1997 medio
1711 1965 1747 1997 in

975 2009 1093 2041 dolore
1114 2008 1244 2040 recitat:
1272 2020 1380 2052 quam,
1400 2009 1509 2053 inquit
1530 2009 1658 2051 Cicero,
1678 2022 1745 2054 po-

973 2061 1061 2087 terat
1091 2059 1193 2098 po‘eta
1226 2054 1296 2086 sine
1320 2054 1579 2098 reprehensione
1599 2055 1746 2089 tribuere

973 2108 1134 2133 veterano
1160 2100 1366 2139 fortissim03
1391 2112 1459 2133 non
1479 2100 1562 2134 item
1584 2104 1746 2146 Aesopus,

973 2147 1076 2178 homo
1092 2146 1182 2178 bello
1198 2158 1265 2179 uon
1283 2146 1493 2185 exercitatus,
1514 2153 1630 2191 posset
1643 2159 1747 2191 „pro-

975 2192 1083 2228 serre,
1108 2192 1179 2234 ipse
1198 2192 1225 2223 si
1245 2200 1332 2224 esset
1350 2192 1527 2225 sauciatus.
1575 2194 1628 2227 Ad
1647 2193 1748 2226 verba

970 2242 1072 2278 posset
1094 2240 1232 2277 Aesopus
1253 2238 1406 2280 supplet:
1443 2242 1510 2271 tam
1531 2241 1651 2280 fortiter
1670 2249 1748 2272 nar-

971 2293 1045 2315 rare
1062 2285 1173 2323 proelii
1190 2285 1456 2316 vicissitudines.“
1491 2285 1616 2317 Immo:
1642 2287 1749 2318 Etiam

973 2331 1000 2361 si
1018 2331 1093 2360 Eur.
1114 2330 1188 2360 haec
1208 2331 1241 2360 in
1253 2330 1358 2361 dolore
1377 2331 1535 2369 explicare
1553 2335 1668 2372 posset,
1684 2340 1748 2363 non

969 2378 1073 2415 posse!
1089 2375 1171 2406 idem
1185 2375 1286 2414 facere
1303 2377 1451 2416 Aesopus.
1492 2379 1643 2420 Aesopus
1658 2375 1747 2407 enim

973 2420 1044 2451 sine
1063 2419 1165 2451 dnbio
1190 2419 1310 2462 agebat
1330 2427 1443 2463 partes
1464 2421 1637 2465 Eurypyli.
1680 2420 1747 2452 Ce-

972 2472 1079 2497 terum
1107 2467 1226 2505 quiesce
1250 2465 1465 2510 δισυλλοὶβως
1484 2466 1662 2510 legendum
1682 2472 1746 2498 est.

1040 2513 1152 2543 volnus
1173 2512 1286 2555 alli9a]
1313 2511 1428 2544 Paullo
1450 2518 1546 2544 ante:
1573 2518 1609 2543 ut
1629 2511 1767 2544 volnus>

973 2558 1095 2597 obliget,
1121 2562 1154 2587 et
1175 2567 1202 2588 c.
1221 2556 1272 2595 16,
1297 2556 1363 2590 35:
1387 2556 1552 2590 medicum
1571 2557 1674 2589 modo
1694 2569 1746 2590 re-

974 2601 1128 2644 quirens,
1163 2613 1183 2632 a
1207 2613 1272 2645 quo
1303 2604 1463 2643 obliqetur.
1512 2605 1659 2644 Obligare
1688 2616 1746 2636 re-

972 2646 1119 2689 spondet
1137 2654 1252 2679 nostro
1265 2649 1472 2690 verbinden,
1495 2659 1541 2681 zu
1552 2651 1685 2691 binden,
1710 2656 1747 2682 ut

972 2694 1136 2732 obsignare
1158 2699 1209 2724 est
1232 2696 1447 2735 versie9e1n‚
1471 2697 1664 2736 zusie9e1n;
1697 2698 1747 2728 al-

973 2739 1072 2778 liyare
1093 2743 1209 2770 nostro
1237 2739 1457 2781 aufbinden,
1489 2742 1578 2773 einen
1602 2743 1748 2774 Verband

973 2784 1034 2823 aus
1053 2784 1102 2815 die
1129 2785 1248 2816 Wunde
1278 2786 1365 2825 leyen
1397 2787 1463 2818 und
1493 2787 1548 2819 ihu
1578 2788 1746 2820 anbinden.

974 2827 1049 2860 Liv.
1065 2829 1147 2869 VII,
1173 2826 1235 2862 24:
1275 2829 1418 2870 Consul,
1441 2834 1570 2865 vulnere
1593 2834 1747 2875 adligato,

974 2881 1125 2906 revectus
1157 2873 1201 2906 ad
1231 2874 1337 2919 prima
1369 2876 1472 2920 signa.
1521 2878 1556 2910 C.
1583 2878 1694 2911 Divin.
1718 2879 1746 2911 1.
1790 2904 1794 2909 .

974 2917 1037 2960 54,
1065 2919 1150 2953 123:
1175 2921 1284 2960 Quum
1309 2921 1454 2956 Critonis
1477 2923 1610 2957 oculum
1631 2926 1746 2968 alliga·

974 2969 1041 2998 tum
1065 2964 1212 2999 vidisset.
