1859 3117
639 53 784 86 INDEX
808 52 1087 86 HISTORICUS.

71 133 301 174 Lysimachus,
335 144 394 165 rex
425 133 587 166 Thraciae
622 140 656 165 et
678 133 843 166 Macedo-

117 177 190 211 niae
211 178 464 223 (286.a.c11r.).
503 179 541 219 1,
569 178 642 213 102.
676 180 716 219 5,
745 179 819 214 117.

438 260 482 291 M.

72 316 215 356 Maeotis,
237 314 332 359 palus
344 314 494 359 scythica
506 315 539 347 in
553 314 689 358 regione
700 322 838 359 septen-

116 360 253 394 trionali
274 360 365 393 iuxta
388 360 538 392 Phasidis
562 360 695 393 ostium.
721 362 758 400 5,
784 359 839 394 49.

72 407 179 448 Magi,
201 417 305 449 genus
321 405 522 450 sapientium
541 413 576 439 et
595 406 772 439 doctorum
783 407 839 438 in-

117 459 170 484 ter
198 453 324 484 Persas.
381 452 554 484 Persarum
580 452 694 496 lingua
724 454 841 495 Magus

117 503 187 538 est,
209 497 265 541 qui
283 504 398 530 nostra
418 497 593 539 sacerdos,
617 498 725 543 iuquit
745 501 840 542 Apu—

114 542 208 576 leius.
243 544 260 576 1
274 568 283 584 ,
307 543 383 578 108.

72 590 290 622 Marathonius
309 593 421 622 taurus
443 589 552 622 dietus
586 602 606 622 a
629 589 830 623 Marathone

119 633 200 667 urbe
234 634 305 679 agri
335 629 460 674 leutici,
505 647 602 679 quem
637 635 842 669 domandum

117 680 323 725 Eurystheus
345 681 483 714 Herculi
507 681 696 725 proposuit.
744 681 842 713 Illum

118 737 199 759 vero
221 725 266 759 ad
285 738 320 758 se
341 726 538 770 perductum
557 727 764 771 Eurystheus
786 727 840 759 di-

118 772 227 813 misit,
253 783 368 816 quem,
394 783 495 816 quum
513 773 659 806 Atticam
681 780 840 814 vastaret,

118 818 268 851 Theseus
287 817 458 851 mactavit.
491 815 532 858 4,
557 819 612 852 50.
828 828 833 830 ·

73 864 260 904 Marcellus,
283 865 326 896 M.
341 865 454 897 Claud.
475 864 600 908 primus
620 864 843 898 Hannibalem

118 908 163 941 ad
193 908 318 942 Nolam
349 909 464 953 fugere
500 911 627 954 coegit,
663 912 844 954 Syracusas

119 954 252 988 obsedit
285 962 319 987 et
349 956 555 999 expugnavit
579 956 669 998 (212.
690 968 719 988 a.
739 956 843 998 ehu),

121 1000 237 1034 Gallos
255 1000 300 1033 ad
322 1000 516 1034 Clastidium
538 1001 572 1034 in
597 1001 706 1035 Gallia
726 1002 846 1045 Cispa-

120 1046 208 1080 dana
225 1045 351 1080 devicit
373 1053 408 1079 et
425 1047 673 1088 Viridomarum
686 1074 696 1091 ‚
730 1059 846 1080 eorum

123 1104 260 1137 regem,
295 1092 454 1136 singulari
487 1105 600 1137 pugna
630 1093 756 1126 victum
781 1093 846 1126 ob—

0 1154 2 1191 Ι
120 1138 290 1171 truncavit
312 1138 606 1183 Romanorumque
626 1140 745 1172 tertius
768 1151 849 1182 spo-

123 1183 168 1217 lia
201 1184 314 1228 opima
343 1185 416 1217 Iovi
447 1185 598 1223 Feretrio
629 1185 848 1218 consecravit.

120 1229 442 1274 Quiuquiesconsul
463 1231 538 1264 fuit.
571 1231 703 1265 Proelio
721 1231 765 1264 ad
777 1232 850 1263 Ve—

119 1275 248 1308 nusiam
260 1277 434 1309 commisso
450 1276 491 1308 ab
504 1277 692 1310 Hannibale
706 1277 849 1311 circum-

121 1328 241 1354 ventus
262 1321 384 1355 cecidit
405 1321 497 1366 (208.
518 1334 547 1355 a.
562 1323 665 1365 Chr.).

77 1369 200 1401 Marius
215 1369 262 1409 C.‚
279 1368 331 1400 vir
343 1374 497 1400 strenuus
511 1375 610 1412 atque
626 1368 735 1409 fortis,
760 1379 844 1400 con-

122 1412 268 1446 sulatum
295 1413 436 1457 adeptus
468 1414 680 1458 Iugurtham,
724 1414 847 1446 Numi-

124 1458 200 1492 diae
219 1470 353 1503 regem,
388 1459 487 1501 vicit,
520 1459 598 1492 dein
632 1460 675 1492 de
707 1460 848 1492 Cimbris

122 1510 157 1538 et
168 1504 331 1538 Teutonis
349 1505 569 1548 triumphavit
589 1505 779 1550 bellumque
801 1506 848 1538 ci-

123 1550 189 1583 vile
210 1557 329 1584 contra
347 1550 472 1583 Sullam
493 1551 606 1595 gessit.

78 1598 262 1638 Mausolus,
288 1596 404 1630 Cariae
427 1608 495 1630 rex.
519 1597 561 1638 3,
586 1597 640 1631 75.
689 1596 764 1631 Vid.
790 1601 848 1630 Ar—

123 1644 258 1675 temisia.

79 1689 252 1722 Maximus.
297 1690 339 1722 V.
359 1691 490 1723 Fabius.

84 1735 218 1775 Metilia,
253 1734 322 1768 filia
341 1738 489 1776 Aeetae,
524 1735 612 1779 regis
635 1735 848 1775 Colchorum,

78 1804 81 1805 ν
124 1781 276 1814 Iasonem
307 1780 450 1814 Colchos
481 1781 672 1814 venientem
702 1781 851 1824 hospitio

125 1826 273 1870 suscepit
307 1826 404 1872 eique
431 1827 466 1859 in
504 1838 606 1859 aureo
629 1826 754 1859 vellere
794 1838 851 1858 ra-

125 1870 251 1915 piendo
274 1871 419 1905 adiutrix
449 1872 524 1905 fuit.
569 1872 710 1915 Aufugit
731 1871 852 1904 deinde

130 1927 207 1949 cum
228 1918 368 1960 Iasone,
401 1917 540 1950 tandem
572 1917 614 1950 ab
647 1918 715 1950 hoc
747 1929 853 1961 repu-

127 1961 241 2002 diata,
278 1963 420 2007 arreptis
443 1963 540 2004 filiis,
564 1974 645 2008 quos
669 1975 710 1996 ex
734 1965 853 1995 Iasone

127 2015 375 2051 procreaverat,
401 2021 458 2042 eos
479 2009 514 2042 iu
541 2015 723 2053 conspectu
746 2009 852 2053 patris

124 2052 298 2098 iugulavit.
329 2055 372 2096 3,
396 2054 453 2089 63.
488 2053 530 2096 4,
555 2054 611 2089 69.

81 2101 193 2142 Meno,
216 2100 369 2144 sophista
385 2107 538 2144 tempore
557 2100 716 2134 Socratis.
750 2100 780 2141 1,
799 2100 853 2135 57.

128 2147 191 2179 Est
211 2157 335 2179 nomen
358 2146 484 2190 dialogi
508 2146 657 2179 Platonis
670 2172 678 2187 ,
715 2146 772 2191 qui
792 2157 854 2178 ex-

129 2197 199 2224 stat
219 2191 330 2224 adhuc
351 2192 387 2224 in
411 2191 481 2224 eius
503 2192 671 2236 operibus.

87 2238 277 2278 Menoeceus,
293 2237 423 2270 iuvenis
436 2237 609 2278 thebanus,
628 2238 714 2270 filius
730 2238 856 2270 Creon-

132 2282 197 2323 tis,
222 2283 278 2327 qui
299 2295 363 2327 pro
384 2283 514 2328 patriae
536 2284 643 2316 salute
663 2283 858 2327 sanguinem

133 2339 230 2360 suum
265 2336 367 2373 atque
399 2329 504 2362 vitam
536 2336 658 2374 sponte
693 2329 859 2373 profudit.

133 2374 222 2406 Nam
238 2385 339 2418 quum
354 2374 526 2407 Thebanis
544 2387 584 2408 eo
602 2382 769 2419 tempore,
793 2386 860 2419 quo

133 2419 177 2452 ab
196 2419 328 2463 Argivis
347 2420 596 2461 obsidebantur,
620 2421 790 2454 redditum
809 2433 861 2453 es-

137 2472 190 2498 set
214 2465 404 2506 oraculum,
428 2466 545 2498 urbem
566 2466 693 2500 salvam
714 2467 809 2505 fore,
834 2465 862 2498 si

136 2510 271 2543 ultimus
305 2522 324 2542 e
348 2510 464 2544 (hdmi
485 2511 628 2555 posteris
654 2524 690 2544 se
712 2512 864 2544 manibus

137 2556 208 2589 eius
229 2556 425 2596 devoveret,
453 2556 645 2602 intelligens
661 2559 864 2590 Menoeceus

1573 45 1657 88 339

879 134 1030 165 Metellus.
1078 133 1119 173 Q.
1138 131 1298 164 Caecilius
1319 133 1475 165 Metellus
1493 135 1651 168 Macedo-

922 177 1036 215 nicus,
1073 178 1129 221 qui
1159 177 1357 210 Andriscum
1386 178 1421 210 in
1452 180 1652 214 Macedonia

923 222 1058 261 devicit,
1085 220 1160 257 144.
1177 235 1206 255 a.
1226 224 1302 256 Chr.
1321 224 1437 257 consul
1458 224 1533 263 fuit,
1557 234 1652 269 quat-

922 276 999 301 tuor
1017 268 1104 301 filios
1127 270 1315 302 consulares
1333 270 1486 314 reliquit:
1513 272 1554 311 Q.
1574 272 1650 303 Me-

921 314 1038 346 tellum
1053 313 1258 348 Balearicum
1276 314 1391 349 12411.
1410 316 1500 355 Chr„
1524 317 1564 348 L.
1578 317 1652 350 Me-

919 358 1036 392 tellum
1062 360 1296 393 Diadematum
1319 362 1394 395 116.
1417 374 1447 394 a.
1469 362 1568 402 Chr.‚
1601 364 1648 395 M.

921 405 1095 438 Metellum
1111 406 1183 439 115.
1200 419 1229 439 a.
1243 407 1321 439 Chr.
1338 414 1372 439 et
1387 407 1423 439 C.
1439 408 1566 440 Metell.
1584 409 1650 441 Ca-

921 451 1068 494 prarium
1095 450 1168 484 114.
1189 464 1219 484 a.
1244 452 1319 484 Chr.
1369 454 1460 485 luter
1481 453 1651 486 felicitatis

920 497 1084 529 humanae
1107 498 1259 541 exempla
1290 506 1503 537 numeratur,
1531 501 1546 532 1
1561 526 1568 540 ‚
1591 501 1645 533 ὅς’).

876 590 1090 629 Metrodorus,
1139 589 1275 633 proprie
1309 589 1539 629 Atheniensis,
1589 591 1649 623 sed

922 633 1023 677 vulgo
1054 635 1301 678 Lampsacenus
1337 635 1464 677 dictus,
1514 637 1646 680 Epicuri

923 679 1114 723 discipulus.

876 727 1073 758 Metrodorus
1086 728 1244 767 Scepsius,
1266 727 1288 759 i.
1303 739 1331 760 e.
1345 740 1363 760 e
1377 727 1504 772 Scepsi,
1529 728 1649 761 troiani
1664 733 1668 741 '

923 771 994 815 agri
1018 771 1116 812 urbe,
1143 772 1324 814 oriundus,
1352 773 1530 806 Carneadis
1551 774 1649 807 audi-

922 824 989 850 tor·
1036 817 1120 849 Plin·
1138 818 1178 849 H-
1199 819 1241 850 Ν.
1262 819 1302 859 7,
1327 818 1381 853 24.
1431 824 1493 852 Ars
1515 819 1584 852 eius
1602 820 1649 852 rei

927 863 1134 907 (memoriae)
1160 864 1250 897 facta
1274 871 1308 897 et
1330 865 1466 897 inventa
1489 873 1538 898 est
1561 879 1579 898 a
1601 866 1650 898 Si-

924 909 1061 941 monide
1084 909 1226 949 Melie-0,
1266 918 1495 944 consummata
1525 925 1544 945 a
1573 913 1648 944 Me-

925 954 1065 987 trodoro
1086 955 1244 998 Scepsio,
1280 964 1316 988 ut
1337 957 1419 989 nihil
1444 969 1511 990 non
1533 957 1651 990 iisdem

925 1000 1035 1032 verbis
1058 1000 1255 1034 redderetur
1277 1002 1439 1035 auditum.
1468 1005 1505 1042 1,
1532 1003 1588 1037 59.

880 1048 1008 1086 Midas,
1031 1058 1089 1078 rex
1112 1046 1285 1091 Phrygiae.
1335 1049 1402 1081 Cfr.
1421 1051 1553 1082 Silenus.

880 1105 1059 1143 Milliades,
1094 1102 1160 1134 dux
1183 1104 1453 1144 Atheniensium,
1492 1106 1547 1150 qui
1580 1118 1653 1139 cum

929 1148 1046 1181 decem
1069 1148 1213 1182 millibus
1234 1162 1368 1183 suorum
1392 1152 1511 1184 civium
1535 1152 1653 1196 profli-

929 1194 1021 1237 gavit
1038 1196 1210 1227 Persarum
1223 1204 1380 1229 sexcenta
1394 1198 1497 1230 millia
1510 1198 1542 1230 in
1561 1209 1655 1231 cam—

929 1240 980 1284 pis
1002 1240 1240 1274 Marathonicis
1266 1240 1355 1285 (490.
1375 1256 1404 1275 a.
1423 1244 1526 1286 Chu).

885 1288 1007 1326 Minos,
1041 1298 1099 1318 rex
1121 1299 1160 1319 ac
1180 1287 1352 1331 legislator
1373 1289 1600 1330 Cretensium,
1636 1302 1655 1322 a

930 1333 1009 1364 Iove
1026 1331 1100 1375 ipso
1120 1332 1211 1374 leges
1229 1333 1369 1365 edoctus
1389 1342 1422 1366 et
1436 1335 1594 1379 deinceps
1613 1336 1655 1368 ob

928 1377 1090 1410 iustitiam
1120 1378 1220 1410 iudex
1246 1379 1434 1412 inferorum
1458 1381 1657 1414 constitutus

929 1423 1062 1456 dicitur.
1085 1423 1114 1463 1,
1143 1424 1194 1457 10.
1220 1425 1276 1456 9⁷5.
1300 1425 1333 1465 2,
1355 1424 1409 1459 34.

883 1471 1051 1510 Mulciber,
1085 1469 1258 1513 antiquum
1291 1471 1381 1515 apud
1406 1472 1544 1505 Latinos
1571 1473 1658 1505 Vul-

932 1515 1024 1554 cani,
1062 1522 1098 1546 ut
1121 1515 1175 1559 qui
1194 1519 1330 1549 mulceat
1350 1517 1476 1550 ferrum
1489 1544 1497 1558 ,
1522 1530 1657 1552 nomen.

884 1574 1050 1612 Musaeus,
1089 1576 1191 1615 poeta
1217 1572 1343 1614 clarus,
1384 1574 1564 1619 discipulus
1592 1578 1659 1608 Or·-

933 1617 1023 1662 phei.
1059 1617 1095 1657 1,
1121 1616 1179 1657 96,

883 1666 1068 1706 Mytilenae,
1093 1663 1170 1695 urbs
1201 1663 1235 1696 in
1255 1665 1361 1698 insula
1382 1666 1504 1699 Lesbo.
1545 1667 1582 1708 1,
1606 1667 1660 1702 77.

1254 1749 1291 1779 N.

884 1804 1033 1843 Naevius,
1058 1813 1076 1834 e
1093 1802 1273 1846 Campania
1293 1803 1450 1836 oriundus
1474 1806 1516 1849 (c.
1532 1816 1561 1837 a.
1580 1805 1658 1838 220.

932 1860 960 1881 a.
975 1848 1080 1890 Cha),
1099 1859 1254 1881 romanus
1265 1853 1368 1893 poeta
1383 1851 1527 1883 comicus
1546 1858 1579 1883 et
1592 1851 1662 1895 epi-

935 1906 1010 1934 cus,
1037 1894 1180 1938 primum
1200 1894 1326 1927 bellum
1346 1897 1524 1939 punicum,
1548 1897 1662 1929 histo—

933 1939 1038 1972 ricum
1058 1951 1189 1983 poema,
1216 1941 1423 1986 conscripsit.
1447 1943 1476 1984 1,
1495 1943 1528 1977 ὃ.
1553 1940 1586 1984 4,
1607 1941 1663 1977 67.

892 1989 1020 2019 Nasica.
1066 1987 1106 2019 V.
1131 1988 1248 2027 Scipio.

886 2034 1057 2065 Nemeaeus
1076 2034 1122 2064 leo
1134 2057 1144 2073 ,
1176 2032 1232 2065 leo
1253 2032 1311 2065 ille
1330 2033 1434 2067 mirae
1455 2031 1663 2078 magnitudi-

933 2077 984 2109 nis
997 2103 1005 2118 ,
1036 2089 1134 2121 quem
1152 2078 1313 2111 Hercules
1332 2079 1367 2112 in
1387 2080 1474 2112 silva
1497 2079 1666 2124 Argolidis

933 2123 976 2156 ad
1006 2123 1115 2155 vicum
1137 2124 1303 2165 Nemeae,
1338 2125 1395 2158 ubi
1436 2125 1507 2158 ludi
1528 2126 1669 2158 Nemaei

937 2168 1200 2210 celebrabantur,
1222 2171 1405 2204 interfecit.
1425 2172 1458 2213 2,
1478 2172 1533 2206 22.
1558 2170 1591 2213 4,
1610 2172 1664 2205 50.

888 2229 1106 2267 Neoptolemus
1137 2239 1162 2259 s.
1197 2229 1360 2269 Pyrrhus,
1394 2228 1480 2261 filius
1514 2229 1665 2262 Achillis.

938 2273 1073 2304 Nomen
1094 2273 1289 2316 tragoediae
1311 2274 1421 2307 Ennii.
1446 2275 1489 2313 2,
1517 2275 1545 2307 1.
1572 2275 1605 2307 2.

893 2321 1022 2358 Nestor,
1056 2330 1114 2350 rex
1147 2318 1221 2362 Pyli
1254 2320 1397 2353 civitatis
1434 2319 1667 2364 Peloponnesi,

938 2363 1114 2407 sapientia,
1135 2371 1245 2397 aetate
1265 2378 1304 2398 ac
1322 2366 1590 2410 suaviloquentia
1601 2376 1670 2398 me-

940 2409 1121 2444 morabilis,
1146 2411 1189 2449 5,
1214 2411 1246 2446 7.

896 2458 1076 2497 Nicocreon,
1093 2462 1253 2501 tyrannus
1274 2457 1483 2501 Cypriorum,
1503 2457 1558 2501 qui
1578 2459 1670 2489 Ana—

944 2501 1103 2534 sarchum
1126 2501 1254 2535 malleis
1290 2503 1407 2535 ferreis
1439 2503 1533 2536 caedi
1565 2501 1670 2534 iussit.

947 2548 988 2591 (c.
1008 2560 1037 2580 a.
1051 2547 1130 2582 333.
1148 2560 1176 2581 a.
1203 2548 1306 2591 Cina).
1331 2549 1372 2588 2,
1398 2550 1452 2582 52.

139 2602 310 2635 oraculum
333 2601 418 2634 illud
438 2602 482 2638 ad
502 2614 538 2635 se
557 2603 749 2647 pertinere,
782 2603 866 2636 nihil
899 2607 1014 2645 Niobe,
1038 2604 1106 2637 filia
1124 2604 1278 2642 Tantali,
1302 2605 1462 2650 Phrygis,
1489 2617 1572 2637 uxor
1589 2607 1670 2637 Am-

141 2654 314 2680 cunctatus
336 2659 396 2680 suo
420 2648 483 2681 sibi
507 2648 620 2692 gladio
641 2660 759 2682 necem
781 2661 865 2682 cou-

140 2693 249 2726 scivit.
272 2694 312 2733 1,
336 2692 412 2727 116.

99 2738 224 2779 Metelli,
242 2750 367 2771 nomen
384 2738 523 2772 illustris
543 2739 690 2773 familiae
705 2740 869 2783 plebeiae,

145 2794 163 2815 e
186 2794 251 2827 qua
273 2795 304 2816 v.
320 2796 348 2818 c.
370 2784 412 2825 Q.
429 2785 590 2818 Caecilius
614 2785 771 2818 Metellus
792 2785 870 2818 208.

145 2840 176 2861 a.
190 2828 280 2879 Chr„
303 2830 539 2864 Macedonicus
556 2827 632 2865 144.
646 2843 676 2863 a.
692 2831 783 2870 Chr„
806 2832 874 2867 Ea-

147 2873 287 2907 leancus
306 2871 382 2925 124..
395 2887 427 2927 a.
440 2877 516 2910 Chr.
521 2902 531 2918 ‚
556 2876 733 2920 Caprarius
756 2873 832 2909 114.
846 2888 874 2907 a.

150 2918 226 2951 Chr.
241 2944 250 2960 ,
273 2918 470 2956 Numidicus
486 2921 562 2956 110.
584 2934 614 2955 a.
638 2920 736 2959 chr„
762 2921 878 2953 Mace-

150 2963 289 2998 donicus
309 2962 366 2998 99.
390 2978 417 2999 a.
435 2967 525 3008 Chr„
551 2967 702 3001 consules
721 2965 824 2999 fuere.

947 2650 1099 2694 phionis,
1124 2649 1211 2693 regis
1230 2649 1442 2689 Thebarum,
1470 2662 1553 2695 quae
1574 2661 1676 2693 quum

949 2708 1006 2728 sex
1030 2695 1116 2727 filios
1139 2694 1348 2738 totidemque
1371 2697 1453 2728 filias
1477 2696 1676 2740 peperisset,

953 2740 1064 2774 animo
1099 2741 1185 2772 elata
1218 2742 1370 2773 Latonae
1403 2753 1475 2774 sese
1506 2741 1701 2785 praeferre*

954 2798 1023 2818 non
1048 2785 1225 2818 dubitavit.
1273 2787 1345 2819 Dea
1364 2787 1428 2819 hac
1446 2799 1483 2819 re
1504 2787 1588 2820 irata
1610 2787 1678 2820 eius

956 2832 1080 2864 liberos
1113 2831 1155 2863 ad
1185 2842 1286 2863 unum
1309 2844 1425 2865 omnes
1456 2833 1498 2866 ab
1522 2833 1678 2877 Apolline

959 2884 993 2908 et
1012 2876 1119 2908 Diana
1136 2876 1385 2911 interficiendos
1405 2878 1542 2912 curavit.
1569 2879 1681 2913 Niobe

960 2922 1031 2966 ipsa
1054 2921 1087 2952 in
1113 2921 1252 2965 Sipylo,
1289 2924 1454 2969 Phrygiae
1476 2932 1618 2966 monte,
1647 2926 1680 2958 in

962 2978 1076 3000 saxum
1097 2966 1337 3002 transformata
1360 2977 1522 3005 narratur.
1561 2971 1604 3010 3,
1627 2971 1685 3006 63-

1263 3027 1356 3068 22*
