1843 3101
187 47 273 91 302
698 51 866 86 LIBER
890 53 931 86 v.
956 49 1020 94 23,
1044 49 1100 86 67.
1124 50 1185 94 24,
1210 50 1267 86 68.

189 136 430 194 quaerimus,
461 134 625 177 alterius
644 147 756 175 mens
773 132 992 174 rationibus
1010 132 1203 188 agitandis
1222 131 1556 188 exquirendisque
1576 132 1768 185 alebatur,

186 229 275 257 cum
306 210 572 254 oblectatione
604 207 832 259 sollertiam
876 207 939 262 qui
971 214 1032 248 est
1058 221 1160 249 unus
1183 207 1444 258 suavissimus
1465 213 1600 263 pastus
1622 207 1772 249 animoss

190 303 302 341 rum3
346 285 508 327 alterius
532 284 571 324 in
595 283 714 324 caede
739 289 778 323 et
807 281 961 322 iniuriis
992 296 1080 322 cum
1111 288 1152 322 et
1182 281 1322 323 diurno
1353 288 1395 323 et
1423 288 1616 323 nocturno
1648 289 1769 323 metu.

189 363 301 418 Age,
335 361 473 401 confer
499 356 799 408 Democritum,
832 355 1098 412 Pythagoram
1115 387 1126 406 ,
1159 354 1445 410 Anaxagoram
1461 388 1473 408 ‚
1506 370 1606 411 quae
1630 369 1770 411 regna,

186 451 283 494 quas
315 447 410 491 opes
441 432 581 474 studiis
613 446 749 473 eorum
781 438 820 472 et
853 430 1176 472 delectationibus
1206 431 1455 486 antepones?
1506 436 1577 472 67.
1611 428 1771 472 Etenim

186 524 288 566 quae
310 522 400 565 pars
425 507 571 564 optima
596 507 717 547 estin
745 506 928 557 homine,
972 505 1012 546 in
1041 519 1087 546 ea
1115 505 1230 546 situm
1259 518 1350 546 esse
1377 517 1543 545 necesse
1571 512 1634 546 est
1658 505 1768 557 illud,

185 584 287 641 quod
312 583 490 638 quaeris,
538 581 741 637 optimum.
805 580 909 636 Quid
944 587 1005 621 est
1027 587 1156 620 autem
1191 579 1231 619 in
1256 579 1413 620 homine
1433 578 1567 633 sagaci
1596 593 1642 620 ac
1667 579 1772 620 bona

186 665 318 701 mente
340 657 509 698 melius?
539 655 638 697 Eius
661 656 764 697 bono
791 655 996 696 fruendum
1019 661 1080 696 est
1102 654 1237 709 igitur,
1271 653 1305 694 si
1328 652 1431 694 beati
1451 666 1542 694 esse
1561 652 1766 706 volumus3

183 734 328 776 honum
353 739 484 774 autem
507 731 649 772 mentis
674 738 734 772 est
755 731 904 771 virtus:
940 744 1035 785 ergo
1059 730 1132 770 hac
1159 729 1313 770 beatam
1334 727 1455 770 vitam
1481 726 1678 769 contineri
1700 740 1770 768 ue-

184 822 298 850 cesse
321 814 395 848 est.
461 805 563 847 Hinc
585 805 741 857 omnia,
775 819 873 860 quae
899 805 1057 860 pulchra
1073 836 1082 854 ,
1116 804 1306 854 honesta,
1340 798 1546 857 praeclara
1568 808 1675 854 sunt,
1707 800 1770 857 (ut

185 897 302 939 supra
321 882 421 933 dixi,
451 882 519 922 sed
535 881 739 922 dicendum
757 880 858 920 idem
878 879 969 919 illud
988 878 1115 933 paullo
1134 877 1291 918 uberius
1307 875 1508 932 videtur3)
1537 875 1652 932 plena
1669 890 1767 931 gau-

185 959 337 1000 diorum
361 963 467 998 suut.
530 954 594 995 Ex
616 954 812 1010 perpetuis
834 961 962 993 autem
985 952 1186 1007 plenisque
1207 950 1359 1005 gaudiis
1381 964 1498 1005 quum
1521 950 1767 1006 perspicuum

185 1033 237 1075 sit
265 1032 386 1074 vitam
420 1031 572 1071 beatam
605 1028 830 1078 exsistere,
865 1026 1064 1081 sequitur,
1109 1033 1150 1066 ut
1180 1039 1226 1066 ea
1259 1024 1428 1066 exsistat
1457 1037 1511 1065 ex
1542 1024 1765 1066 honestate.

298 1104 465 1147 XXIV.
500 1110 570 1145 68.
621 1100 700 1144 Sed
724 1115 774 1143 ne
797 1101 931 1143 verbis
954 1100 1081 1142 solum
1104 1100 1343 1155 attingamus
1363 1112 1432 1150 ea,
1465 1112 1567 1154 quae
1587 1099 1770 1141 volumus

185 1181 422 1231 ostendere,
457 1178 712 1235 proponenda
737 1177 927 1232 quaedam
955 1175 1066 1230 quasi
1089 1174 1288 1216 moventia
1312 1180 1426 1225 sunt,
1468 1187 1568 1228 quae
1592 1188 1664 1215 nos
1687 1187 1770 1215 ma-

184 1258 244 1312 gis
273 1258 320 1297 ad
345 1254 610 1310 cognitionem
635 1251 1011 1306 intelligentiamque
1037 1254 1287 1291 convertant.
1351 1245 1541 1290 Sumatur
1571 1248 1675 1289 euim
1697 1262 1769 1289 no-

183 1330 243 1372 bis
279 1330 434 1385 quidam
460 1335 665 1384 praestans
696 1327 759 1368 vir
790 1325 945 1381 optimis
975 1324 1149 1375 artibus,
1194 1323 1306 1379 isque
1337 1323 1468 1364 animo
1496 1336 1706 1379 parumper
1729 1329 1770 1364 et

184 1404 426 1460 cogitatione
449 1403 632 1457 fingatur.
694 1399 870 1441 Primum
893 1399 1051 1454 ingenio
1079 1398 1227 1439 eximio
1249 1398 1301 1439 sit
1324 1410 1489 1439 necesse
1515 1404 1603 1449 est3
1646 1397 1770 1439 tardis

185 1479 291 1521 enim
317 1477 513 1519 mentibus
537 1476 662 1518 virtus
686 1490 764 1515 non
792 1474 904 1514 facile
927 1473 1161 1524 comitatur3
1208 1471 1349 1513 deinde
1382 1471 1431 1513 ad
1454 1471 1769 1527 investigandam

183 1554 392 1596 veritatem
427 1551 555 1592 studio
581 1550 758 1590 incitato.
822 1547 890 1589 Ex
920 1563 996 1602 quo
1019 1547 1166 1603 triplex
1201 1547 1265 1588 ille
1291 1546 1410 1588 animi
1441 1547 1544 1588 fetus
1571 1546 1765 1588 exsistet:

186 1642 288 1670 unus
312 1628 352 1667 in
375 1625 599 1681 cognitione
621 1638 753 1665 rerum
782 1623 933 1679 positus
960 1630 998 1663 et
1020 1622 1060 1663 in
1085 1621 1349 1676 explicatione
1372 1628 1561 1675 naturae3
1605 1621 1706 1662 alter
1728 1620 1770 1662 in

185 1740 262 1770 lunt.
309 1736 351 1768 de
380 1733 575 1773 Or.1[.60,
603 1731 689 1766 246:
726 1732 808 1771 iste,
846 1730 900 1775 qni
928 1741 959 1764 se

183 1785 250 1816 vult
268 1783 408 1815 dicacem
428 1787 461 1812 et
480 1779 669 1812 mehercule
689 1785 750 1810 est.
785 1777 828 1809 de
850 1777 956 1809 Divin.

185 1830 238 1867 11,
265 1828 325 1861 57:
362 1826 491 1870 quidvis
524 1828 617 1858 malle
648 1824 824 1862 videntur,
861 1834 960 1867 quam

187 1884 218 1907 se
242 1883 304 1906 ποτι
327 1876 456 1913 ineptos.

254 1918 430 1962 ayitandis]
465 1916 542 1949 Scil.
574 1921 699 1949 mente.
740 1915 795 1947 Sic
825 1916 961 1955 cogitare

189 1971 239 1996 est
262 1975 391 1999 secum,
419 1975 491 1995 cum
514 1968 626 1994 mente
648 1960 785 2003 agitare.
835 1959 960 1991 Obser-

187 2009 331 2042 vandum
357 2016 427 2046 est,
463 2016 592 2040 veteres
627 2009 787 2048 cogitandi
812 2005 960 2038 actiones

187 2062 306 2087 notare
339 2054 468 2092 verbis,
504 2065 587 2097 quae
613 2054 758 2084 movendi
787 2051 960 2083 notionem

187 2100 331 2138 habent,
359 2107 394 2131 ut
412 2102 552 2140 volvere,
576 2109 713 2138 versare,
735 2099 877 2130 volutare
896 2096 960 2128 ali-

188 2145 265 2190 quid
293 2145 326 2177 in
352 2144 484 2183 animo,
521 2145 573 2176 vel
595 2144 723 2180 animo,
763 2143 813 2174 vel
837 2154 959 2174 secum.

190 2193 241 2223 De
265 2190 401 2222 Graecis
434 2190 477 2222 cf.
499 2190 533 2221 ll.
556 2203 594 2226 κ,
616 2188 658 2221 4:
704 2186 809 2223 πολλὰ
842 2187 960 2231 φρεσὶν

188 2234 396 2280 ὁρμαίνοντα.
452 2235 506 2266 Sic
545 2231 731 2279 βείλλεσὲαι
770 2234 818 2268 ἐνὶ
859 2234 959 2278 ‘sapei‘

187 2282 277 2327 apud
297 2282 491 2313 Homerum.

259 2331 291 2360 in
312 2327 420 2368 caede]
457 2327 506 2357 Ex
528 2325 742 2357 antecedenti
766 2325 870 2356 verbo
894 2327 958 2356 ale-

189 2376 281 2406 batur
302 2384 363 2416 per
383 2372 538 2415 figuram,
564 2382 647 2413 quae
666 2370 887 2411 grammaticis
905 2370 959 2401 di-

189 2420 275 2452 citur
297 2430 431 2462 zeugma
445 2443 452 2455 ,
478 2415 674 2448 eliciendum
696 2423 747 2446 est
770 2415 860 2446 aliud
880 2427 960 2447 ver—-

187 2465 286 2506 burn,
323 2463 414 2508 quod
437 2462 514 2495 huic
536 2460 722 2493 sententiae
747 2460 850 2503 magis
875 2472 959 2492 con-

189 2510 323 2545 veniat.
360 2509 407 2541 uti
439 2510 652 2541 delectabatur
671 2505 705 2537 in
725 2505 825 2537 caede
848 2512 881 2537 et
903 2505 959 2537 in-

188 2555 291 2588 iuriis.
327 2556 367 2587 V.
389 2554 513 2587 Adnot.
535 2553 568 2584 in
594 2553 634 2583 11.
653 2548 717 2592 24,
738 2551 790 2583 57.

257 2601 312 2635 67.
335 2603 413 2633 Eius
427 2602 504 2632 bono
515 2599 684 2640 fruendum
697 2601 740 2629 est
761 2597 870 2637 igilur]
888 2596 958 2627 Ob-

189 2658 284 2679 serva
308 2646 461 2678 voculam
482 2647 579 2686 igitur
598 2643 631 2675 in
653 2642 769 2686 quinta
789 2641 868 2672 sede
892 2652 959 2683 po—

189 2692 298 2732 sitam,
320 2691 410 2734 quod
427 2691 505 2723 inde
526 2691 652 2722 factum
671 2695 732 2725 est,
750 2686 840 2730 quod
858 2685 959 2718 verba

189 2740 256 2770 eius
274 2740 352 2770 bono
373 2749 447 2769 cum
468 2736 500 2768 vi
519 2734 662 2779 quadam
683 2731 853 2766 efferenda
872 2737 959 2763 sunt.

193 2783 246 2815 Cf.
267 2782 392 2815 Adnot.
417 2782 451 2814 in
478 2783 502 2814 Ι.
525 2779 582 2821 14,
606 2781 662 2814 32.
687 2778 752 2817 29,
771 2777 824 2812 71.

261 2828 340 2859 CAP.
354 2828 483 2860 XXIV.
506 2826 562 2861 6&-
594 2827 657 2859 Sed
677 2835 715 2858 ne
737 2824 852 2865 verbis]
879 2822 957 2854 Vir-

190 2879 296 2904 tutem
326 2873 369 2905 ad
391 2873 489 2905 beate
523 2871 703 2903 vivendum
735 2881 771 2902 se
791 2868 863 2912 ipsa
886 2879 957 2900 esse

193 2924 382 2950 contentam
409 2920 453 2961 (c.
473 2915 536 2956 24,
559 2924 593 2949 et
612 2917 668 2957 25)
682 2942 690 2955 ,
715 2915 763 2947 sic
784 2913 956 2947 concludi-

190 2969 261 2999 tur:
288 2964 397 2995 Bonus
416 2964 466 2996 vir
483 2963 572 2995 idern
589 2968 640 2995 est
658 2961 800 3005 samem,
824 2958 957 3003 ingenio

993 1729 1114 1762 eximio
1145 1729 1291 1761 munitus
1317 1735 1350 1760 et
1376 1728 1524 1760 veritatis
1558 1727 1768 1772 indagandae

993 1775 1105 1808 studio
1142 1775 1296 1818 agitatus.
1356 1775 1402 1806 Ex
1436 1773 1621 1818 sapientiae
1656 1782 1768 1807 autem

994 1821 1106 1854 studio
1137 1819 1392 1852 humanissimae
1413 1819 1603 1863 voluptates
1624 1819 1766 1863 gaudia-

995 1879 1059 1912 que
1087 1865 1315 1909 limpidissima
1344 1865 1386 1898 ad
1419 1865 1603 1909 sapientem
1640 1865 1766 1897 redun—

996 1914 1098 1948 dant;
1129 1911 1247 1956 quodsi
1269 1911 1370 1955 igitur
1391 1910 1513 1943 talibus
1535 1910 1631 1943 bonis
1652 1911 1766 1950 animi,

994 1959 1015 1990 i.
1035 1971 1063 1990 e.
1083 1957 1270 1994 virtutibus,
1298 1956 1345 1989 uti
1367 1956 1500 1989 beatum
1520 1963 1580 1994 est,
1605 1956 1764 2001 sequitur,

997 2011 1032 2035 ut
1049 2015 1164 2036 omnes
1185 2003 1352 2047 sapientes
1370 2013 1437 2034 non
1454 2002 1562 2035 solum
1576 2002 1667 2035 beati
1686 2002 1763 2040 sint,

995 2049 1054 2082 sed
1088 2049 1187 2081 etiam
1221 2048 1422 2086 beatissimi,
1461 2047 1536 2092 quia
1569 2048 1645 2080 talis
1676 2048 1766 2081 vitae

995 2095 1122 2138 gaudiis
1148 2094 1230 2127 nihil
1253 2094 1380 2126 beatius
1397 2093 1536 2137 cogitari
1557 2100 1680 2137 potest,
1704 2105 1767 2126 nec

996 2154 1034 2173 ea
1060 2141 1203 2173 obnoxia
1229 2147 1279 2172 est
1304 2141 1472 2173 fortunae.

1063 2188 1106 2218 ad
1124 2187 1345 2227 coquitioriem]
1371 2185 1415 2217 ad
1437 2197 1476 2217 ea
1497 2185 1612 2217 melius
1636 2196 1767 2228 coguo-

995 2232 1117 2264 scenda
1136 2239 1169 2263 et
1188 2230 1427 2274 intelligenda,
1451 2242 1535 2274 quae
1555 2230 1589 2263 in
1611 2230 1766 2274 superio-

994 2279 1083 2310 ribus
1106 2277 1291 2320 generatim
1313 2276 1481 2320 disputata
1501 2283 1589 2308 sunt.
1626 2278 1766 2309 Neidius.

1059 2322 1247 2366 parumper]
1285 2322 1370 2361 „wie
1397 2321 1456 2354 das
1479 2322 1596 2354 Franz.
1618 2332 1663 2354 un
1681 2332 1765 2363 peu;

995 2369 1049 2402 dic
1073 2369 1153 2400 mihi
1174 2379 1346 2408 parumper
1371 2367 1518 2412 (einmal)
1534 2392 1543 2409 ‚
1568 2366 1765 2400 dites-moi

995 2427 1038 2446 un
1062 2419 1164 2458 peu.“
1216 2415 1305 2454 Wolf.

1061 2461 1214 2492 mentibus
1245 2458 1426 2501 comitatur]
1465 2457 1521 2490 Sic
1549 2457 1638 2489 infra
1663 2468 1689 2489 c.
1707 2457 1763 2497 35,

997 2505 1080 2538 100:
1103 2515 1184 2546 quae
1203 2507 1392 2537 comitantur
1418 2505 1490 2536 huic
1507 2506 1612 2536 vitae:
1642 2502 1697 2533 ubi
1717 2501 1765 2534 sic

994 2550 1155 2593 expressit
1183 2561 1232 2592 gr.
1265 2545 1332 2583 ὅσα
1363 2547 1473 2593 τούτῳ
1507 2547 1680 2588 ξυνέπεται
1713 2547 1762 2591 τῷ

995 2594 1069 2639 βίῳ.
1100 2597 1137 2627 In
1152 2595 1202 2627 his
1223 2594 1350 2625 duobus
1370 2594 1451 2626 locis
1470 2592 1574 2626 verbo
1594 2594 1765 2625 comitandi

996 2640 1112 2671 Cicero
1135 2640 1211 2672 ideo
1232 2638 1421 2671 adiunxisse
1442 2638 1573 2670 videtur
1602 2637 1762 2678 dativum,

995 2685 1069 2728 quia
1090 2685 1176 2716 hanc
1197 2685 1301 2717 habet
1319 2684 1397 2723 vim,
1423 2690 1459 2715 ut
1480 2683 1569 2715 idem
1587 2683 1761 2726 significet,

993 2729 1084 2774 quod
1107 2732 1305 2762 coniunctum
1328 2739 1402 2762 esse.
1449 2728 1537 2761 Alibi
1562 2728 1670 2768 enim,
1706 2728 1763 2761 ubi

992 2775 1162 2819 propriam
1177 2774 1454 2817 significationem
1466 2773 1580 2817 habet,
1605 2781 1763 2806 constru-

992 2821 1040 2853 xit
1065 2832 1138 2853 cum
1161 2819 1372 2858 accusativo;
1404 2831 1592 2864 quanquam
1613 2819 1656 2852 de
1677 2820 1779 2863 Rep..

992 2868 1035 2918 ΙΙζ
1052 2863 1105 2899 24.
1130 2865 1268 2909 legitur:
1293 2868 1340 2898 illi
1358 2876 1520 2909 prospere
1542 2866 1679 2898 fortuna
1699 2876 1761 2897 co-

992 2918 1109 2944 mitata
1133 2918 1195 2944 est.

1059 2960 1173 2999 triplex
1189 2959 1242 2991 ille
1257 2958 1358 2990 animi
1369 2958 1464 3000 setus]
1482 2956 1525 2991 H.
1539 2968 1569 2989 e.
1585 2955 1637 2989 his
1656 2953 1758 2989 animi
