1827 3101
166 62 219 107 76

163 161 270 211 ptum
290 151 504 209 Apollinis,
532 164 608 206 quo
628 156 778 200 mouet,
810 155 855 189 ut
876 162 920 217 se
940 148 1103 204 quisque
1126 154 1279 190 noscat.
1340 147 1437 190 Non
1455 148 1577 200 enim,
1608 149 1744 202 credo,

162 229 202 271 id
238 227 449 285 praecipit,
487 232 530 267 ut
559 223 737 266 membra
771 230 908 264 nostra
947 230 1016 264 aut
1044 230 1234 264 staturam
1263 224 1478 279 figuramve
1520 237 1744 266 noscamus.

759 67 930 101 Lmen
954 68 981 101 1.
1005 66 1071 110 22,
1095 67 1152 102 53.

162 302 307 358 Neque
347 316 419 342 nos
461 313 628 354 corpora
668 311 829 338 sumus:
874 311 948 338 nec
993 311 1091 352 ego,
1139 297 1208 338 tibi
1248 297 1346 339 haec
1384 298 1542 350 dicens,
1590 298 1748 354 corpori

162 385 230 419 tuo
253 377 356 418 dico.
420 374 550 429 Quum
575 373 719 427 igitur,
753 385 883 413 nosce
902 377 968 423 te,
999 372 1118 423 dicit,
1152 371 1225 412 hoc
1250 372 1367 424 dicit,
1399 386 1530 415 nosce
1561 373 1749 414 animum

163 457 292 494 tuum.
353 449 457 490 'Nam
493 461 637 503 corpus
667 446 822 501 quidem
852 445 961 501 quasi
989 460 1060 488 vas
1087 452 1170 497 est,
1214 453 1283 487 aut
1308 446 1466 501 aliquod
1492 446 1613 489 animi
1635 460 1749 488 rece-

162 525 383 582 ptaculum:
431 523 478 564 ab
514 522 646 563 animo
682 528 747 562 tuo
786 520 968 575 quicquid
1008 520 1161 576 agitur,
1213 520 1252 561 id
1283 520 1414 575 agitur
1446 534 1469 562 a
1503 527 1558 562 te.
1630 519 1749 562 Hunc

162 601 283 655 igitur
305 612 424 639 nosse
458 596 534 638 nisi
561 596 732 637 divinum
757 602 864 636 esset
879 627 889 646 ‚
924 609 1003 635 non
1026 602 1133 637 esset
1155 595 1228 636 hoc
1248 594 1414 636 acrioris
1442 595 1643 636 cuiusdam
1665 594 1750 635 ani-

162 675 217 716 mi
234 679 484 730 praeceptum
500 703 510 723 ‚
556 670 614 712 sic
639 677 681 711 ut
703 669 888 710 tributum
913 669 987 710 deo
1008 670 1074 710 sit.
1138 675 1207 711 55.
1243 666 1323 710 Sed
1343 669 1404 720 si,
1449 668 1573 725 qualis
1595 669 1647 710 sit
1664 668 1748 710 ani-

161 762 276 800 mus,
316 748 401 804 ipse
435 746 587 787 animus
615 744 790 786 nesciet:
834 744 919 795 dic,
963 757 1134 798 quaeso,
1176 757 1227 784 ne
1255 757 1345 785 esse
1369 743 1525 799 quidem
1551 757 1595 785 se
1619 743 1750 785 sciet?

161 838 214 866 ne
237 822 387 864 moveri
412 821 565 876 quidem
587 820 656 860 se?
688 832 739 860 ex
762 832 842 873 quo
862 818 927 859 illa
946 818 1048 859 ratio
1071 825 1163 859 nata
1188 825 1249 859 est
1269 816 1464 870 Platonis,
1499 832 1600 874 quae
1622 833 1645 859 a
1671 816 1750 860 So-

163 905 273 939 crate
302 903 363 938 est
388 896 428 936 in
453 893 635 936 Phaedro
666 893 861 949 explicata
877 924 888 944 ,
923 907 946 934 a
969 906 1032 934 me
1055 899 1183 934 autem
1207 892 1336 948 posita
1362 899 1424 934 est
1447 893 1488 933 in
1507 899 1626 934 sexto
1648 892 1750 934 libro

161 973 209 1014 de
239 971 303 1013 Re
335 970 513 1026 publica:

274 1043 442 1087 XXIII.
506 1042 661 1097 „Quod
698 1055 857 1098 semper
884 1048 1093 1093 movetur,
1135 1048 1341 1083 aeternum
1368 1048 1454 1094 est3
1487 1041 1590 1097 quod
1618 1047 1751 1083 autem

161 1128 310 1164 motum
338 1120 454 1160 affert
477 1118 620 1169 alicui,
662 1116 842 1171 quodque
861 1116 987 1172 ipsum
1013 1115 1185 1170 agitatur
1209 1116 1414 1168 alicunde,
1460 1116 1616 1172 quando
1633 1115 1752 1156 finem

163 1196 280 1238 habet
301 1201 453 1244 motus,
487 1192 645 1234 vivendi
674 1191 790 1231 linem
814 1190 956 1231 habeat
980 1204 1146 1232 necesse
1175 1199 1250 1232 est.

1314 1189 1453 1233 Solum
1473 1191 1594 1247 igitur
1605 1222 1616 1242 ,
1650 1189 1753 1245 quod

164 1286 210 1314 se
233 1272 359 1326 ipsum
382 1274 540 1319 movet,
574 1266 665 1321 quia
693 1278 889 1319 uunquam
919 1264 1117 1306 deseritur
1138 1279 1161 1306 a
1184 1279 1228 1306 se
1245 1297 1257 1318 ,
1289 1279 1489 1321 nunquam
1518 1278 1570 1306 ne
1596 1264 1752 1306 moveri

162 1385 252 1420 Adn.
275 1385 344 1424 ΙΙΙ,
369 1383 433 1425 30,
458 1379 512 1415 74.
544 1379 609 1421 33,
634 1377 688 1413 79.
738 1378 790 1410 Cf.
816 1377 940 1412 Adnot.

163 1432 199 1465 in
219 1444 246 1463 e.
262 1430 302 1463 21
317 1456 325 1469 ,
352 1426 408 1461 43.

231 1487 295 1509 non
313 1478 415 1514 enim,
440 1472 546 1516 credo]
574 1472 685 1511 Credo,
708 1472 828 1510 opinor,
852 1473 941 1510 puto,

162 1533 273 1565 spere,
298 1531 386 1559 reor,
411 1518 553 1551 orationi
573 1517 619 1549 ita
638 1518 781 1554 inserta,
807 1522 843 1546 nt
864 1515 940 1546 nul—

164 1569 231 1602 lam
252 1568 286 1599 in
309 1563 546 1598 enuntiationis
572 1569 772 1595 structuram
796 1561 942 1592 habeant

163 1615 242 1653 vim,
268 1624 367 1656 saepe
388 1611 514 1643 habent
534 1609 601 1641 vim
619 1608 757 1640 ironiae.
791 1607 832 1638 V.
852 1608 941 1639 Kah-

163 1671 229 1694 πᾶν.
264 1660 304 1691 L.
341 1658 400 1689 Gr.
434 1659 463 1701 ᾗ.
482 1655 564 1696 129,
600 1654 632 1688 7.
670 1666 702 1697 p.
723 1652 800 1686 295.
835 1651 886 1684 ed.
907 1654 939 1684 2.

163 1706 257 1739 Infra
280 1716 307 1737 c.
330 1702 395 1742 36,
429 1701 485 1736 δῖ.
511 1708 544 1732 et
571 1713 598 1733 c.
619 1698 685 1739 38,
720 1698 774 1732 92.
809 1700 941 1738 opinor,-

166 1750 274 1789 c.39‚
299 1746 353 1783 94.
387 1758 476 1787 reor,·
512 1758 539 1778 c.
557 1743 624 1784 44,
651 1746 724 1778 105.
756 1745 858 1776 credo.
884 1745 940 1775 111.

168 1797 230 1836 17,
256 1795 310 1830 37.
337 1794 399 1830 21.
427 1794 487 1825 50:
516 1794 585 1830 Ita,
612 1792 724 1830 credo,
749 1788 792 1820 do
812 1789 942 1821 honore

166 1850 224 1875 aut
246 1841 288 1873 de
307 1839 471 1882 dignitate
491 1836 734 1870 contendimus.
770 1834 942 1866 Interdum

166 1888 268 1920 etiam
297 1884 488 1930 praeposita
521 1883 622 1915 verba
644 1882 701 1913 illa
722 1880 943 1927 reperiuntur.

166 1934 207 1966 V.
230 1935 328 1965 Kritz.
361 1931 403 1963 ad
425 1930 502 1962 Sall.
530 1929 600 1960 Cat.
624 1929 705 1967 LII,
735 1928 784 1959 15.
817 1925 942 1969 p.⁴269.

232 1987 329 2018 neque
348 1987 403 2008 nos
423 1984 554 2015 corpora
573 1974 695 2015 sumus]
717 1974 831 2004 Somn.
853 1971 942 2014 Scip-

167 2025 200 2059 8.
229 2023 284 2067 (de
305 2023 388 2064 Rep.
410 2023 476 2059 Vl,
501 2018 589 2060 243:
627 2019 681 2050 Sic
704 2018 850 2056 habeto,
875 2029 943 2049 non

169 2081 240 2103 esse
265 2076 298 2100 te
320 2066 518 2105 mortalem,
544 2064 602 2096 sed
627 2075 746 2106 corpus
771 2063 856 2099 hoc;
882 2074 944 2094 nec

168 2116 256 2148 enim
281 2120 317 2145 tu
342 2113 368 2144 is
394 2124 447 2150 es,
484 2121 584 2154 quem
606 2109 715 2141 forma
741 2108 803 2140 ista
829 2108 944 2140 decla—

168 2168 241 2200 rat,
275 2158 335 2191 sed
358 2169 450 2189 mens
486 2155 642 2199 cuiusque
664 2154 691 2186 is
715 2160 766 2185 est
795 2153 943 2197 quisque,

168 2218 239 2240 non
263 2216 302 2237 ea
322 2204 426 2247 figura
440 2227 449 2245 ,
485 2213 570 2246 quae
593 2199 700 2243 digito
723 2198 945 2231 demonstrari

167 2257 291 2297 potest.

238 2307 334 2339 quum
351 2293 462 2337 ἱρέων]
487 2293 579 2324 Haec
601 2290 707 2335 petita
727 2295 805 2321 sunt
825 2301 843 2321 e
863 2289 944 2321 Pla-

169 2343 259 2376 tonis
285 2341 392 2374 Alcib.
420 2341 444 2370 1.
477 2350 510 2382 p.
533 2337 607 2370 131.
643 2339 688 2368 A:
731 2333 844 2379 ψυχὴν
879 2331 944 2376 ἄρα

169 2387 266 2434 ἡμᾶς
286 2382 419 2421 κελεύει
437 2383 601 2428 γνωρίσαι
619 2379 636 2416 ὁ
657 2379 840 2415 ἐπιτάττων
859 2381 945 2424 γνῶ-

170 2447 224 2470 ναι
248 2428 375 2468 ἑαυτόν.

239 2483 321 2513 hunc
341 2480 437 2519 igitur
454 2473 557 2518 nosse]
577 2473 617 2505 V.
631 2472 716 2504 Plat.
733 2471 755 2503 l.
769 2471 803 2503 d.
821 2483 853 2514 p.
870 2469 944 2504 129.

171 2530 212 2561 A.
261 2522 436 2556 Sententia
470 2527 520 2552 est
551 2520 651 2551 haec:
692 2516 767 2549 Nisi
797 2515 944 2559 cognitio

171 2572 222 2605 sui
243 2570 356 2603 divina
379 2574 483 2607 esset,
506 2564 588 2598 illud
607 2569 834 2607 praeceptum,
857 2571 946 2613 nosce

172 2622 219 2659 te,
243 2628 313 2649 non
335 2615 451 2647 datum
473 2618 560 2644 esset
583 2610 623 2642 ab
647 2608 781 2641 homine
808 2618 944 2639 acrioris

171 2662 306 2707 ingenii,
332 2661 373 2693 ab
397 2658 525 2692 acriore
546 2654 690 2700 quodam
708 2653 842 2696 ingenio
858 2653 945 2704 ·(von

174 2710 283 2742 einem
316 2706 466 2739 hoheren
493 2701 655 2739 Weseni:
692 2698 783 2743 quod
811 2698 946 2742 qu1dem

174 2759 390 2798 praeceptum
421 2757 493 2782 tam
522 2746 727 2793 praeclarum
759 2750 828 2783 est,
864 2750 900 2775 ut
925 2754 945 2775 a

175 2800 239 2832 deo
259 2798 451 2842 profectum
469 2801 622 2839 putatum
640 2792 694 2824 sit.
732 2791 782 2822 Ex
802 2801 866 2832 qua
885 2800 945 2820 ex.-

176 2845 355 2888 plicatione
375 2842 459 2874 illud
483 2850 614 2885 quoque
636 2836 735 2869 facile
757 2847 863 2878 erueS,
889 2846 947 2866 cur

176 2889 304 2920 dictum
325 2888 389 2920 sit:
425 2890 469 2920 sic
490 2890 524 2918 ut
544 2887 694 2918 tributum
716 2884 773 2914 deo
795 2882 854 2922 sit,
879 2891 947 2932 non

176 2938 262 2967 esset.
309 2933 474 2964 Nimirum
502 2932 586 2964 haec
613 2928 716 2962 verba
738 2938 818 2978 νῐιοῖι
838 2932 948 2970 peru-

177 2984 260 3012 nent
273 2977 316 3010 ad
331 2977 437 3022 ipsam
457 2975 658 3009 sententiam
675 2971 949 3015 conditionalem,

974 1379 1249 1412 antecedentibus
1284 1378 1394 1411 verbis
1432 1390 1645 1423 expressam,
1689 1377 1752 1410 sed

976 1425 1208 1468 coniungenda
1226 1431 1303 1456 sunt
1322 1437 1395 1457 cum
1412 1424 1600 1457 vocabulis:
1621 1426 1754 1458 acrioris

975 1473 1141 1503 cuiusdam
1164 1474 1263 1503 animi
1281 1475 1502 1512 praeceptum,
1526 1470 1573 1502 ita
1594 1477 1632 1502 ut
1650 1481 1752 1514 prae-

976 1516 1078 1548 dicati
1109 1516 1150 1547 de
1178 1516 1229 1548 his
1264 1516 1435 1548 vocabulis
1467 1516 1631 1549 enuntiati
1662 1516 1751 1549 vices

975 1563 1170 1594 sustineant.
1219 1562 1414 1605 Significant
1436 1561 1524 1594 enim
1544 1561 1627 1594 nihil
1649 1561 1752 1602 aliud,

974 1608 1055 1640 nisi:
1079 1612 1280 1648 praeceptum
1299 1610 1356 1640 deo
1374 1610 1506 1649 dignum
1523 1609 1675 1649 habitum,
1699 1606 1754 1640 vel

975 1658 1040 1686 tam
1056 1656 1279 1694 praeclarum,
1303 1653 1355 1685 vel
1380 1658 1447 1686 tam
1470 1656 1555 1686 acris
1577 1655 1694 1694 animi,
1719 1656 1754 1686 uh

976 1702 1033 1732 deo
1056 1702 1205 1731 tribulum
1228 1702 1277 1731 sit.
1327 1699 1491 1738 Quocirca
1516 1705 1608 1732 extra
1631 1698 1753 1732 condi-

975 1744 1109 1777 tionalis
1131 1744 1290 1776 orationis
1313 1751 1514 1777 structuram
1534 1745 1645 1789 posita
1663 1751 1751 1777 sunt.
1798 1753 1801 1755 ’

1046 1795 1122 1823 esset
1137 1809 1181 1814 —-
1202 1791 1291 1832 esset]
1318 1790 1410 1822 Infra
1430 1792 1473 1823 ΙΙ.
1494 1791 1527 1831 5,
1551 1792 1612 1824 12:
1639 1801 1752 1823 nonne

977 1836 1160 1869 verendum
1184 1839 1226 1867 est
1247 1835 1368 1878 igitur,
1393 1835 1420 1867 si
1442 1840 1485 1868 est
1504 1836 1572 1876 ita,
1597 1843 1633 1868 ut
1657 1835 1751 1868 dicis.

978 1883 1042 1922 21,
1068 1880 1130 1915 47:
1169 1880 1196 1912 si
1220 1881 1303 1913 nihil
1327 1885 1403 1914 esset
1425 1880 1536 1921 aliud,
1570 1881 1652 1914 nihil
1678 1885 1755 1915 esset

978 1927 1113 1960 homine
1132 1926 1326 1959 deformius.
1362 1928 1418 1959 ΙΙΙ.
1440 1928 1492 1966 15,
1507 1927 1570 1961 32:
1597 1927 1652 1971 qui
1671 1939 1755 1960 cen-

979 1980 1051 2014 set,
1092 1984 1227 2005 neeesse
1261 1983 1324 2006 esse
1348 1984 1463 2004 omnes
1487 1972 1521 2004 in
1546 1973 1755 2016 aegritudine

979 2030 1053 2052 esse.
1090 2018 1163 2050 Fin.
1188 2019 1228 2050 11.
1251 2018 1312 2052 19:
1340 2018 1440 2058 Quod
1461 2017 1595 2063 quidem
1614 2018 1680 2050 eius
1698 2019 1755 2050 fa-

981 2073 1070 2097 ctum
1088 2064 1152 2096 nisi
1175 2067 1252 2096 esset
1272 2063 1342 2096 iure
1362 2063 1550 2104 laudatum,
1586 2076 1655 2096 non
1679 2068 1757 2098 esset

977 2111 1125 2143 imitatus
1145 2109 1241 2141 filius.
1279 2109 1397 2143 Talem
1413 2109 1561 2142 eiusdem
1580 2117 1658 2154 post
1675 2109 1757 2143 bre-

979 2168 1053 2188 vem
1077 2156 1256 2188 verborum
1286 2155 1572 2199 intercapedinem
1601 2155 1757 2188 vocabuli

979 2201 1215 2244 repetitionem
1248 2212 1316 2233 non
1340 2213 1416 2234 raro
1441 2201 1495 2233 vel
1519 2201 1755 2246 elegantissimi

977 2254 1129 2278 veterum
1154 2246 1335 2288 scriptores
1363 2246 1424 2278 sibi
1444 2246 1662 2280 indulserunt.
1710 2248 1752 2280 V.

978 2292 1150 2324 Adnotata
1166 2298 1281 2323 nostra
1301 2292 1336 2323 in
1356 2293 1415 2323 111.
1433 2291 1485 2332 13,
1499 2293 1561 2326 28:
1586 2295 1631 2325 ila
1649 2296 1756 2326 visum

977 2340 1037 2377 sit,
1062 2341 1095 2368 ut
1115 2355 1160 2361 -—
1182 2338 1340 2368 videatur.
1388 2337 1494 2380 Saepe
1523 2337 1557 2369 in
1589 2337 1654 2370 hac
1678 2338 1754 2381 ipsa

978 2381 1180 2425 repetitione
1200 2393 1320 2425 magna
1337 2381 1387 2413 vis
1406 2382 1516 2426 posita
1534 2389 1595 2415 est.
1643 2384 1685 2416 V.
1708 2383 1752 2416 ad

980 2440 1007 2459 c.
1027 2427 1089 2467 23,
1115 2425 1178 2460 54:
1204 2439 1312 2471 neque
1333 2433 1412 2460 nata
1435 2434 1525 2461 certe
1546 2433 1609 2470 est,
1635 2434 1670 2462 et
1691 2441 1752 2463 ae-

979 2479 1076 2505 terna
1100 2476 1153 2505 est.

1044 2521 1089 2551 sic
1111 2522 1144 2550 ut
1165 2520 1316 2551 tributum
1339 2521 1395 2552 deo
1422 2520 1477 2564 sit]
1509 2520 1630 2553 Lectio
1654 2520 1752 2554 codi-

980 2574 1054 2596 cum
1078 2570 1146 2595 est:
1172 2567 1216 2596 sic
1236 2568 1270 2596 ut
1291 2567 1442 2597 tributum
1462 2576 1483 2597 a
1506 2567 1563 2598 deo
1584 2569 1625 2599 sit
1644 2569 1700 2600 hoc
1721 2576 1753 2599 se

976 2612 1081 2649 ipsum
1101 2620 1191 2650 posse
1203 2620 1384 2651 cognoscere
1394 2621 1406 2651 ‚·
1428 2617 1464 2642 at
1477 2610 1511 2642 in
1524 2611 1588 2644 hac
1606 2611 1753 2644 lectione

978 2654 1061 2687 haec
1075 2654 1162 2686 inest
1175 2655 1344 2687 sententia
1355 2655 1563 2699 ineptissima
1575 2669 1582 2688 :
1607 2657 1754 2690 animum

979 2711 1078 2732 nosse
1098 2700 1160 2731 nisi
1181 2700 1330 2732 divinum
1352 2708 1440 2732 esset
1451 2710 1464 2741 ‚‘
1487 2713 1556 2734 non
1577 2708 1665 2734 esset
1685 2703 1753 2735 hoc

979 2745 1115 2777 acrioris
1138 2745 1306 2777 cuiusdam
1325 2745 1426 2778 animi
1445 2754 1680 2791 praeceptum,
1704 2747 1753 2780 sic

980 2797 1017 2822 ut
1037 2793 1180 2823 divinum
1202 2792 1281 2822 illud
1301 2793 1350 2823 sit.
1397 2792 1505 2831 Quam
1532 2799 1643 2826 autem
1671 2805 1752 2826 sen-

979 2835 1119 2868 tentiam
1141 2836 1174 2868 h.
1195 2835 1217 2868 1.
1243 2835 1357 2868 Cicero
1388 2837 1573 2881 exprimere
1596 2839 1752 2880 voluerit,

983 2881 1157 2914 obscurum
1177 2893 1246 2914 non
1267 2888 1381 2924 potest
1402 2893 1495 2924 esse,
1519 2883 1547 2915 si
1571 2884 1643 2928 quis
1666 2895 1753 2917 con-

981 2926 1097 2959 tulerit
1126 2927 1227 2971 ipsius
1259 2927 1332 2959 Fin.
1363 2928 1406 2960 V.
1432 2928 1496 2971 16,
1524 2926 1587 2963 44:
1627 2926 1753 2971 „Qqu

981 2979 1199 3018 praeceptum
1233 2972 1310 3017 quia
1336 2973 1441 3006 maius
1466 2981 1559 3020 erat,
1592 2986 1692 3020 quam
1716 2980 1753 3008 ut
