1859 3149
481 92 483 96 ·
541 68 1135 115 L1nnaiv.12‚28.13,29.
1553 57 1638 100 235

39 180 134 213 rens
155 169 199 210 et
218 165 377 224 penitus
397 157 539 214 msita3
587 159 847 213 similiterque
868 154 1054 198 delinitur
1074 159 1115 194 et
1135 150 1363 194 mulierum
1393 148 1563 200 odium,
1598 155 1640 189 nt

45 242 275 306 Hippolyti,
310 247 373 292 et,
407 244 451 280 nt
481 235 692 285 Timonis,
720 232 898 289 ρεπεν-ῖς
928 229 1118 270 humani.

154 315 281 360 XII..
300 316 432 370 Atque
478 319 520 353 ut
561 311 609 352 ad
649 307 886 351 valetudinis
930 304 1225 346 similitudinem
1261 301 1469 343 veniamus
1514 313 1639 355 eaque

43 393 255 436 collatione
276 396 434 432 utamur
455 386 680 443 aliquando,
715 383 783 425 sed
807 381 986 439 parcius,
1023 393 1135 434 quam
1162 378 1292 419 solent
1315 374 1458 426 Stoici,
1490 381 1532 416 ut
1549 381 1643 416 sunt

45 469 111 512 alii
144 468 191 510 ad
224 466 322 508 alios
344 464 505 506 morbos
529 460 814 518 procliviore-53
865 457 994 511 itaqne
1021 454 1184 495 dii-imus
1210 452 1499 507 gravedinosos
1525 464 1643 506 qnos-

44 544 159 595 dam,
212 542 401 599 quosdam
435 538 702 586 torminosos,
760 548 839 575 non
877 531 965 587 quia
1002 531 1076 570 iam
1119 528 1220 579 siut,
1266 527 1336 567 sed
1371 526 1460 581 qnia
1495 539 1641 580 saepe,

46 620 104 662 sic
127 619 192 661 alii
218 619 265 660 ad
290 623 436 659 metum
455 647 466 665 ,
510 613 573 654 alii
600 612 645 653 ad
674 610 786 651 aliam
814 605 1181 664 pertin-bationemg
1215 616 1269 643 ex
1294 616 1370 657 quo
1394 602 1433 642 in
1459 601 1546 642 aliis
1570 615 1645 642 ιιη-

46 696 214 747 xielas,
261 693 363 735 unde
384 690 517 741 anxii3
562 687 601 729 in
623 686 708 727 aliis
730 682 966 726 iracundia
991 680 1156 730 dieitur,
1206 691 1305 734 quae
1328 677 1375 718 ab
1394 678 1464 718 ἱνα
1490 676 1645 727 dill'ert3

49 757 187 827 estque
211 768 315 811 aliud
344 764 576 809 iracundum
612 774 726 812 esse,
774 759 877 800 aliud
903 758 1073 806 iratum,
1123 762 1164 795 ut
1197 754 1328 794 dill'ert
1363 753 1566 793 anatolus
1599 751 1647 792 ab

45 857 243 902 anqov'e3
272 857 401 899 neque
423 841 526 883 enim
551 851 690 879 omues
715 835 843 886 anxii,
879 834 942 890 qni
968 838 1167 886 anguntur
1191 828 1425 884 aliquand03
1460 841 1548 877 nee,
1584 827 1648 882 qui

0 959 6 969 .
46 921 181 974 anxii,
223 933 382 976 semper
399 921 623 972 anguntur,
659 919 701 953 ut
723 911 826 952 inter
846 909 1079 951 ebrietatem
1104 914 1143 946 et
1164 905 1434 946 ebriositatem
1464 903 1647 948 interest,

48 996 230 1052 aliudque
265 1002 325 1036 est
351 1000 569 1035 amatorem
605 1001 724 1038 esse,
775 986 880 1027 aliud
915 991 1129 1025 ainantein.
1194 982 1327 1035 Atque
1362 980 1458 1020 llaec
1483 978 1650 1019 aliorum

48 1072 96 1114 ad
123 1071 224 1113 alios
245 1069 406 1112 morbos
428 1066 657 1125 proclivitas
680 1064 756 1104 late
784 1068 916 1118 patet,
953 1074 1041 1100 nam
1070 1058 1239 1114 pertinet
1262 1056 1309 1097 ad
1335 1068 1473 1096 omnes
1500 1061 1653 1111 pertur-

49 1146 249 1189 bationes.
313 1151 382 1188 28.
421 1142 466 1185 In
504 1141 635 1183 multis
670 1139 788 1180 etiam
823 1136 931 1177 vitiis
963 1141 1150 1190 apparet,
1202 1131 1270 1172 sed
1299 1145 1442 1171 nomen
1475 1144 1541 1170 res
1572 1144 1652 1170 non

51 1222 184 1265 habet.
246 1220 357 1277 Ergo
382 1227 423 1261 et
447 1218 592 1266 invidi,
627 1223 666 1256 et
692 1212 903 1262 malevoli,
939 1217 977 1251 et
1001 1209 1107 1250 lividi
1126 1241 1135 1259 ,
1183 1214 1223 1248 et
1243 1207 1389 1252 timidi,
1437 1212 1475 1245 et
1500 1204 1654 1245 miseri-

50 1292 217 1349 cordes,
263 1295 355 1352 qnia
387 1293 586 1351 proclives
621 1292 667 1332 ad
700 1303 769 1330 eas
796 1285 1115 1344 perturbationes
1133 1316 1142 1333 ,
1193 1297 1271 1323 non
1298 1281 1387 1336 quia
1415 1294 1573 1336 semper
1599 1282 1654 1319 l'e-

51 1380 208 1416 runtur.
270 1369 383 1413 Haec
406 1368 526 1425 igitur
548 1366 775 1424 proclivitas
798 1363 844 1405 ad
868 1376 979 1403 suum
1007 1359 1187 1415 qnodque
1211 1371 1336 1412 genus
1358 1372 1379 1396 a
1400 1355 1656 1396 similitudine

51 1448 230 1506 corporis
252 1446 474 1504 aegrotatio
498 1444 676 1495 dicatur,
725 1441 814 1482 dnm
849 1453 896 1480 ea
921 1436 1165 1490 intelligatur
1189 1434 1234 1474 ad
1259 1432 1546 1487 aegrotandum
1568 1446 1657 1486 pro-

52 1506 225 1570 olivitas,
291 1520 372 1565 Sed
398 1521 495 1562 haec
519 1519 558 1560 in
581 1518 696 1559 bonis
716 1515 835 1559 rebus
852 1549 861 1566 ,
905 1513 1007 1569 qnod
1034 1511 1097 1552 alii
1122 1510 1168 1550 ad
1193 1509 1268 1549 alia
1293 1508 1395 1549 bona
1417 1515 1510 1548 sunt
1533 1508 1659 1563 aptio-

53 1614 145 1653 res,
189 1598 393 1656 facilitas
421 1596 671 1645 nominetur,
707 1593 746 1633 in
773 1591 886 1632 malis
908 1588 1196 1645 proslirims,
1232 1591 1272 1625 nt
1296 1584 1491 1639 significet
1515 1582 1659 1639 lapsio-

56 1690 173 1728 nem,
207 1676 247 1717 in
277 1673 432 1716 neutris
463 1671 606 1713 habeat
637 1668 821 1725 superius
853 1679 1014 1706 nomen.

94 1799 98 1803 .
167 1748 293 1793 XIII.
335 1747 427 1804 Quo
452 1746 568 1789 modo
591 1751 722 1786 autem
757 1743 796 1784 in
822 1754 990 1797 corpore
1017 1747 1077 1780 est
1103 1737 1288 1787 morbus,
1336 1742 1397 1776 est
1420 1733 1658 1789 aegrotatio,

55 1834 118 1870 est
148 1826 314 1878 vitium3
359 1824 417 1866 sic
450 1823 491 1865 in
517 1821 665 1863 animo.
743 1817 949 1860 Morbum
979 1814 1176 1870 appellant
1211 1811 1330 1852 totius
1367 1809 1545 1865 corporis
1573 1823 1661 1849 eor-

15 1940 20 1949 .
56 1903 303 1960 ruptionem3
348 1899 696 1956 aeyrotatiouem
722 1892 901 1935 morbum
936 1904 1022 1930 cum
1050 1887 1342 1936 imbecillitate,
1390 1890 1461 1926 29.
1500 1885 1663 1935 citium,

57 1993 175 2036 quum
198 1984 331 2034 partes
354 1973 535 2030 corporis
558 1972 664 2013 inter
685 1983 729 2010 se
752 1967 969 2017 dissident,
1003 1979 1056 2005 ex
1076 1978 1152 2019 quo
1179 1961 1355 2019 pravitas
1378 1959 1662 2010 membrorum,

57 2053 242 2096 distortio
259 2084 270 2104 ,
305 2049 553 2092 deformitas.
616 2043 755 2100 Itaque
774 2043 839 2084 illa
864 2041 939 2082 duo
955 2073 965 2092 ,
999 2039 1161 2080 morbus
1183 2044 1223 2078 et
1244 2035 1467 2092 aegrotatio
1483 2067 1493 2086 ,
1529 2048 1583 2075 ex
1606 2041 1666 2074 to-

61 2130 140 2172 tius
176 2125 417 2170 valetudinis
453 2121 634 2180 corporis
668 2116 1005 2175 conquassatione
1035 2121 1075 2156 et
1099 2111 1398 2170 perturbatione
1423 2110 1664 2166 gignuntur;

129 2245 283 2278 iudicatio
301 2252 333 2276 se
351 2243 442 2282 scire,
463 2240 548 2282 quod
563 2235 697 2281 nesciat]
717 2236 758 2268 V.
775 2233 844 2267 Ad·
882 2231 965 2265 vitia
978 2230 1137 2263 differant
1151 2242 1168 2262 a
1182 2226 1504 2274 perturbationibus,
1524 2238 1555 2259 v.
1573 2238 1601 2258 c.
1616 2225 1667 2264 13,

64 2297 184 2325 notata
208 2290 242 2322 in
268 2301 296 2322 c.
315 2291 358 2329 ὅ,
382 2287 441 2322 17:
468 2286 671 2326 concupierit.
882 2278 939 2313 29.
962 2278 1018 2312 30.
1042 2277 1149 2322 princ.

79 2384 87 2391 ,
134 2335 305 2388 cuppedia]
329 2332 519 2384 „epomptat
541 2329 765 2384 30mm⁰def³ta
784 2327 848 2360 de*
953 2336 1110 2377 facilitas]
1137 2333 1264 2366 Nobis:
1300 2331 1428 2375 Anlage
1443 2357 1451 2372 ‚
1485 2333 1670 2373 proclivitas

63 2384 242 2418 beatorum
268 2382 420 2415 elborum
445 2378 651 2423 cupiditas.·‘
889 2380 1120 2425 Geneigtheit.

137 2431 216 2463 CAP.
230 2429 311 2461 XII.
329 2426 385 2462 27.
405 2426 520 2468 Atque]
548 2421 714 2457 Particula
729 2427 850 2453 trans-

63 2477 149 2511 itum
172 2475 216 2509 ad
238 2487 310 2508 rem
340 2484 464 2506 novam
496 2477 629 2504 notans.
672 2467 727 2501 sic
750 2478 778 2499 e.
796 2466 849 2507 13,

66 2523 126 2559 30.
167 2523 210 2557 V.
231 2521 406 2555 Adnotata
424 2518 458 2551 in
483 2519 539 2551 ΙΙῘ.
559 2517 612 2557 13,
631 2516 687 2549 225.

133 2579 173 2604 ex
193 2579 254 2612 quo
275 2569 311 2601 in
332 2567 422 2609 aliis]
441 2565 509 2603 „H.
522 2575 551 2596 e.
569 2574 611 2595 ex
626 2573 691 2606 qua
705 2558 850 2601 ratione,

66 2616 176 2654 unde,
215 2618 250 2648 in
284 2616 378 2656 Fulge
411 2613 532 2645 dessen.
583 2607 672 2641 Dicit
708 2607 847 2639 Cicero:

67 2661 226 2706 quoniam
249 2659 400 2704 corporis
418 2665 453 2691 et
474 2656 578 2691 animi
601 2651 852 2691 affectionibus,

68 2708 188 2753 quibus
208 2706 362 2740 homines
387 2716 500 2749 saepe,
524 2713 595 2735 non
620 2711 754 2744 semper
774 2709 854 2730 mo-

69 2759 211 2794 ventur,
250 2752 429 2785 tribuimus
461 2757 624 2794 tanquam
655 2750 855 2791 perpetuam

72 2799 322 2838 conditionem,
347 2810 389 2832 ex
410 2797 475 2830 hac
496 2795 628 2829 ratione
654 2793 796 2826 dicimus
819 2791 856 2823 in
890 2777 1042 2810 supenus
1068 2776 1116 2797 ⁵⁰⁸
1136 2764 1370 2804 ⁰e9r⁰mn⁰m⁵⁴
1413 2814 1421 2820 ,
1500 2815 1510 2819 ,
1637 2815 1642 2819 ,

71 2844 146 2878 affis
179 2844 403 2884 anxietatem,
442 2843 476 2876 in
508 2841 582 2875 aliis
612 2838 856 2873 iracundiam.“
963 2823 1043 2855 Cap.
1056 2822 1152 2854 XIII.
1170 2816 1312 2860 morbus]
1331 2814 1457 2847 Nobis:
1479 2813 1676 2853 Rranhhezt,·

73 2891 222 2932 flamia,
259 2890 304 2923 ad
332 2889 463 2934 wopk·
486 2890 600 2922 Lectt-
619 2886 710 2920 Tull·
735 2886 771 2925 Ι,
800 2881 856 2917 16,
893 2868 1105 2913 aegrotatio,
1127 2865 1301 2903 Sieclzheit;
1324 2860 1464 2901 vitium,
1490 2861 1675 2892 Gebrechen.

73 2947 110 2981 P·
128 2934 204 2970 126·
249 2942 252 2945 '
963 2925 1020 2960 29.
1046 2927 1126 2957 inter
1139 2932 1170 2955 se
1184 2920 1352 2962 dissident]
1368 2918 1413 2950 H.
1426 2929 1456 2950 e.
1475 2928 1576 2961 quum
1592 2927 1673 2961 par-

144 2980 201 3016 28.
235 2983 271 3015 ἐπ
291 2983 400 3016 multis
419 2984 517 3015 etiam
537 2979 639 3021 vitiis]
679 2973 861 3018 Quomodo
894 2981 947 3006 tes
974 2970 1124 3015 corporis
1149 2968 1238 3000 inter
1260 2976 1390 2998 senon
1415 2963 1619 3008 conspirant.

953 2443 986 2473 in
1006 2439 1139 2483 neutris]
1162 2437 1266 2471 Stoici
1282 2436 1372 2470 enim
1388 2434 1454 2468 tria
1476 2433 1668 2478 ponebant:

885 2490 966 2520 bona
980 2511 989 2527 ,
1019 2488 1108 2518 mata
1131 2491 1166 2517 et
1189 2489 1302 2518 neutra
1326 2490 1384 2516 aut
1407 2478 1578 2524 ἀδιάφορα
1605 2481 1670 2522 (res

886 2533 1014 2566 medias
1028 2539 1086 2564 aut
1101 2530 1348 2572 indifferentes)
1364 2542 1370 2560 :
1397 2540 1481 2572 quae
1503 2538 1565 2559 nec
1582 2525 1672 2557 bona

887 2586 987 2618 sunt,
1012 2591 1076 2611 nec
1097 2578 1197 2610 mala.
1247 2577 1345 2609 Plura
1368 2575 1395 2607 si
1419 2572 1533 2617 cupis,
1557 2583 1588 2603 v.
1609 2581 1672 2602 nos

887 2626 922 2659 in
939 2625 1028 2658 libro
1044 2624 1137 2658 dicto
1153 2627 1190 2658 de
1203 2626 1300 2657 Cicer.
1316 2625 1348 2654 in
1362 2622 1440 2662 phil.
1455 2629 1533 2651 mer.
1548 2629 1580 2661 p.
1592 2615 1673 2649 233.

887 2674 926 2705 Iu
953 2671 1116 2704 eiusmodi
1138 2671 1240 2715 igitur
1264 2668 1362 2700 rebus
1393 2662 1594 2708 ἀδιαφόροις
1616 2661 1674 2694 illa

888 2719 1032 2752 aliorum
1051 2718 1094 2751 ad
1110 2717 1174 2750 alia
1191 2713 1383 2759 proclivitas
1406 2721 1530 2743 nomen
1551 2708 1675 2741 habeat
