1859 3149
663 63 832 96 Lmen
856 63 898 96 11.
921 60 986 104 20,
1011 59 1067 96 47.
1584 53 1662 97 157

63 159 204 190 verum
234 147 355 189 etiam
377 145 566 204 postulat.
628 142 742 184 Nihil
774 143 879 184 euim
915 143 1032 185 habet
1058 142 1348 200 praestantius,
1392 142 1514 195 nihil,
1563 145 1667 199 quod

63 223 189 278 mgis
213 228 402 279 expetat,
445 234 563 275 quam
588 218 836 260 honestatem
854 251 865 270 ‚
913 221 1028 274 q'uam
1052 219 1230 271 laudem,
1277 233 1391 275 quam
1416 218 1666 273 dignitatem,

65 311 181 353 quam
201 298 339 339 decus.
400 294 524 337 Hisce
548 309 622 350 ego
641 293 817 350 pluribus
842 295 1067 335 nominibus
1094 310 1211 336 unam
1234 308 1318 336 rem
1340 293 1535 336 declarari
1558 295 1667 347 volo,

65 373 136 414 sed
157 380 270 423 utor,
314 379 357 414 ut.
381 386 495 428 quam
516 370 687 412 maxime
707 369 924 425 significem
939 402 949 420 ,
985 369 1176 423 pluribus.
1239 369 1346 413 Volo
1364 377 1494 412 autem
1515 371 1667 422 dicere,

66 447 161 489 illud
182 447 340 489 ¹bomini
368 448 485 502 longe
508 447 696 503 optimum
728 459 846 495 esse,
897 445 999 499 quod
1029 444 1154 500 ipsum
1188 446 1238 486 sit
1265 446 1476 502 optandum
1503 460 1575 502 per
1606 460 1668 498 se,

69 537 94 565 a
116 523 265 565 virtute
291 524 510 580 profectum
545 522 610 564 vel
637 521 676 562 iu
710 520 794 576 ipsa
822 519 969 561 virtute
1003 520 1145 571 situm,
1192 535 1263 561 sua
1291 529 1432 577 sponte
1458 521 1670 574 laudabile,

1597 597 1674 639 At-

70 687 147 729 que
171 681 215 716 ut
232 674 331 716 haec
353 674 401 716 de
420 673 612 724 honesto,
646 672 704 713 sic
732 672 779 712 de
804 671 905 726 turpi
939 671 1165 712 contraria:
1201 671 1297 712 nihil
1318 678 1394 712 tam
1418 679 1579 724 tetrum,
1614 673 1675 714 ni-

71 748 126 791 bil
149 748 568 806 tamaspernandum,
603 747 699 789 nihil
725 747 883 789 homine
905 747 1118 802 indignius.
1182 754 1253 790 47.
1289 745 1407 801 Quod
1434 748 1467 788 si
1493 748 1562 789 tibi
1585 759 1675 804 per·

71 837 232 880 suasum
255 831 342 877 est,
371 824 586 882 (principio
609 824 713 865 enim
737 823 901 875 dixisti,
937 823 1022 879 plus
1045 825 1084 863 in
1107 822 1302 864 dedecore
1327 823 1418 864 mali
1441 822 1508 863 tibi
1530 823 1674 875 videri,

73 907 188 955 quam
211 899 251 941 iu
272 899 409 942 dolore
425 901 458 954 ς)
483 900 679 955 reliquum
702 905 789 950 est,
824 906 866 939 ut
890 905 971 940 tute
996 898 1065 939 tibi
1092 898 1279 955 imperes.
1342 897 1579 954 Quanquam
1602 898 1677 939 hoc

73 974 211 1017 nescio
243 989 320 1031 quo
344 975 461 1016 modo
486 975 662 1025 dit-atur,
711 975 822 1030 quasi
855 975 931 1015 duo
957 975 1106 1025 simus,
1153 981 1194 1015 ut
1216 974 1318 1014 atter
1340 973 1532 1029 imperet,
1578 974 1680 1015 alter

75 1056 238 1106 pareat3
270 1064 351 1091 non
381 1050 524 1091 inscite
557 1056 687 1091 tamen
721 1050 877 1090 dicitur.

70 598 174 654 quod
200 599 356 654 quidem
381 598 498 640 citius
520 596 692 639 dixerim
716 595 869 646 solum,
914 610 1028 651 quam
1052 610 1131 636 non
1155 610 1348 637 summum
1373 597 1534 638 bonum.

109 1180 111 1182 .
190 1123 316 1166 XXI.
379 1124 455 1166 Est
477 1125 582 1166 enim
607 1125 760 1166 animus
791 1125 828 1166 in
850 1132 984 1181 partes
1008 1123 1177 1166 tributus
1199 1125 1320 1177 duas,
1364 1139 1530 1181 quarum
1553 1125 1679 1166 altera

76 1200 244 1242 rationis
275 1206 338 1242 est
363 1200 587 1256 particeps,
636 1201 763 1241 altera
791 1214 954 1255 expers.
1020 1198 1150 1254 Quum
1179 1201 1298 1256 igitur
1324 1201 1592 1257 praecipitur,
1639 1208 1682 1242 ut

76 1275 275 1318 nobismet
293 1275 389 1332 ipsis
411 1275 677 1332 imperemus,
722 1275 794 1316 lioc
822 1275 1086 1332 praecipitur,
1134 1283 1173 1316 ut
1194 1276 1295 1317 ratio
1316 1282 1501 1318 cot‘rceat
1521 1276 1682 1318 temeri-

78 1358 215 1393 tatem.

78 1525 208 1566 ironia,
246 1523 302 1557 ubi
331 1524 404 1570 quis
437 1524 573 1558 alterius
596 1524 799 1558 sententiam
827 1536 862 1556 se

80 1571 226 1616 probare
260 1571 407 1604 simulat.
462 1572 553 1604 Nos:
592 1573 653 1604 das
685 1574 763 1604 lasse
797 1573 863 1604 sich

81 1620 187 1651 haren.
480 1641 483 1643 -

145 1666 292 1705 pluribus
310 1667 488 1697 nominibus
505 1675 603 1697 unam
622 1675 687 1697 rem
707 1666 866 1697 declarari

82 1710 169 1755 volo]
204 1710 261 1743 Sic
281 1722 383 1755 saepe
404 1710 493 1743 solet
515 1711 632 1743 Cicero
656 1723 754 1743 unam
782 1722 864 1751 rem,

70 1756 119 1789 -iu
150 1769 214 1801 qua
245 1756 380 1801 quidem
415 1757 594 1789 maximum
628 1756 865 1801 disputationis

85 1810 293 1836 momentum
314 1803 463 1848 positum
484 1811 553 1843 est,
581 1803 729 1848 pluribus
754 1803 867 1835 nomi-

86 1849 184 1882 nibus
208 1848 400 1889 declarare,
438 1857 474 1882 ut
494 1850 563 1882 eius
587 1850 634 1881 vis
659 1862 698 1882 ac
718 1856 868 1892 potestas

88 1895 208 1929 clarius
225 1895 458 1940 perspiciatur.
490 1896 562 1928 Fin.
582 1897 642 1928 Ill.
662 1900 695 1934 4.
719 1895 777 1928 14:
805 1907 868 1926 una

85 1942 207 1982 virtus,
232 1953 332 1974 unum
354 1942 466 1980 istud,
492 1942 583 1985 quod
606 1942 783 1974 honestum
804 1952 869 1983 np-

88 1987 207 2032 pellaS,
231 1995 371 2027 rectum,
393 1987 571 2024 laudabile,
598 1987 770 2019 decorum.
792 1986 870 2028 <erit

89 2034 179 2067 euim
199 2034 334 2073 notius,
358 2034 456 2078 quale
474 2033 538 2069 sit,
557 2035 706 2074 pluribus
728 2036 870 2064 notatum

88 2082 253 2114 vocabulis
280 2081 365 2112 idem
397 2080 657 2120 declarantibus.)
697 2080 737 2110 N.
765 2080 803 2112 D.
830 2080 869 2111 lI.

91 2125 219 2165 7,1t5:
253 2125 338 2157 illud
369 2133 502 2165 antem,
536 2125 628 2170 quod
658 2125 763 2157 vincit
787 2125 872 2158 haec

93 2170 226 2211 omnia,
248 2173 406 2204 rationem
428 2171 524 2210 dico,
549 2179 593 2208 et,
620 2172 646 2204 si
666 2172 779 2215 placet
798 2174 871 2212 plu-

90 2219 180 2250 ribus
197 2219 321 2262 verbis,
351 2222 505 2259 mentem,
538 2221 724 2259 consilium,
753 2221 872 2260 cogita-

91 2265 228 2304 tionern,
249 2265 472 2305 prudentiam,
497 2263 556 2296 ubi
575 2263 790 2298 invenimus?

163 2311 269 2352 cilius]
306 2310 351 2343 Η.
375 2321 404 2342 e.
438 2310 579 2343 facilius.
627 2311 670 2342 N.
700 2311 739 2343 D.
767 2311 791 2342 Ι.
815 2310 870 2349 21,

25 2396 31 2402 .
91 2354 158 2390 6οε
183 2355 337 2388 omnibus
357 2356 430 2390 fere
446 2357 481 2389 iu
502 2357 602 2389 rebus
621 2364 656 2389 et
676 2357 820 2389 masn’me
838 2357 872 2388 in

92 2401 261 2446 physicis,
293 2402 375 2446 quid
408 2415 476 2436 non
510 2403 574 2445 sit,
611 2406 722 2444 citius,
761 2415 871 2448 quam,

94 2447 176 2492 quid
198 2448 266 2487 sit,
295 2451 443 2482 dixerim.

163 2493 220 2530 47.
252 2499 316 2528 tute
336 2497 406 2538 tibi]
433 2496 490 2529 Sic
513 2495 556 2528 de
579 2496 678 2529 Offic.
697 2497 756 2528 ΠΙ.
776 2495 810 2535 ⁴2,
829 2494 871 2530 6:

95 2551 182 2573 neve
203 2541 414 2582 committas,
450 2549 505 2581 ut,
531 2554 632 2586 quum
656 2542 767 2575 omnia
790 2554 873 2585 sup-

94 2586 247 2630 peditata
267 2587 336 2621 sint
359 2600 380 2621 a
403 2588 521 2629 nobis,
556 2593 619 2621 tute
648 2591 704 2621 tibi
727 2588 876 2621 defuisse

94 2631 243 2666 videare.

165 2681 358 2722 Quanquam
371 2682 428 2713 hoc
441 2701 486 2705 —
499 2683 641 2724 dicatur}
658 2683 790 2714 Dicatur
806 2691 876 2713 non

97 2735 118 2757 a
134 2735 339 2767 quanquam,
364 2726 425 2759 sed
447 2739 465 2759 a
489 2730 593 2760 nescio
616 2727 754 2771 pendet.

166 2770 246 2804 Cn.
265 2772 368 2805 XXI.
400 2773 549 2818 tributus]
586 2776 730 2806 Tribuere
747 2773 878 2817 saepius

103 2813 225 2866 §iduu-
242 2827 307 2861 pro
328 2818 541 2853 distribuere.
575 2822 697 2852 Orator
711 2832 739 2852 c.
752 2820 814 2854 35:
842 2826 878 2851 ut

101 2871 139 2892 ¹!
160 2872 217 2894 eas
233 2870 348 2907 partes
364 2867 526 2898 tribuatur
549 2866 656 2898 omnis
682 2865 803 2898 oratio.
836 2865 879 2898 de

37 2939 47 2954 Ι
104 2907 163 2938 01·-
183 2908 211 2939 1.
229 2909 294 2949 15,
314 2909 381 2945 68:
405 2910 620 2955 philosophia
639 2911 675 2944 in
694 2918 765 2944 tres
796 2923 880 2955 par-

101 2956 156 2983 tes
170 2956 223 2985 ἐκ
235 2956 363 2989 mua.
386 2956 489 2997 Quod
499 2965 613 2990 autem
628 2957 672 2990 ad
685 2969 758 2990 rem
772 2957 880 3001 ipsam

101 3003 254 3042 spectat,
284 3002 492 3035 monendum
514 3009 587 3045 est,
620 3003 799 3036 Platonem
823 3003 880 3048 (de

277 1349 354 1393 Est
375 1351 415 1392 in
439 1351 580 1392 animis
603 1351 777 1392 omnium
800 1352 883 1392 fere
907 1357 1045 1391 natura
1070 1351 1186 1391 molle
1213 1351 1412 1406 quiddam,
1448 1352 1680 1404 demissum,

78 1425 251 1478 humile,
283 1433 515 1469 enervatum
542 1426 830 1482 quodammodo
857 1433 897 1468 et
923 1426 1164 1481 languidum.

1230 1425 1274 1467 si
1303 1427 1398 1468 nihil
1424 1435 1533 1469 esset
1557 1428 1680 1479 aliud,

900 1525 982 1568 Rep.
1003 1525 1063 1558 lX'.
1087 1524 1159 1556 init.
1195 1524 1247 1556 Cf.
1275 1524 1398 1557 Adnot.
1420 1525 1453 1558 in
1480 1527 1504 1558 Ῑ.
1532 1526 1583 1568 10,
1608 1526 1680 1569 20.)

899 1571 1065 1615 triplicem
1082 1571 1213 1603 linxisse
1227 1571 1386 1610 animum,
1406 1572 1603 1605 Ciceronem
1621 1585 1685 1605 ve-

900 1629 938 1651 ro
961 1617 1040 1649 nlius
1066 1629 1198 1661 quoque
1221 1617 1389 1662 duplicem
1410 1619 1475 1650 vim
1499 1619 1685 1651 animorum

899 1673 1002 1708 atque
1020 1672 1173 1695 naturum
1190 1665 1368 1696 statuisse:
1397 1676 1460 1697 una
1482 1676 1559 1705 pars
1574 1668 1606 1697 in
1625 1675 1685 1706 ap-

898 1714 997 1753 petitu
1027 1714 1130 1751 posita
1156 1716 1215 1747 est,
1256 1722 1337 1751 quae
1363 1716 1405 1743 ese
1438 1708 1527 1754 ἑςμῆ
1556 1713 1686 1753 Graece,

900 1768 981 1799 quae
1002 1759 1157 1788 hominem
1180 1758 1239 1788 huc
1260 1761 1286 1788 et
1308 1760 1381 1789 illuc
1401 1760 1510 1798 rapit:
1534 1759 1634 1789 altera
1653 1760 1687 1790 in

901 1807 1042 1841 ratione,
1068 1813 1148 1842 quae
1172 1805 1259 1834 docet
1281 1807 1307 1834 et
1330 1805 1504 1843 explanat,
1529 1805 1606 1844 quid
1631 1805 1688 1844 fa-

902 1851 1066 1886 ciendum,
1092 1850 1169 1887 quid
1193 1850 1379 1889 fugiendum
1401 1852 1449 1881 sitv
1497 1851 1544 1882 Ila
1564 1851 1620 1890 stt,
1654 1854 1689 1882 ut

902 1900 984 1927 ratio
1005 1896 1145 1933 praesit,
1170 1897 1328 1934 appetitus
1352 1897 1558 1936 obtemperet,
1584 1902 1620 1927 ut
1641 1896 1690 1928 ait

905 1940 946 1971 de
969 1940 1066 1970 offic.
1093 1940 1115 1970 Ι.
1140 1944 1195 1975 ’ἐκ
1220 1942 1293 1973 iol.
1317 1941 1399 1973 ibid.
1421 1942 1485 1979 50,
1511 1942 1586 1974 132.
1635 1941 1687 1974 Cf.

905 1985 1047 2019 Tertull.
1071 1984 1114 2017 de
1132 1986 1250 2018 Anima
1276 1998 1303 2018 c.
1323 1986 1385 2019 16:
1426 1989 1518 2019 Plato
1536 1989 1690 2027 bifariam

902 2035 1042 2074 partitur
1070 2035 1236 2072 animam,
1259 2043 1316 2073 per
1337 2035 1492 2066 rasionale
1513 2038 1541 2065 et
1562 2036 1689 2066 irratio-

904 2081 988 2111 nale.
1012 2084 1045 2110 et
1074 2077 1163 2112 infla
1184 2079 1240 2110 IV.
1263 2081 1304 2116 ζ),
1332 2080 1384 2112 10.
1434 2079 1570 2112 Scilicet
1592 2080 1688 2112 Plato

906 2125 1049 2168 primum
1082 2125 1196 2166 posuit
1225 2123 1263 2159 τὸ
1283 2124 1474 2168 Royan-aiv
1498 2133 1533 2158 et
1550 2124 1589 2162 τὸ
1611 2122 1689 2160 ἅλε-

906 2183 983 2214 γονς
1008 2169 1046 2205 τὸ
1070 2169 1190 2214 {ime-o
1212 2180 1323 2203 autem
1346 2184 1456 2203 rursus
1476 2171 1508 2204 in
1529 2171 1568 2206 τὸ
1590 2172 1690 2216 huy-⁹.-

906 2215 966 2252 κέν
989 2224 1023 2249 et
1044 2217 1075 2248 in
1097 2218 1135 2252 τὸ
1160 2217 1405 2261 ἐπιῗυμητικέν
1429 2218 1612 2251 distribuit.

973 2264 1192 2308 temeritatem]
1220 2265 1261 2296 H.
1285 2276 1314 2297 e.
1336 2264 1437 2297 animi
1460 2272 1610 2308 partem,
1633 2277 1691 2297 ra-

906 2309 1009 2343 tionis
1050 2318 1242 2353 expertem‚
1282 2309 1320 2346 τὸ
1358 2308 1491 2354 ἄλο-ίαν.
1558 2311 1687 2344 Nobis:

907 2357 1124 2389 Sinnlichiieit.
1175 2357 1226 2389 Cf.
1251 2357 1358 2389 Divin.
1381 2358 1404 2389 l.
1423 2358 1488 2397 29,
1513 2356 1576 2391 61:
1604 2357 1690 2388 dua-

907 2403 968 2435 bus
990 2402 1092 2435 animi
1115 2406 1291 2436 temerariis
1311 2403 1460 2447 partibus
1481 2401 1690 2446 compressis,

908 2456 946 2481 ut
980 2449 1040 2482 illa
1077 2449 1178 2481 tertia
1218 2461 1295 2494 pars
1326 2449 1466 2482 rationis
1502 2456 1536 2481 et
1569 2455 1691 2480 means

909 2495 1050 2528 eluceat.

978 2545 1033 2575 Est
1052 2544 1086 2574 in
1107 2542 1239 2586 animis]
1275 2542 1368 2575 Infra
1392 2543 1448 2574 ΠΙ.
1469 2539 1510 2580 6,
1534 2539 1593 2573 12:
1631 2540 1692 2572 Est

910 2595 1031 2621 natura
1052 2588 1125 2619 fere
1147 2588 1180 2620 in
1203 2589 1320 2620 animis
1349 2595 1502 2620 tenerum
1532 2585 1692 2629 quiddam

911 2642 1012 2679 atque
1051 2634 1156 2666 molle
1173 2660 1181 2673 ,
1224 2634 1312 2678 quod
1353 2631 1562 2676 aegritudine
1597 2633 1692 2675 quasi

909 2688 1113 2725 tempestate
1142 2681 1322 2724 quatiatur.
1347 2698 1389 2703 —
1439 2677 1693 2711 Observandum

911 2734 963 2759 est
987 2734 1119 2765 autem,
1147 2726 1343 2770 particulam
1365 2727 1448 2757 enim
1471 2735 1489 2755 a
1513 2723 1692 2767 scriptori-

911 2774 973 2806 bus
996 2772 1124 2806 omitti.
1151 2783 1252 2815 quum
1274 2782 1360 2803 nova
1383 2769 1568 2813 disputatio
1589 2770 1692 2804 insti—

911 2820 1031 2852 tuitur.
1078 2818 1178 2850 offic.
1210 2819 1236 2849 Ι.
1268 2816 1331 2855 29,
1366 2814 1450 2848 104:
1488 2818 1616 2857 Duplex
1646 2821 1694 2851 cst

914 2869 1041 2899 omnino
1060 2865 1189 2897 iocandi
1209 2872 1330 2903 genus:
1356 2861 1418 2893 etsi
1439 2869 1539 2895 antea
1558 2862 1626 2895 iam
1647 2863 1692 2896 de

913 2911 992 2944 ioco
1024 2910 1151 2943 dictum
1176 2915 1266 2940 erat:
1305 2909 1351 2940 sic
1380 2910 1414 2940 in
1439 2910 1510 2949 ipso
1531 2911 1600 2942 ioca
1630 2912 1693 2942 ali-

913 2959 999 2998 quod
1024 2958 1117 2997 probi
1141 2955 1246 2995 in9e'ni
1267 2955 1372 2986 lumen
1391 2956 1523 2988 eluceat.
1566 2956 1608 2989 V.
1628 2967 1693 2990 nos

914 3003 949 3035 in
970 3004 1030 3036 Gr.
1050 3002 1090 3033 L.
1110 3001 1140 3044 §5
1152 2997 1255 3039 1551‘,
1277 3000 1313 3044 3)
1335 3000 1382 3044 a).
1432 3015 1437 3017 ⁴
