1859 3117
1561 54 1642 99 113

57 151 120 194 nii
130 165 149 200 ,-
177 148 306 191 hodie
324 148 445 205 apud
459 146 629 204 inferos
642 145 841 202 fortasse
862 145 1150 188 coenabimus.
1203 142 1299 186 Fuit
1321 144 1420 187 haec
1439 157 1537 201 gens
1559 147 1640 188 for-

58 225 134 278 tis,
168 225 257 265 dum
275 222 451 280 Lycurgi
474 222 583 277 leges
600 221 801 275 vigebant.
844 220 880 262 E
905 221 1043 276 quibus
1066 234 1183 271 unus,
1207 234 1323 275 quum
1342 218 1490 261 Perses
1513 220 1639 262 hostis

640 65 811 99 mser.
836 66 862 98 1.
887 63 954 108 42,
980 63 1055 98 102.

55 299 97 341 iu
114 298 308 354 colloquio
329 297 495 338 dixisset
515 296 714 352 glorians:
747 294 894 337 Solem
911 309 1029 350 proc
1045 295 1288 337 iaculorum
1308 295 1580 337 multitudine
1597 299 1640 338 et

54 374 314 428 sagittarum
338 385 425 413 non
447 370 670 413 videbitis:
702 369 753 410 In
779 369 932 411 znnbra
955 370 1111 424 ζῳων,
1142 370 1294 425 inquit,
1331 368 1636 425 puynabimus.

56 453 154 490 102.
198 446 320 489 Viros
345 460 626 487 commemoro.
700 442 840 498 Qualis
873 444 1030 484 tandem
1053 442 1273 485 Lacaena?
1314 458 1415 500 quae
1445 459 1562 500 quum
1593 444 1638 484 fi-

52 522 147 563 lium
172 521 213 562 in
239 520 430 577 proelium
457 520 630 561 misisset
655 525 696 559 et
719 518 971 559 interfectum
1003 518 1202 559 audisset:
1251 518 1450 572 Idcirco,
1493 519 1635 575 inquit,

47 609 311 653 ⁸qenuerwu,
358 590 568 646 nt‘esset,
618 595 691 650 qui
715 606 806 648 pro
837 593 996 648 patria
1028 597 1168 634 morte
1198 605 1285 634 non
1316 593 1535 636 dubitaret
1567 608 1638 636 oc-

53 671 264 713 cumbere.

166 742 325 786 XLIII.
358 742 486 785 Esto:
521 744 644 784 fortes
673 750 712 784 et
739 741 824 783 duri
851 740 1099 798 Spartiatae3
1133 756 1312 798 magnam
1334 741 1452 783 habet
1473 743 1551 784 vim
1577 743 1635 785 rei

53 819 230 877 publicae
255 818 475 874 disciplina.
523 816 659 872 Quid?
691 815 941 874 Cyrenaeum
958 816 1212 858 Theodorum
1227 849 1237 869 ,
1265 817 1534 874 philosophum
1557 833 1634 860 non

54 893 265 949 ignobilem
280 925 291 945 ,
324 907 456 934 nonne
480 892 695 934 miramur?
727 893 787 933 cui
814 906 929 946 quum
948 889 1212 947 Lysimachus
1233 906 1308 933 rex
1333 906 1490 934 crucem
1511 893 1636 934 mina-

53 975 189 1010 retur:
226 966 350 1018 Istis,
382 980 542 1022 quaeso
556 998 570 1018 ,
602 966 751 1022 inquit,
786 967 871 1008 ista
891 966 1126 1008 horribilia
1148 967 1354 1009 minitare
1369 968 1636 1022 purpuratis

58 1042 172 1084 tuis!
207 1041 428 1083 Theodori
457 1041 624 1096 quidem
655 1041 762 1081 nihil
787 1042 991 1091 interest,
1029 1040 1223 1093 humine,
1266 1055 1324 1083 an
1351 1041 1529 1084 sublime
1554 1056 1638 1097 pu-

54 1121 205 1159 tescat.
269 1113 393 1157 Cuius
420 1115 493 1156 hoc
526 1115 628 1156 dicto
654 1116 893 1168 admoneor,
940 1122 981 1155 ut
1003 1114 1146 1169 aliquid
1177 1116 1294 1157 etiam
1329 1117 1377 1157 de
1409 1116 1635 1158 humatione

54 1199 96 1232 et
124 1190 324 1245 sepultura
349 1189 554 1230 dicendum
589 1190 841 1230 existimem:
888 1204 970 1230 rem
1005 1204 1083 1230 non
1111 1190 1328 1242 difficilem,
1374 1191 1423 1232 iis
1455 1205 1636 1247 praeser-

55 1265 123 1306 tim
145 1264 334 1320 cognitis,
369 1277 468 1318 quae
493 1264 539 1304 de
563 1263 659 1303 nihil
682 1263 888 1304 sentiendo
912 1264 1040 1319 paullo
1065 1272 1156 1304 ante
1179 1264 1282 1304 dicta
1305 1272 1412 1306 sunt.

28 1351 317 1384 ‘Lacedaemoniil
360 1350 453 1389 Quae
493 1348 705 1381 coniecturae
745 1360 825 1380 sane

52 1396 189 1434 habent,
213 1406 279 1439 quo
298 1407 370 1427 sese
387 1394 640 1432 commen<leut3
664 1406 741 1426 nam
761 1406 826 1427 vo-

54 1441 204 1474 cabulum
226 1443 378 1481 prandete
398 1452 460 1484 per
483 1440 717 1483 compendium
740 1441 825 1473 scri—

53 1494 148 1531 ptum
174 1486 272 1518 facile
304 1498 459 1530 perverse
488 1486 554 1529 legi
580 1486 709 1529 potuit3
748 1487 826 1518 hine

51 1535 187 1574 peryile:
213 1531 302 1575 quod
323 1543 423 1575 quum
443 1532 549 1564 minus
569 1544 670 1574 grave
691 1531 826 1564 videre-

53 1585 127 1619 tur,
165 1577 280 1610 addita
302 1577 460 1610 videntur
488 1577 588 1610 verba
613 1580 718 1610 animo
741 1580 824 1619 forti.

58 1625 177 1664 Quare,
193 1624 220 1655 si
241 1623 318 1667 quid
335 1630 470 1663 mutem,
490 1623 682 1666 simpliciter
699 1624 822 1666 legam:

53 1671 220 1710 Prandele,
240 1671 329 1709 Lac„
353 1669 414 1700 nisi
430 1676 577 1712 praestat
597 1669 714 1701 verba:
742 1671 825 1709 Quid

53 1717 104 1747 ille
127 1716 193 1747 dux
214 1733 259 1738 —
278 1717 424 1756 vigebant
445 1715 486 1746 ab
509 1715 614 1747 aliena
638 1727 736 1747 manu
758 1715 825 1746 im-

39 1762 190 1803 ‘portata
213 1766 367 1792 statuere.
415 1760 650 1793 Extenninatis
675 1761 726 1793 his
746 1773 823 1792 ver-

55 1805 117 1845 bis,
134 1805 240 1838 oratio
257 1805 356 1838 facile
372 1805 527 1838 decurrit.
564 1806 651 1846 Quid
663 1806 678 1837 'r'
704 1807 823 1838 verba:

54 1853 152 1892 „Fuit
171 1853 246 1884 haec
267 1862 342 1893 qens
364 1871 408 1876 —-
431 1855 599 1893 vigebanffl
624 1863 733 1884 nonne
760 1853 824 1883 im-

57 1897 292 1939 portunissima
315 1903 390 1929 sunt
415 1904 449 1929 et
472 1898 512 1930 ab
540 1898 604 1930 hoc
628 1897 705 1929 loco
729 1898 827 1940 plane

0 1963 1 1972 1
55 1941 190 1974 aliena?
228 1942 405 1983 Quomodo
420 1943 562 1986 deniqne
581 1943 699 1974 verba:
725 1953 738 1974 e
759 1945 828 1982 qui-

0 1987 1 2020 l
57 1989 114 2019 bus
143 1999 225 2020 unns
254 1989 404 2031 proxime
426 1988 625 2031 praegressis
649 1988 828 2019 adnectere

0 2045 1 2058 ¹
56 2032 106 2064 vis
119 2032 135 2064 ἶ)
171 2034 259 2064 Nam
278 2033 452 2068 relativum
473 2045 540 2065 non
560 2033 646 2064 adv.
662 2043 747 2073 yens,
769 2032 827 2063 sed

2 2091 5 2104 ἢ
57 2077 101 2109 ad
119 2077 195 2109 illos
218 2078 512 2115 Lacedaemonios,
539 2078 593 2121 qui
614 2089 712 2121 supra
733 2090 828 2110 com-

57 2122 234 2155 memorati
255 2130 351 2163 sunt,
376 2123 588 2155 referendum
613 2131 672 2155 est.

125 2170 152 2200 E
183 2170 294 2208 quibus
314 2168 409 2212 unus]
447 2169 606 2201 Dieneces
641 2169 828 2212 appellatur

4 2232 5 2236 =
59 2212 101 2245 ab
122 2212 285 2247 Herodot.
304 2215 376 2253 VII,
402 2214 488 2247 226:
514 2215 569 2258 qui
593 2222 713 2252 tamen,
738 2216 827 2247 hunc

6 2283 7 2289 1
59 2259 229 2291 Laconem
247 2270 315 2291 non
331 2260 459 2299 Persae,
478 2261 538 2292 sed
553 2260 732 2293 Trachinio
752 2261 824 2293 cui—

58 2303 148 2348 piam
170 2303 216 2336 ita
236 2305 457 2348 respondisse,
481 2313 597 2338 auctor
618 2314 678 2339 est.

130 2350 208 2381 cip,
226 2351 351 2382 XLIII.
386 2351 472 2395 Esto]
512 2352 668 2384 Formula
703 2363 826 2384 conce—

59 2394 160 2427 dendi
182 2407 244 2438 pro
267 2398 306 2428 sit
325 2399 371 2428 ila
392 2407 467 2429 sane
491 2397 632 2440 (Graece
655 2396 732 2437 εἷεν)
746 2423 755 2436 ,
792 2403 827 2429 ut

9 2468 12 2469 γ
60 2440 103 2473 de
122 2441 194 2474 Fin.
217 2442 283 2481 IV,
306 2439 360 2474 45.
409 2442 463 2474 Sic
486 2455 584 2486 saepe
608 2448 670 2476 esto
692 2443 822 2487 legitur.

10 2496 12 2507 *
60 2487 232 2518 Sententia
252 2493 320 2519 est:
341 2490 385 2519 At
405 2487 491 2520 enim
512 2489 662 2532 exempla
681 2489 737 2521 illa
755 2501 773 2521 a
791 2495 826 2520 te

10 2549 13 2563 ι
61 2530 161 2564 allata
190 2531 289 2565 ducta
317 2540 393 2565 sunt
413 2545 431 2565 a
454 2534 535 2566 forti
560 2541 593 2567 et
619 2534 699 2567 dura
722 2538 827 2578 Spar—-

11 2579 14 2611 l
59 2575 215 2609 tiatarum
237 2585 348 2621 gente,
371 2578 404 2610 in
430 2590 493 2623 qua
517 2580 560 2612 ad
584 2580 665 2612 dura
689 2580 828 2613 ferenda

0 2630 14 2643 ¹³
61 2629 212 2665 magnam
236 2623 352 2656 habuit
373 2624 440 2657 vim
469 2625 517 2657 rei
543 2626 694 2669 publicae
725 2625 828 2658 disci-

0 2718 17 2738 ,1

0 2755 18 2796 ,¹¹1

0 2897 5 2921 l

2 2935 8 2955 1

0 2983 21 3035 t*

61 2665 161 2709 plina.
207 2668 374 2703 Concedo.
423 2673 468 2702 At
501 2670 567 2703 iam
596 2671 657 2703 tibi
691 2671 829 2704 afferam

64 2713 248 2756 exemplum
271 2715 432 2758 Cyrenaei
451 2716 640 2758 Theodori,
676 2717 829 2761 philoso-

67 2755 127 2799 phi
149 2759 336 2802 voluptan‘i.

132 2803 325 2847 Spartiatae]
359 2806 543 2839 Observent
577 2806 723 2848 tirones,
767 2819 831 2840 nec

69 2844 278 2888 Ciceronem,
302 2862 365 2883 nec
389 2852 472 2884 alios
493 2853 599 2885 bonae
622 2859 723 2885 notae
745 2853 831 2885 scri-

64 2896 178 2934 ptores
199 2892 318 2927 dixisse
341 2898 535 2938 Spartanos,
570 2898 630 2930 sed
650 2901 832 2940 Spartiatas

2 2958 8 2966 .
31 2946 34 2950 ·
65 2935 120 2968 vel
141 2937 411 2975 Lacedaemonios.
456 2942 554 2986 Apud
577 2944 674 2976 Corn.
697 2943 831 2987 quidem

64 2980 234 3024 Nepotem
253 2983 347 3019 XVI.
368 2986 401 3027 2,
419 2983 452 3021 4.
474 2988 573 3020 XXI.
597 2990 627 3029 1,
651 2989 684 3021 2.
708 2989 831 3031 legitur

1473 1264 1537 1307 De
1557 1280 1633 1321 qua

860 1349 969 1381 forma
992 1350 1165 1389 Spartani,
1201 1349 1261 1381 sed
1283 1350 1354 1381 siue
1378 1349 1480 1382 dubio
1503 1363 1541 1383 ea
1564 1363 1632 1384 non

859 1395 921 1438 ipsi
949 1395 1125 1438 Cornelio,
1162 1395 1221 1428 sed
1244 1395 1310 1428 eius
1333 1395 1546 1440 epitomatori
1567 1397 1633 1430 tri-

860 1441 991 1473 buenda
1013 1447 1072 1473 est.

929 1488 1081 1519 Theodori
1113 1489 1238 1527 quidem
1270 1489 1348 1520 nihil
1378 1487 1516 1532 inlerest]
1549 1488 1632 1521 Plu-

859 1533 964 1564 tarch.
992 1534 1032 1565 T.
1056 1534 1095 1564 II.
1120 1544 1152 1575 p.
1176 1532 1259 1565 499:
1298 1532 1370 1567 Καὶ
1397 1533 1430 1567 τί
1457 1532 1629 1578 Θεοδώρῳ

860 1578 975 1621 μέλει,
1018 1574 1157 1622 πότερον
1195 1575 1277 1622 ὑπὲρ
1309 1580 1376 1623 γῆς
1408 1575 1432 1623 ἦ
1468 1577 1530 1614 ὑπὸ
1563 1581 1631 1623 γῆς

861 1620 1026 1668 σήπει-αις

931 1672 1026 1702 Cuius
1041 1671 1096 1702 hoc
1112 1671 1194 1702 dicto
1208 1671 1392 1712 admoneor]
1417 1672 1452 1702 Iu
1469 1670 1531 1701 hac
1545 1681 1630 1712 quae

859 1715 1007 1758 sequitur
1032 1722 1065 1747 et
1090 1727 1191 1758 usque
1225 1715 1268 1746 ad
1289 1717 1407 1758 (3.109.
1438 1716 1631 1748 extenditur

860 1761 1063 1804 digressione
1096 1761 1131 1792 id
1163 1761 1278 1792 Cicero
1317 1760 1449 1792 videtur
1486 1768 1632 1794 sectatus

862 1807 1057 1844 consilium,
1097 1813 1133 1837 ut
1167 1817 1250 1848 quae
1286 1817 1420 1848 sparsae
1452 1813 1562 1838 essent
1596 1812 1631 1839 et

861 1852 1049 1893 divulgatae
1074 1858 1106 1882 et
1129 1851 1216 1883 inter
1243 1851 1389 1893 singulos
1419 1851 1569 1884 homines
1595 1858 1632 1885 et

860 1904 948 1928 totas
973 1903 1088 1939 gentes
1111 1896 1152 1928 de
1174 1896 1342 1940 sepultura
1365 1896 1478 1929 inanes
1508 1909 1548 1930 ac
1571 1909 1632 1929 su-

860 1942 1070 1985 perstitiosae
1097 1942 1270 1985 opiniones
1296 1942 1461 1975 refutaret
1489 1950 1522 1975 et
1546 1954 1631 1976 con-

862 1987 1009 2018 velleret.
1056 1989 1106 2019 Ex
1135 1988 1196 2030 iis,
1236 2000 1320 2031 quae
1352 1988 1465 2031 paullo
1501 1995 1579 2022 aute
1611 2001 1630 2023 a

861 2033 957 2064 nobis
977 2033 1062 2064 dicta
1083 2041 1170 2074 sunt,
1189 2040 1341 2076 apparet,
1365 2046 1426 2065 nos
1445 2041 1523 2077 post
1540 2047 1630 2068 mor-

861 2086 930 2110 tem
961 2079 1078 2110 nullius
1110 2079 1159 2110 rei
1189 2091 1319 2111 sensum
1351 2080 1522 2113 habituros
1547 2093 1630 2114 esse.

860 2126 976 2168 Itaque
1000 2136 1042 2156 ne
1072 2125 1239 2168 sepultura
1261 2125 1394 2169 quidem
1419 2125 1461 2157 ad
1480 2132 1631 2159 mortuos

860 2170 1016 2213 pertinet.
1066 2172 1152 2214 Ergo
1176 2171 1364 2214 sepulturae
1388 2183 1460 2203 mos
1487 2184 1632 2204 consue-

859 2215 984 2247 tudinis
1001 2228 1113 2249 caussa
1133 2216 1324 2248 retiuendus
1341 2216 1397 2248 ille
1416 2217 1550 2260 quidem
1569 2224 1630 2257 est,

859 2261 919 2293 sed
941 2261 1008 2301 ita,
1045 2269 1080 2294 ut
1106 2262 1188 2294 nihil
1212 2262 1246 2294 id
1270 2262 1313 2295 ad
1337 2269 1487 2295 mortuos
1522 2264 1632 2307 perti-

860 2319 939 2339 nere
962 2307 1196 2351 intelligamus.

927 2363 991 2385 rem
1023 2365 1085 2386 ηοη
1114 2355 1290 2396 difficilem]
1327 2355 1421 2386 Haec
1447 2355 1548 2387 verba
1571 2366 1632 2397 per

860 2396 1064 2442 ἐπεξήγησιν
1089 2399 1154 2431 toti
1179 2399 1399 2432 enuntiationi
1420 2410 1633 2443 praegressae

861 2443 976 2476 addita
999 2452 1086 2477 sunt.
1134 2445 1188 2477 Sic
1220 2457 1320 2488 saepe
1351 2446 1439 2489 apud
1463 2446 1631 2487 utriusque

859 2489 991 2532 linguae
1011 2490 1191 2533 scriptores
1213 2491 1360 2533 pluribus
1382 2490 1489 2523 verbis
1513 2496 1546 2521 et
1564 2488 1630 2521 toti

862 2535 1080 2568 enuntiationi
1093 2536 1335 2568 substantivum
1346 2536 1538 2579 plerumque
1555 2546 1629 2566 curn

861 2580 1026 2613 adiectivo
1045 2581 1079 2613 in
1101 2582 1290 2614 accusativo
1311 2581 1455 2625 positum
1471 2588 1629 2622 tanquam

863 2627 1040 2669 appositio,
1065 2639 1127 2671 qua
1144 2627 1300 2660 iudicium
1321 2625 1457 2669 aliquod
1473 2625 1514 2656 de
1528 2636 1630 2667 prae—

863 2673 982 2714 gressis
1006 2673 1116 2705 verbis
1147 2673 1200 2705 vel
1222 2672 1449 2704 enuntiatione
1473 2670 1629 2702 contine-

862 2724 937 2757 tur,
962 2718 1105 2750 additur.
1153 2718 1227 2750 Pari
1260 2716 1362 2748 modo
1391 2715 1432 2746 de
1452 2715 1559 2747 Finib.
1584 2717 1626 2748 ΙΙ.

864 2763 927 2802 23,
953 2763 1006 2797 75.
1038 2776 1108 2796 rem
1130 2763 1287 2795 videlicet
1312 2761 1481 2792 difficilem
1508 2767 1541 2792 et
1563 2761 1629 2793 ob-

864 2820 1003 2841 scuram.
1030 2809 1080 2841 Cf.
1097 2820 1157 2841 nos
1173 2808 1207 2840 in
1225 2808 1282 2839 Gr.
1296 2808 1335 2838 L.
1352 2804 1469 2849 55.109.
1482 2805 1563 2839 Not.
1577 2806 1628 2842 13.

864 2867 897 2898 p.
914 2855 986 2888 150.
1009 2854 1061 2886 ed.
1075 2855 1108 2887 2.

931 2902 969 2931 de
988 2902 1065 2931 nihil
1082 2899 1252 2939 sentiendo]
1279 2895 1356 2939 περὶ
1374 2896 1433 2930 τοῦ
1450 2895 1555 2940 μηδὲν
1574 2897 1631 2933 αἰ·-

866 2940 1064 2978 σὲείνεσὲαι.
1111 2945 1151 2976 V.
1169 2954 1230 2974 nos
1244 2942 1278 2974 in
1295 2943 1440 2975 Gramm.
1454 2943 1493 2975 L.
1509 2944 1539 2987 55.
1554 2943 1628 2986 131,

867 2989 920 3022 11.
934 2989 968 3032 b)
994 2988 1117 3031 p.313.
1144 2987 1196 3019 ed.
1213 2987 1245 3021 2.

1285 3038 1312 3074 8
