<?xml version="1.0" encoding="UTF-8"?>
<!DOCTYPE html PUBLIC "-//W3C//DTD XHTML 1.0 Transitional//EN"
    "http://www.w3.org/TR/xhtml1/DTD/xhtml1-transitional.dtd">
<html xmlns="http://www.w3.org/1999/xhtml" xml:lang="en" lang="en">
 <head>
  <title>
</title>
<meta http-equiv="Content-Type" content="text/html;charset=utf-8" />
  <meta name='ocr-system' content='tesseract 3.04.00' />
  <meta name='ocr-capabilities' content='ocr_page ocr_carea ocr_par ocr_line ocrx_word'/>
</head>
<body>
  <div class='ocr_page' id='page_1' title='image "./tusculanarumdi00ciceuoft_0190.png"; bbox 0 0 1843 3101; ppageno 0'>
   <div class='ocr_carea' id='block_1_1' title="bbox 150 48 231 91">
    <p class='ocr_par' dir='ltr' id='par_1_1' title="bbox 150 48 231 91">
     <span class='ocr_line' id='line_1_1' title="bbox 150 48 231 91; baseline -0.012 0"><span class='ocrx_word' id='word_1_1' title='bbox 150 48 231 91; x_wconf 79' lang='lat'>180</span> 
     </span>
    </p>
   </div>
   <div class='ocr_carea' id='block_1_2' title="bbox 149 133 1743 712">
    <p class='ocr_par' dir='ltr' id='par_1_2' title="bbox 149 133 1742 415">
     <span class='ocr_line' id='line_1_2' title="bbox 149 133 1740 191; baseline -0.001 -11"><span class='ocrx_word' id='word_1_2' title='bbox 149 138 283 180; x_wconf 88' lang='lat' dir='ltr'>tudine</span> <span class='ocrx_word' id='word_1_3' title='bbox 311 137 465 189; x_wconf 88' lang='lat' dir='ltr'>solum,</span> <span class='ocrx_word' id='word_1_4' title='bbox 498 147 718 191; x_wconf 82' lang='lat' dir='ltr'>quanquam</span> <span class='ocrx_word' id='word_1_5' title='bbox 742 134 781 174; x_wconf 91' lang='lat' dir='ltr'>id</span> <span class='ocrx_word' id='word_1_6' title='bbox 807 133 962 189; x_wconf 91' lang='lat' dir='ltr'>quidem</span> <span class='ocrx_word' id='word_1_7' title='bbox 986 133 1178 190; x_wconf 87' lang='lat' dir='ltr'>primum,</span> <span class='ocrx_word' id='word_1_8' title='bbox 1211 135 1282 176; x_wconf 88' lang='lat' dir='ltr'>sed</span> <span class='ocrx_word' id='word_1_9' title='bbox 1306 134 1354 177; x_wconf 88' lang='lat' dir='ltr'>de</span> <span class='ocrx_word' id='word_1_10' title='bbox 1382 135 1490 177; x_wconf 89' lang='lat' dir='ltr'>omni</span> <span class='ocrx_word' id='word_1_11' title='bbox 1517 135 1663 189; x_wconf 86' lang='lat' dir='ltr'>animi,</span> <span class='ocrx_word' id='word_1_12' title='bbox 1697 142 1740 184; x_wconf 83' lang='lat' dir='ltr'>nt</span> 
     </span>
     <span class='ocr_line' id='line_1_3' title="bbox 151 208 1740 270; baseline -0.001 -15"><span class='ocrx_word' id='word_1_13' title='bbox 151 228 226 270; x_wconf 87' lang='lat' dir='ltr'>ego</span> <span class='ocrx_word' id='word_1_14' title='bbox 249 212 378 269; x_wconf 91' lang='lat' dir='ltr'>posui,</span> <span class='ocrx_word' id='word_1_15' title='bbox 412 208 726 267; x_wconf 80' lang='lat' dir='ltr'>perturbatione,</span> <span class='ocrx_word' id='word_1_16' title='bbox 761 208 934 264; x_wconf 89' lang='lat' dir='ltr'>(morbo,</span> <span class='ocrx_word' id='word_1_17' title='bbox 967 216 1010 250; x_wconf 91' lang='lat' dir='ltr'>ut</span> <span class='ocrx_word' id='word_1_18' title='bbox 1035 208 1179 251; x_wconf 86' lang='lat' dir='ltr'>Graeci</span> <span class='ocrx_word' id='word_1_19' title='bbox 1203 209 1377 265; x_wconf 91' lang='lat' dir='ltr'>volunt‚)</span> <span class='ocrx_word' id='word_1_20' title='bbox 1399 209 1622 266; x_wconf 85' lang='lat' dir='ltr'>explicabo.</span> <span class='ocrx_word' id='word_1_21' title='bbox 1684 209 1740 253; x_wconf 77' lang='lat' dir='ltr'>Et</span> 
     </span>
     <span class='ocr_line' id='line_1_4' title="bbox 152 281 1742 345; baseline -0.003 -15"><span class='ocrx_word' id='word_1_22' title='bbox 152 288 300 345; x_wconf 89' lang='lat' dir='ltr'>primo,</span> <span class='ocrx_word' id='word_1_23' title='bbox 347 286 380 327; x_wconf 93' lang='lat' dir='ltr'>si</span> <span class='ocrx_word' id='word_1_24' title='bbox 405 285 556 340; x_wconf 86' lang='lat' dir='ltr'>placet,</span> <span class='ocrx_word' id='word_1_25' title='bbox 591 281 818 324; x_wconf 82' lang='lat' dir='ltr'>Stoicorum</span> <span class='ocrx_word' id='word_1_26' title='bbox 844 297 955 325; x_wconf 87' lang='lat' dir='ltr'>more</span> <span class='ocrx_word' id='word_1_27' title='bbox 979 298 1166 340; x_wconf 85' lang='lat' dir='ltr'>agamus,</span> <span class='ocrx_word' id='word_1_28' title='bbox 1200 284 1264 339; x_wconf 92' lang='lat' dir='ltr'>qui</span> <span class='ocrx_word' id='word_1_29' title='bbox 1288 284 1466 327; x_wconf 87' lang='lat' dir='ltr'>breviter</span> <span class='ocrx_word' id='word_1_30' title='bbox 1491 284 1742 341; x_wconf 77' lang='lat' dir='ltr'>adstringere</span> 
     </span>
     <span class='ocr_line' id='line_1_5' title="bbox 152 358 1399 415; baseline -0.003 -10"><span class='ocrx_word' id='word_1_31' title='bbox 152 364 282 405; x_wconf 90' lang='lat' dir='ltr'>solent</span> <span class='ocrx_word' id='word_1_32' title='bbox 313 366 566 415; x_wconf 82' lang='lat' dir='ltr'>argumenta3</span> <span class='ocrx_word' id='word_1_33' title='bbox 600 358 741 399; x_wconf 87' lang='lat' dir='ltr'>deinde</span> <span class='ocrx_word' id='word_1_34' title='bbox 772 365 909 399; x_wconf 89' lang='lat' dir='ltr'>nostro</span> <span class='ocrx_word' id='word_1_35' title='bbox 939 358 1118 399; x_wconf 90' lang='lat' dir='ltr'>instituto</span> <span class='ocrx_word' id='word_1_36' title='bbox 1151 359 1399 414; x_wconf 82' lang='lat' dir='ltr'>vagabimur.</span> 
     </span>
    </p>

    <p class='ocr_par' dir='ltr' id='par_1_3' title="bbox 154 431 1743 712">
     <span class='ocr_line' id='line_1_6' title="bbox 270 431 1742 489; baseline -0.001 -14"><span class='ocrx_word' id='word_1_37' title='bbox 270 434 367 476; x_wconf 72' lang='lat' dir='ltr'>VH.</span> <span class='ocrx_word' id='word_1_38' title='bbox 418 439 487 475; x_wconf 77' lang='lat'>14.</span> <span class='ocrx_word' id='word_1_39' title='bbox 524 431 602 487; x_wconf 82' lang='lat' dir='ltr'>Qui</span> <span class='ocrx_word' id='word_1_40' title='bbox 632 432 746 473; x_wconf 85' lang='lat' dir='ltr'>fortis</span> <span class='ocrx_word' id='word_1_41' title='bbox 773 439 858 484; x_wconf 91' lang='lat' dir='ltr'>est,</span> <span class='ocrx_word' id='word_1_42' title='bbox 902 433 1004 474; x_wconf 90' lang='lat' dir='ltr'>idem</span> <span class='ocrx_word' id='word_1_43' title='bbox 1029 441 1090 475; x_wconf 88' lang='lat' dir='ltr'>est</span> <span class='ocrx_word' id='word_1_44' title='bbox 1112 433 1260 485; x_wconf 81' lang='lat' dir='ltr'>{idens;</span> <span class='ocrx_word' id='word_1_45' title='bbox 1294 457 1349 464; x_wconf 90' lang='lat'>—</span> <span class='ocrx_word' id='word_1_46' title='bbox 1389 433 1574 489; x_wconf 88' lang='lat' dir='ltr'>quoniam</span> <span class='ocrx_word' id='word_1_47' title='bbox 1609 432 1742 489; x_wconf 79' lang='lat' dir='ltr'>confi-</span> 
     </span>
     <span class='ocr_line' id='line_1_7' title="bbox 154 507 1743 564; baseline -0.001 -13"><span class='ocrx_word' id='word_1_48' title='bbox 154 511 260 553; x_wconf 77' lang='lat' dir='ltr'>dens</span> <span class='ocrx_word' id='word_1_49' title='bbox 279 509 379 550; x_wconf 88' lang='lat' dir='ltr'>mala</span> <span class='ocrx_word' id='word_1_50' title='bbox 404 507 692 549; x_wconf 82' lang='lat' dir='ltr'>consuetudine</span> <span class='ocrx_word' id='word_1_51' title='bbox 719 507 903 562; x_wconf 91' lang='lat' dir='ltr'>loquendi</span> <span class='ocrx_word' id='word_1_52' title='bbox 927 507 967 548; x_wconf 91' lang='lat' dir='ltr'>in</span> <span class='ocrx_word' id='word_1_53' title='bbox 993 508 1091 548; x_wconf 73' lang='lat' dir='ltr'>vitio</span> <span class='ocrx_word' id='word_1_54' title='bbox 1116 508 1296 564; x_wconf 84' lang='lat' dir='ltr'>ponitur,</span> <span class='ocrx_word' id='word_1_55' title='bbox 1344 508 1500 549; x_wconf 88' lang='lat' dir='ltr'>ductum</span> <span class='ocrx_word' id='word_1_56' title='bbox 1528 508 1694 550; x_wconf 91' lang='lat' dir='ltr'>verbum</span> <span class='ocrx_word' id='word_1_57' title='bbox 1719 522 1743 549; x_wconf 85' lang='lat' dir='ltr'>a</span> 
     </span>
     <span class='ocr_line' id='line_1_8' title="bbox 155 580 1743 639; baseline -0.001 -14"><span class='ocrx_word' id='word_1_58' title='bbox 155 583 441 639; x_wconf 69' lang='lat' dir='ltr'>confidendo,</span> <span class='ocrx_word' id='word_1_59' title='bbox 484 582 585 638; x_wconf 88' lang='lat' dir='ltr'>qnod</span> <span class='ocrx_word' id='word_1_60' title='bbox 608 580 734 623; x_wconf 85' lang='lat' dir='ltr'>laudis</span> <span class='ocrx_word' id='word_1_61' title='bbox 768 588 844 622; x_wconf 89' lang='lat' dir='ltr'>est.</span> <span class='ocrx_word' id='word_1_62' title='bbox 877 606 932 612; x_wconf 96' lang='lat'>—</span> <span class='ocrx_word' id='word_1_63' title='bbox 965 581 1044 636; x_wconf 83' lang='lat' dir='ltr'>Qui</span> <span class='ocrx_word' id='word_1_64' title='bbox 1070 589 1198 624; x_wconf 88' lang='lat' dir='ltr'>autem</span> <span class='ocrx_word' id='word_1_65' title='bbox 1231 590 1293 624; x_wconf 84' lang='lat' dir='ltr'>est</span> <span class='ocrx_word' id='word_1_66' title='bbox 1316 582 1463 634; x_wconf 86' lang='lat' dir='ltr'>fidens,</span> <span class='ocrx_word' id='word_1_67' title='bbox 1507 582 1542 624; x_wconf 91' lang='lat' dir='ltr'>is</span> <span class='ocrx_word' id='word_1_68' title='bbox 1564 584 1743 638; x_wconf 73' lang='lat' dir='ltr'>profecto</span> 
     </span>
     <span class='ocr_line' id='line_1_9' title="bbox 157 656 1346 712; baseline -0.003 -11"><span class='ocrx_word' id='word_1_69' title='bbox 157 674 236 701; x_wconf 90' lang='lat' dir='ltr'>non</span> <span class='ocrx_word' id='word_1_70' title='bbox 260 657 510 708; x_wconf 74' lang='lat' dir='ltr'>extimescit3</span> <span class='ocrx_word' id='word_1_71' title='bbox 545 656 740 712; x_wconf 82' lang='lat' dir='ltr'>discrepat</span> <span class='ocrx_word' id='word_1_72' title='bbox 759 656 862 696; x_wconf 89' lang='lat' dir='ltr'>enim</span> <span class='ocrx_word' id='word_1_73' title='bbox 895 671 918 697; x_wconf 88' lang='lat' dir='ltr'>a</span> <span class='ocrx_word' id='word_1_74' title='bbox 937 657 1108 699; x_wconf 88' lang='lat' dir='ltr'>timendo</span> <span class='ocrx_word' id='word_1_75' title='bbox 1132 658 1346 699; x_wconf 87' lang='lat' dir='ltr'>confidere.</span> 
     </span>
    </p>
   </div>
   <div class='ocr_carea' id='block_1_3' title="bbox 700 50 1181 94">
    <p class='ocr_par' dir='ltr' id='par_1_4' title="bbox 700 50 1181 94">
     <span class='ocr_line' id='line_1_10' title="bbox 700 50 1181 94; baseline 0 -7"><span class='ocrx_word' id='word_1_76' title='bbox 700 53 869 87; x_wconf 74' lang='lat' dir='ltr'>Lmen</span> <span class='ocrx_word' id='word_1_77' title='bbox 890 53 952 87; x_wconf 87' lang='lat'>111.</span> <span class='ocrx_word' id='word_1_78' title='bbox 977 50 1022 94; x_wconf 87' lang='lat'>7,</span> <span class='ocrx_word' id='word_1_79' title='bbox 1048 52 1102 87; x_wconf 70' lang='lat'>14.</span> <span class='ocrx_word' id='word_1_80' title='bbox 1128 52 1181 88; x_wconf 83' lang='lat'>15.</span> 
     </span>
    </p>
   </div>
   <div class='ocr_carea' id='block_1_4' title="bbox 153 656 1747 1014">
    <p class='ocr_par' dir='ltr' id='par_1_5' title="bbox 153 656 1747 1014">
     <span class='ocr_line' id='line_1_11' title="bbox 1408 656 1745 713; baseline 0 -15"><span class='ocrx_word' id='word_1_81' title='bbox 1408 656 1543 713; x_wconf 88' lang='lat' dir='ltr'>Atque</span> <span class='ocrx_word' id='word_1_82' title='bbox 1569 657 1609 698; x_wconf 88' lang='lat' dir='ltr'>in</span> <span class='ocrx_word' id='word_1_83' title='bbox 1630 671 1745 713; x_wconf 90' lang='lat' dir='ltr'>quem</span> 
     </span>
     <span class='ocr_line' id='line_1_12' title="bbox 154 730 1746 789; baseline -0.002 -14"><span class='ocrx_word' id='word_1_84' title='bbox 154 734 258 775; x_wconf 77' lang='lat' dir='ltr'>cadit</span> <span class='ocrx_word' id='word_1_85' title='bbox 279 732 510 789; x_wconf 81' lang='lat' dir='ltr'>aegritudo,</span> <span class='ocrx_word' id='word_1_86' title='bbox 556 730 595 771; x_wconf 92' lang='lat' dir='ltr'>in</span> <span class='ocrx_word' id='word_1_87' title='bbox 629 732 794 772; x_wconf 87' lang='lat' dir='ltr'>eundem</span> <span class='ocrx_word' id='word_1_88' title='bbox 828 732 959 773; x_wconf 91' lang='lat' dir='ltr'>timor.</span> <span class='ocrx_word' id='word_1_89' title='bbox 1025 730 1202 786; x_wconf 82' lang='lat' dir='ltr'>Quarum</span> <span class='ocrx_word' id='word_1_90' title='bbox 1234 732 1337 773; x_wconf 89' lang='lat' dir='ltr'>enim</span> <span class='ocrx_word' id='word_1_91' title='bbox 1360 746 1492 773; x_wconf 90' lang='lat' dir='ltr'>rerum</span> <span class='ocrx_word' id='word_1_92' title='bbox 1518 731 1746 789; x_wconf 84' lang='lat' dir='ltr'>praesentia</span> 
     </span>
     <span class='ocr_line' id='line_1_13' title="bbox 153 806 1742 862; baseline -0.003 -11"><span class='ocrx_word' id='word_1_93' title='bbox 153 823 302 862; x_wconf 62' lang='lat' dir='ltr'>sumus,</span> <span class='ocrx_word' id='word_1_94' title='bbox 323 808 363 849; x_wconf 92' lang='lat' dir='ltr'>in</span> <span class='ocrx_word' id='word_1_95' title='bbox 396 806 665 861; x_wconf 82' lang='lat' dir='ltr'>aegritudine,</span> <span class='ocrx_word' id='word_1_96' title='bbox 722 806 881 847; x_wconf 87' lang='lat' dir='ltr'>easdem</span> <span class='ocrx_word' id='word_1_97' title='bbox 916 807 1189 862; x_wconf 82' lang='lat' dir='ltr'>impendentes</span> <span class='ocrx_word' id='word_1_98' title='bbox 1227 813 1267 847; x_wconf 89' lang='lat' dir='ltr'>et</span> <span class='ocrx_word' id='word_1_99' title='bbox 1301 807 1509 848; x_wconf 92' lang='lat' dir='ltr'>venientes</span> <span class='ocrx_word' id='word_1_100' title='bbox 1543 806 1742 847; x_wconf 89' lang='lat' dir='ltr'>timemus.</span> 
     </span>
     <span class='ocr_line' id='line_1_14' title="bbox 155 880 1746 936; baseline -0.003 -11"><span class='ocrx_word' id='word_1_101' title='bbox 155 882 214 925; x_wconf 89' lang='lat' dir='ltr'>Ita</span> <span class='ocrx_word' id='word_1_102' title='bbox 241 883 306 934; x_wconf 86' lang='lat' dir='ltr'>fit,</span> <span class='ocrx_word' id='word_1_103' title='bbox 350 888 392 922; x_wconf 84' lang='lat' dir='ltr'>ut</span> <span class='ocrx_word' id='word_1_104' title='bbox 419 881 636 921; x_wconf 82' lang='lat' dir='ltr'>fortitudini</span> <span class='ocrx_word' id='word_1_105' title='bbox 662 880 866 935; x_wconf 79' lang='lat' dir='ltr'>aegritudo</span> <span class='ocrx_word' id='word_1_106' title='bbox 891 888 1098 935; x_wconf 82' lang='lat' dir='ltr'>repugnet.</span> <span class='ocrx_word' id='word_1_107' title='bbox 1161 880 1261 922; x_wconf 80' lang='lat' dir='ltr'>Veri</span> <span class='ocrx_word' id='word_1_108' title='bbox 1285 881 1411 922; x_wconf 90' lang='lat' dir='ltr'>simile</span> <span class='ocrx_word' id='word_1_109' title='bbox 1436 888 1498 923; x_wconf 87' lang='lat' dir='ltr'>est</span> <span class='ocrx_word' id='word_1_110' title='bbox 1526 881 1670 936; x_wconf 90' lang='lat' dir='ltr'>igitur,</span> <span class='ocrx_word' id='word_1_111' title='bbox 1703 880 1746 921; x_wconf 92' lang='lat' dir='ltr'>in</span> 
     </span>
     <span class='ocr_line' id='line_1_15' title="bbox 156 954 1747 1014; baseline -0.001 -15"><span class='ocrx_word' id='word_1_112' title='bbox 156 973 272 1014; x_wconf 87' lang='lat' dir='ltr'>quem</span> <span class='ocrx_word' id='word_1_113' title='bbox 306 957 421 998; x_wconf 87' lang='lat' dir='ltr'>cadat</span> <span class='ocrx_word' id='word_1_114' title='bbox 457 956 686 1009; x_wconf 78' lang='lat' dir='ltr'>aegritudo,</span> <span class='ocrx_word' id='word_1_115' title='bbox 736 955 877 995; x_wconf 78' lang='lat' dir='ltr'>cadere</span> <span class='ocrx_word' id='word_1_116' title='bbox 911 954 951 995; x_wconf 91' lang='lat' dir='ltr'>in</span> <span class='ocrx_word' id='word_1_117' title='bbox 981 956 1146 996; x_wconf 88' lang='lat' dir='ltr'>eundem</span> <span class='ocrx_word' id='word_1_118' title='bbox 1187 955 1370 996; x_wconf 76' lang='lat' dir='ltr'>timorem</span> <span class='ocrx_word' id='word_1_119' title='bbox 1401 962 1441 996; x_wconf 89' lang='lat' dir='ltr'>et</span> <span class='ocrx_word' id='word_1_120' title='bbox 1469 956 1747 998; x_wconf 82' lang='lat' dir='ltr'>infractionem</span> 
     </span>
    </p>
   </div>
   <div class='ocr_carea' id='block_1_5' title="bbox 952 1027 1746 1084">
    <p class='ocr_par' dir='ltr' id='par_1_6' title="bbox 952 1027 1746 1084">
     <span class='ocr_line' id='line_1_16' title="bbox 952 1027 1746 1084; baseline 0.004 -15"><span class='ocrx_word' id='word_1_121' title='bbox 952 1027 1065 1082; x_wconf 82' lang='lat' dir='ltr'>Quae</span> <span class='ocrx_word' id='word_1_122' title='bbox 1098 1029 1137 1069; x_wconf 90' lang='lat' dir='ltr'>in</span> <span class='ocrx_word' id='word_1_123' title='bbox 1164 1043 1279 1084; x_wconf 91' lang='lat' dir='ltr'>quem</span> <span class='ocrx_word' id='word_1_124' title='bbox 1304 1030 1471 1081; x_wconf 80' lang='lat' dir='ltr'>cadunt,</span> <span class='ocrx_word' id='word_1_125' title='bbox 1514 1030 1556 1071; x_wconf 92' lang='lat' dir='ltr'>in</span> <span class='ocrx_word' id='word_1_126' title='bbox 1578 1031 1746 1072; x_wconf 87' lang='lat' dir='ltr'>eundem</span> 
     </span>
    </p>
   </div>
   <div class='ocr_carea' id='block_1_6' title="bbox 1630 1103 1746 1221">
    <p class='ocr_par' dir='ltr' id='par_1_7' title="bbox 1630 1103 1746 1221">
     <span class='ocr_line' id='line_1_17' title="bbox 1630 1103 1746 1159; baseline 0 -13"><span class='ocrx_word' id='word_1_127' title='bbox 1630 1103 1746 1159; x_wconf 81' lang='lat' dir='ltr'>Quae</span> 
     </span>
     <span class='ocr_line' id='line_1_18' title="bbox 1650 1178 1746 1221; baseline -0.01 0"><span class='ocrx_word' id='word_1_128' title='bbox 1650 1178 1746 1221; x_wconf 90' lang='lat' dir='ltr'>Non</span> 
     </span>
    </p>
   </div>
   <div class='ocr_carea' id='block_1_7' title="bbox 161 1252 1748 1459">
    <p class='ocr_par' dir='ltr' id='par_1_8' title="bbox 161 1252 1748 1459">
     <span class='ocr_line' id='line_1_19' title="bbox 1021 1252 1748 1309; baseline 0.001 -15"><span class='ocrx_word' id='word_1_129' title='bbox 1021 1252 1150 1308; x_wconf 83' lang='lat' dir='ltr'>Igitur</span> <span class='ocrx_word' id='word_1_130' title='bbox 1172 1267 1221 1294; x_wconf 91' lang='lat' dir='ltr'>ne</span> <span class='ocrx_word' id='word_1_131' title='bbox 1242 1254 1446 1309; x_wconf 82' lang='lat' dir='ltr'>aegritudo</span> <span class='ocrx_word' id='word_1_132' title='bbox 1467 1254 1638 1308; x_wconf 90' lang='lat' dir='ltr'>quidem.</span> <span class='ocrx_word' id='word_1_133' title='bbox 1692 1253 1748 1295; x_wconf 86' lang='lat' dir='ltr'>At</span> 
     </span>
     <span class='ocr_line' id='line_1_20' title="bbox 824 1325 1743 1384; baseline 0.002 -16"><span class='ocrx_word' id='word_1_134' title='bbox 824 1325 919 1367; x_wconf 78' lang='lat' dir='ltr'>Non</span> <span class='ocrx_word' id='word_1_135' title='bbox 943 1328 1056 1369; x_wconf 84' lang='lat' dir='ltr'>cadet</span> <span class='ocrx_word' id='word_1_136' title='bbox 1087 1341 1182 1383; x_wconf 90' lang='lat' dir='ltr'>ergo</span> <span class='ocrx_word' id='word_1_137' title='bbox 1217 1327 1258 1369; x_wconf 91' lang='lat' dir='ltr'>in</span> <span class='ocrx_word' id='word_1_138' title='bbox 1279 1328 1496 1383; x_wconf 88' lang='lat' dir='ltr'>sapientem</span> <span class='ocrx_word' id='word_1_139' title='bbox 1520 1328 1743 1384; x_wconf 85' lang='lat' dir='ltr'>aegritudo.</span> 
     </span>
     <span class='ocr_line' id='line_1_21' title="bbox 161 1402 1745 1459; baseline -0.001 -13"><span class='ocrx_word' id='word_1_140' title='bbox 161 1412 228 1446; x_wconf 81' lang='lat'>15.</span> <span class='ocrx_word' id='word_1_141' title='bbox 259 1402 476 1445; x_wconf 87' lang='lat' dir='ltr'>Praeterea</span> <span class='ocrx_word' id='word_1_142' title='bbox 497 1415 663 1443; x_wconf 86' lang='lat' dir='ltr'>necesse</span> <span class='ocrx_word' id='word_1_143' title='bbox 687 1409 769 1452; x_wconf 84' lang='lat' dir='ltr'>est,</span> <span class='ocrx_word' id='word_1_144' title='bbox 805 1402 869 1457; x_wconf 89' lang='lat' dir='ltr'>qui</span> <span class='ocrx_word' id='word_1_145' title='bbox 893 1403 1007 1443; x_wconf 87' lang='lat' dir='ltr'>fortis</span> <span class='ocrx_word' id='word_1_146' title='bbox 1031 1403 1103 1455; x_wconf 87' lang='lat' dir='ltr'>sit,</span> <span class='ocrx_word' id='word_1_147' title='bbox 1138 1402 1304 1444; x_wconf 88' lang='lat' dir='ltr'>eundem</span> <span class='ocrx_word' id='word_1_148' title='bbox 1329 1416 1419 1444; x_wconf 90' lang='lat' dir='ltr'>esse</span> <span class='ocrx_word' id='word_1_149' title='bbox 1442 1403 1576 1459; x_wconf 92' lang='lat' dir='ltr'>magni</span> <span class='ocrx_word' id='word_1_150' title='bbox 1600 1403 1745 1457; x_wconf 66' lang='lat' dir='ltr'>animi,</span> 
     </span>
    </p>
   </div>
   <div class='ocr_carea' id='block_1_8' title="bbox 155 1029 1589 1385">
    <p class='ocr_par' dir='ltr' id='par_1_9' title="bbox 155 1029 1589 1385">
     <span class='ocr_line' id='line_1_22' title="bbox 155 1029 887 1088; baseline -0.008 -14"><span class='ocrx_word' id='word_1_151' title='bbox 155 1032 349 1088; x_wconf 86' lang='lat' dir='ltr'>quandam</span> <span class='ocrx_word' id='word_1_152' title='bbox 374 1030 492 1071; x_wconf 89' lang='lat' dir='ltr'>animi</span> <span class='ocrx_word' id='word_1_153' title='bbox 525 1037 564 1070; x_wconf 76' lang='lat' dir='ltr'>et,</span> <span class='ocrx_word' id='word_1_154' title='bbox 591 1029 887 1070; x_wconf 82' lang='lat' dir='ltr'>demissionem.</span> 
     </span>
     <span class='ocr_line' id='line_1_23' title="bbox 155 1103 1566 1158; baseline -0.001 -11"><span class='ocrx_word' id='word_1_155' title='bbox 155 1107 282 1158; x_wconf 83' lang='lat' dir='ltr'>eadit,</span> <span class='ocrx_word' id='word_1_156' title='bbox 318 1112 359 1147; x_wconf 93' lang='lat' dir='ltr'>ut</span> <span class='ocrx_word' id='word_1_157' title='bbox 393 1104 566 1154; x_wconf 74' lang='lat' dir='ltr'>serviat,</span> <span class='ocrx_word' id='word_1_158' title='bbox 601 1110 643 1144; x_wconf 91' lang='lat' dir='ltr'>ut</span> <span class='ocrx_word' id='word_1_159' title='bbox 672 1104 843 1155; x_wconf 72' lang='lat' dir='ltr'>virtum,</span> <span class='ocrx_word' id='word_1_160' title='bbox 889 1103 923 1145; x_wconf 92' lang='lat' dir='ltr'>si</span> <span class='ocrx_word' id='word_1_161' title='bbox 952 1104 1131 1158; x_wconf 87' lang='lat' dir='ltr'>quando,</span> <span class='ocrx_word' id='word_1_162' title='bbox 1178 1118 1222 1146; x_wconf 91' lang='lat' dir='ltr'>se</span> <span class='ocrx_word' id='word_1_163' title='bbox 1261 1118 1350 1146; x_wconf 90' lang='lat' dir='ltr'>esse</span> <span class='ocrx_word' id='word_1_164' title='bbox 1383 1105 1566 1146; x_wconf 78' lang='lat' dir='ltr'>fateatur.</span> 
     </span>
     <span class='ocr_line' id='line_1_24' title="bbox 157 1178 1589 1238; baseline -0.001 -16"><span class='ocrx_word' id='word_1_165' title='bbox 157 1182 221 1238; x_wconf 89' lang='lat' dir='ltr'>qui</span> <span class='ocrx_word' id='word_1_166' title='bbox 248 1180 411 1236; x_wconf 69' lang='lat' dir='ltr'>recipit,</span> <span class='ocrx_word' id='word_1_167' title='bbox 444 1178 611 1233; x_wconf 77' lang='lat' dir='ltr'>recipiat</span> <span class='ocrx_word' id='word_1_168' title='bbox 636 1178 738 1219; x_wconf 87' lang='lat' dir='ltr'>idem</span> <span class='ocrx_word' id='word_1_169' title='bbox 767 1192 931 1220; x_wconf 78' lang='lat' dir='ltr'>necesse</span> <span class='ocrx_word' id='word_1_170' title='bbox 957 1186 1019 1219; x_wconf 83' lang='lat' dir='ltr'>est</span> <span class='ocrx_word' id='word_1_171' title='bbox 1044 1178 1288 1220; x_wconf 86' lang='lat' dir='ltr'>timiditatem</span> <span class='ocrx_word' id='word_1_172' title='bbox 1313 1187 1354 1221; x_wconf 88' lang='lat' dir='ltr'>et</span> <span class='ocrx_word' id='word_1_173' title='bbox 1375 1179 1589 1234; x_wconf 83' lang='lat' dir='ltr'>ignaviam.</span> 
     </span>
     <span class='ocr_line' id='line_1_25' title="bbox 157 1253 957 1297; baseline -0.004 0"><span class='ocrx_word' id='word_1_174' title='bbox 157 1257 300 1297; x_wconf 81' lang='lat' dir='ltr'>radunt</span> <span class='ocrx_word' id='word_1_175' title='bbox 319 1261 449 1295; x_wconf 82' lang='lat' dir='ltr'>autem</span> <span class='ocrx_word' id='word_1_176' title='bbox 471 1253 566 1294; x_wconf 86' lang='lat' dir='ltr'>haec</span> <span class='ocrx_word' id='word_1_177' title='bbox 588 1253 625 1293; x_wconf 93' lang='lat' dir='ltr'>in</span> <span class='ocrx_word' id='word_1_178' title='bbox 649 1253 776 1293; x_wconf 77' lang='lat' dir='ltr'>virum</span> <span class='ocrx_word' id='word_1_179' title='bbox 800 1255 957 1294; x_wconf 82' lang='lat' dir='ltr'>sortem.</span> 
     </span>
     <span class='ocr_line' id='line_1_26' title="bbox 157 1327 761 1385; baseline -0.008 -13"><span class='ocrx_word' id='word_1_180' title='bbox 157 1345 273 1372; x_wconf 86' lang='lat' dir='ltr'>nemo</span> <span class='ocrx_word' id='word_1_181' title='bbox 296 1328 478 1385; x_wconf 91' lang='lat' dir='ltr'>sapiens,</span> <span class='ocrx_word' id='word_1_182' title='bbox 525 1327 600 1368; x_wconf 88' lang='lat' dir='ltr'>nisi</span> <span class='ocrx_word' id='word_1_183' title='bbox 634 1327 761 1368; x_wconf 87' lang='lat' dir='ltr'>sortis.</span> 
     </span>
    </p>
   </div>
   <div class='ocr_carea' id='block_1_9' title="bbox 157 1509 940 3015">
    <p class='ocr_par' dir='ltr' id='par_1_10' title="bbox 158 1509 934 1644">
     <span class='ocr_line' id='line_1_27' title="bbox 228 1509 934 1554; baseline -0.004 -9"><span class='ocrx_word' id='word_1_184' title='bbox 228 1514 266 1545; x_wconf 83' lang='lat' dir='ltr'>de</span> <span class='ocrx_word' id='word_1_185' title='bbox 287 1513 373 1544; x_wconf 82' lang='lat' dir='ltr'>omni</span> <span class='ocrx_word' id='word_1_186' title='bbox 396 1512 497 1543; x_wconf 73' lang='lat' dir='ltr'>animi</span> <span class='ocrx_word' id='word_1_187' title='bbox 515 1528 561 1534; x_wconf 91' lang='lat'>——</span> <span class='ocrx_word' id='word_1_188' title='bbox 578 1509 825 1554; x_wconf 76' lang='lat' dir='ltr'>perturbatione]</span> <span class='ocrx_word' id='word_1_189' title='bbox 848 1511 890 1543; x_wconf 81' lang='lat' dir='ltr'>H.</span> <span class='ocrx_word' id='word_1_190' title='bbox 906 1522 934 1542; x_wconf 81' lang='lat' dir='ltr'>e.</span> 
     </span>
     <span class='ocr_line' id='line_1_28' title="bbox 159 1555 933 1602; baseline -0.004 -10"><span class='ocrx_word' id='word_1_191' title='bbox 159 1560 201 1592; x_wconf 89' lang='lat' dir='ltr'>de</span> <span class='ocrx_word' id='word_1_192' title='bbox 230 1556 484 1602; x_wconf 82' lang='lat' dir='ltr'>perturbatione</span> <span class='ocrx_word' id='word_1_193' title='bbox 512 1555 612 1588; x_wconf 84' lang='lat' dir='ltr'>animi</span> <span class='ocrx_word' id='word_1_194' title='bbox 635 1556 784 1588; x_wconf 89' lang='lat' dir='ltr'>omnino.</span> <span class='ocrx_word' id='word_1_195' title='bbox 822 1557 861 1589; x_wconf 91' lang='lat' dir='ltr'>V.</span> <span class='ocrx_word' id='word_1_196' title='bbox 891 1556 933 1589; x_wconf 88' lang='lat' dir='ltr'>ad</span> 
     </span>
     <span class='ocr_line' id='line_1_29' title="bbox 158 1603 781 1644; baseline -0.008 -6"><span class='ocrx_word' id='word_1_197' title='bbox 158 1619 186 1638; x_wconf 88' lang='lat' dir='ltr'>c.</span> <span class='ocrx_word' id='word_1_198' title='bbox 207 1604 228 1638; x_wconf 89' lang='grc'>3</span> <span class='ocrx_word' id='word_1_199' title='bbox 242 1630 249 1644; x_wconf 86' lang='grc'>,</span> <span class='ocrx_word' id='word_1_200' title='bbox 274 1603 315 1637; x_wconf 86' lang='lat'>6:</span> <span class='ocrx_word' id='word_1_201' title='bbox 341 1604 380 1635; x_wconf 80' lang='lat' dir='ltr'>de</span> <span class='ocrx_word' id='word_1_202' title='bbox 403 1604 550 1634; x_wconf 74' lang='lat' dir='ltr'>universa</span> <span class='ocrx_word' id='word_1_203' title='bbox 573 1603 781 1642; x_wconf 79' lang='lat' dir='ltr'>philosophia.</span> 
     </span>
    </p>

    <p class='ocr_par' dir='ltr' id='par_1_11' title="bbox 157 1647 935 1827">
     <span class='ocr_line' id='line_1_30' title="bbox 226 1647 933 1689; baseline -0.004 -7"><span class='ocrx_word' id='word_1_204' title='bbox 226 1652 358 1682; x_wconf 81' lang='lat' dir='ltr'>breviter</span> <span class='ocrx_word' id='word_1_205' title='bbox 389 1649 599 1689; x_wconf 69' lang='lat' dir='ltr'>adstrinqere]</span> <span class='ocrx_word' id='word_1_206' title='bbox 644 1648 696 1679; x_wconf 80' lang='lat' dir='ltr'>Cf.</span> <span class='ocrx_word' id='word_1_207' title='bbox 730 1659 756 1679; x_wconf 91' lang='lat' dir='ltr'>c.</span> <span class='ocrx_word' id='word_1_208' title='bbox 783 1648 844 1688; x_wconf 90' lang='grc'>10,</span> <span class='ocrx_word' id='word_1_209' title='bbox 877 1647 933 1680; x_wconf 73' lang='lat'>22.</span> 
     </span>
     <span class='ocr_line' id='line_1_31' title="bbox 157 1692 935 1734; baseline -0.006 -5"><span class='ocrx_word' id='word_1_210' title='bbox 157 1696 201 1729; x_wconf 86' lang='lat' dir='ltr'>de</span> <span class='ocrx_word' id='word_1_211' title='bbox 223 1696 297 1728; x_wconf 78' lang='lat' dir='ltr'>Fat.</span> <span class='ocrx_word' id='word_1_212' title='bbox 319 1694 413 1732; x_wconf 71' lang='lat' dir='ltr'>xiv,</span> <span class='ocrx_word' id='word_1_213' title='bbox 436 1692 500 1726; x_wconf 75' lang='lat'>32:</span> <span class='ocrx_word' id='word_1_214' title='bbox 527 1693 610 1724; x_wconf 84' lang='lat' dir='ltr'>haec</span> <span class='ocrx_word' id='word_1_215' title='bbox 635 1693 755 1725; x_wconf 83' lang='lat' dir='ltr'>arctius</span> <span class='ocrx_word' id='word_1_216' title='bbox 779 1695 935 1734; x_wconf 68' lang='lat' dir='ltr'>adstringi</span> 
     </span>
     <span class='ocr_line' id='line_1_32' title="bbox 159 1738 933 1783; baseline -0.006 -8"><span class='ocrx_word' id='word_1_217' title='bbox 159 1742 244 1775; x_wconf 81' lang='lat' dir='ltr'>ratio</span> <span class='ocrx_word' id='word_1_218' title='bbox 260 1752 327 1773; x_wconf 83' lang='lat' dir='ltr'>non</span> <span class='ocrx_word' id='word_1_219' title='bbox 347 1746 471 1783; x_wconf 88' lang='lat' dir='ltr'>potest.</span> <span class='ocrx_word' id='word_1_220' title='bbox 506 1740 598 1770; x_wconf 84' lang='lat' dir='ltr'>Brut.</span> <span class='ocrx_word' id='word_1_221' title='bbox 615 1738 722 1778; x_wconf 81' lang='lat' dir='ltr'>XCV,</span> <span class='ocrx_word' id='word_1_222' title='bbox 742 1739 828 1772; x_wconf 63' lang='lat'>327:</span> <span class='ocrx_word' id='word_1_223' title='bbox 853 1751 933 1772; x_wconf 71' lang='lat' dir='ltr'>ver-</span> 
     </span>
     <span class='ocr_line' id='line_1_33' title="bbox 158 1784 741 1827; baseline -0.009 -6"><span class='ocrx_word' id='word_1_224' title='bbox 158 1789 276 1821; x_wconf 79' lang='lat' dir='ltr'>borum</span> <span class='ocrx_word' id='word_1_225' title='bbox 297 1788 450 1818; x_wconf 78' lang='lat' dir='ltr'>adstricta</span> <span class='ocrx_word' id='word_1_226' title='bbox 474 1784 741 1827; x_wconf 70' lang='lat' dir='ltr'>comprehensio.</span> 
     </span>
    </p>

    <p class='ocr_par' dir='ltr' id='par_1_12' title="bbox 160 1829 934 1920">
     <span class='ocr_line' id='line_1_34' title="bbox 229 1829 934 1874; baseline -0.006 -10"><span class='ocrx_word' id='word_1_227' title='bbox 229 1833 308 1865; x_wconf 55' lang='lat' dir='ltr'>cip.</span> <span class='ocrx_word' id='word_1_228' title='bbox 321 1832 394 1864; x_wconf 67' lang='lat' dir='ltr'>vll.</span> <span class='ocrx_word' id='word_1_229' title='bbox 415 1829 467 1864; x_wconf 69' lang='grc'>1-1.</span> <span class='ocrx_word' id='word_1_230' title='bbox 483 1831 648 1874; x_wconf 79' lang='lat' dir='ltr'>quoniam]</span> <span class='ocrx_word' id='word_1_231' title='bbox 668 1831 711 1861; x_wconf 82' lang='lat' dir='ltr'>H.</span> <span class='ocrx_word' id='word_1_232' title='bbox 723 1841 751 1862; x_wconf 69' lang='lat' dir='ltr'>e.</span> <span class='ocrx_word' id='word_1_233' title='bbox 769 1841 845 1861; x_wconf 89' lang='lat' dir='ltr'>usus</span> <span class='ocrx_word' id='word_1_234' title='bbox 861 1841 934 1861; x_wconf 91' lang='lat' dir='ltr'>sum</span> 
     </span>
     <span class='ocr_line' id='line_1_35' title="bbox 160 1876 934 1920; baseline -0.008 -7"><span class='ocrx_word' id='word_1_235' title='bbox 160 1877 324 1913; x_wconf 81' lang='lat' dir='ltr'>vocabulo</span> <span class='ocrx_word' id='word_1_236' title='bbox 349 1879 469 1919; x_wconf 72' lang='lat' dir='ltr'>finiens,</span> <span class='ocrx_word' id='word_1_237' title='bbox 495 1876 652 1920; x_wconf 82' lang='lat' dir='ltr'>quoniam</span> <span class='ocrx_word' id='word_1_238' title='bbox 676 1877 834 1917; x_wconf 71' lang='lat' dir='ltr'>coiifidens</span> <span class='ocrx_word' id='word_1_239' title='bbox 855 1883 934 1908; x_wconf 86' lang='lat' dir='ltr'>cett.</span> 
     </span>
    </p>

    <p class='ocr_par' dir='ltr' id='par_1_13' title="bbox 158 1921 939 2289">
     <span class='ocr_line' id='line_1_36' title="bbox 214 1921 937 1965; baseline -0.004 -8"><span class='ocrx_word' id='word_1_240' title='bbox 214 1926 431 1965; x_wconf 72' lang='lat' dir='ltr'>infractionem</span> <span class='ocrx_word' id='word_1_241' title='bbox 444 1921 622 1965; x_wconf 81' lang='lat' dir='ltr'>quandam]</span> <span class='ocrx_word' id='word_1_242' title='bbox 637 1922 822 1953; x_wconf 83' lang='lat' dir='ltr'>l&#39;ronomen</span> <span class='ocrx_word' id='word_1_243' title='bbox 835 1932 937 1962; x_wconf 82' lang='lat' dir='ltr'>quan-</span> 
     </span>
     <span class='ocr_line' id='line_1_37' title="bbox 158 1969 937 2011; baseline -0.006 -8"><span class='ocrx_word' id='word_1_244' title='bbox 158 1973 236 2003; x_wconf 83' lang='lat' dir='ltr'>dam</span> <span class='ocrx_word' id='word_1_245' title='bbox 265 1969 446 2011; x_wconf 70' lang='lat' dir='ltr'>significat,</span> <span class='ocrx_word' id='word_1_246' title='bbox 482 1979 604 1999; x_wconf 88' lang='lat' dir='ltr'>nomen</span> <span class='ocrx_word' id='word_1_247' title='bbox 637 1969 834 2008; x_wconf 71' lang='lat' dir='ltr'>infractionis</span> <span class='ocrx_word' id='word_1_248' title='bbox 866 1974 937 1999; x_wconf 84' lang='lat' dir='ltr'>tum</span> 
     </span>
     <span class='ocr_line' id='line_1_38' title="bbox 159 2012 936 2059; baseline -0.004 -12"><span class='ocrx_word' id='word_1_249' title='bbox 159 2016 292 2059; x_wconf 86' lang='lat' dir='ltr'>quidem</span> <span class='ocrx_word' id='word_1_250' title='bbox 318 2026 383 2046; x_wconf 85' lang='lat' dir='ltr'>non</span> <span class='ocrx_word' id='word_1_251' title='bbox 407 2013 512 2045; x_wconf 70' lang='lat' dir='ltr'>videri</span> <span class='ocrx_word' id='word_1_252' title='bbox 539 2012 719 2045; x_wconf 78' lang='lat' dir='ltr'>admodum</span> <span class='ocrx_word' id='word_1_253' title='bbox 743 2012 844 2045; x_wconf 81' lang='lat' dir='ltr'>fuisse</span> <span class='ocrx_word' id='word_1_254' title='bbox 866 2013 936 2045; x_wconf 85' lang='lat' dir='ltr'>usi-</span> 
     </span>
     <span class='ocr_line' id='line_1_39' title="bbox 159 2058 938 2102; baseline -0.004 -8"><span class='ocrx_word' id='word_1_255' title='bbox 159 2069 276 2094; x_wconf 76' lang='lat' dir='ltr'>tatum.</span> <span class='ocrx_word' id='word_1_256' title='bbox 324 2061 367 2091; x_wconf 78' lang='lat' dir='ltr'>Et</span> <span class='ocrx_word' id='word_1_257' title='bbox 386 2071 464 2091; x_wconf 85' lang='lat' dir='ltr'>vero</span> <span class='ocrx_word' id='word_1_258' title='bbox 488 2059 588 2091; x_wconf 76' lang='lat' dir='ltr'>etium</span> <span class='ocrx_word' id='word_1_259' title='bbox 609 2058 652 2090; x_wconf 78' lang='lat' dir='ltr'>nb</span> <span class='ocrx_word' id='word_1_260' title='bbox 674 2059 938 2102; x_wconf 77' lang='lat' dir='ltr'>metaphoiicam</span> 
     </span>
     <span class='ocr_line' id='line_1_40' title="bbox 159 2105 937 2148; baseline -0.003 -9"><span class='ocrx_word' id='word_1_261' title='bbox 159 2107 255 2140; x_wconf 86' lang='lat' dir='ltr'>huius</span> <span class='ocrx_word' id='word_1_262' title='bbox 277 2105 418 2137; x_wconf 86' lang='lat' dir='ltr'>nominis</span> <span class='ocrx_word' id='word_1_263' title='bbox 441 2105 649 2137; x_wconf 80' lang='lat' dir='ltr'>notationem</span> <span class='ocrx_word' id='word_1_264' title='bbox 685 2116 791 2148; x_wconf 80' lang='lat' dir='ltr'>paene</span> <span class='ocrx_word' id='word_1_265' title='bbox 816 2116 937 2137; x_wconf 85' lang='lat' dir='ltr'>neces—</span> 
     </span>
     <span class='ocr_line' id='line_1_41' title="bbox 159 2150 937 2193; baseline -0.003 -8"><span class='ocrx_word' id='word_1_266' title='bbox 159 2152 282 2185; x_wconf 79' lang='lat' dir='ltr'>sarium</span> <span class='ocrx_word' id='word_1_267' title='bbox 304 2157 354 2182; x_wconf 80' lang='lat' dir='ltr'>est</span> <span class='ocrx_word' id='word_1_268' title='bbox 377 2150 442 2182; x_wconf 89' lang='lat' dir='ltr'>hoc</span> <span class='ocrx_word' id='word_1_269' title='bbox 465 2161 661 2193; x_wconf 81' lang='lat' dir='ltr'>pronomen.</span> <span class='ocrx_word' id='word_1_270' title='bbox 722 2150 841 2182; x_wconf 86' lang='lat' dir='ltr'>Lectio</span> <span class='ocrx_word' id='word_1_271' title='bbox 862 2154 937 2192; x_wconf 82' lang='lat' dir='ltr'>qui-</span> 
     </span>
     <span class='ocr_line' id='line_1_42' title="bbox 160 2195 939 2239; baseline -0.004 -8"><span class='ocrx_word' id='word_1_272' title='bbox 160 2201 231 2231; x_wconf 85' lang='lat' dir='ltr'>dem</span> <span class='ocrx_word' id='word_1_273' title='bbox 252 2209 291 2229; x_wconf 87' lang='lat' dir='ltr'>ex</span> <span class='ocrx_word' id='word_1_274' title='bbox 312 2195 511 2239; x_wconf 89' lang='lat' dir='ltr'>compendio</span> <span class='ocrx_word' id='word_1_275' title='bbox 533 2196 715 2239; x_wconf 81' lang='lat' dir='ltr'>scripturae</span> <span class='ocrx_word' id='word_1_276' title='bbox 739 2196 837 2228; x_wconf 82' lang='lat' dir='ltr'>facile</span> <span class='ocrx_word' id='word_1_277' title='bbox 859 2197 939 2229; x_wconf 82' lang='lat' dir='ltr'>oriri</span> 
     </span>
     <span class='ocr_line' id='line_1_43' title="bbox 160 2243 283 2289; baseline -0.033 -12"><span class='ocrx_word' id='word_1_278' title='bbox 160 2243 283 2289; x_wconf 87' lang='lat' dir='ltr'>potuit.</span> 
     </span>
    </p>

    <p class='ocr_par' dir='ltr' id='par_1_14' title="bbox 161 2288 940 2837">
     <span class='ocr_line' id='line_1_44' title="bbox 228 2288 937 2331; baseline -0.001 -10"><span class='ocrx_word' id='word_1_279' title='bbox 228 2291 366 2324; x_wconf 77' lang='lat' dir='ltr'>victum,</span> <span class='ocrx_word' id='word_1_280' title='bbox 390 2289 419 2318; x_wconf 82' lang='lat' dir='ltr'>si</span> <span class='ocrx_word' id='word_1_281' title='bbox 438 2288 578 2327; x_wconf 75' lang='lat' dir='ltr'>quando,</span> <span class='ocrx_word' id='word_1_282' title='bbox 600 2297 631 2318; x_wconf 80' lang='lat' dir='ltr'>se</span> <span class='ocrx_word' id='word_1_283' title='bbox 653 2290 729 2330; x_wconf 73' lang='lat' dir='ltr'>csse]</span> <span class='ocrx_word' id='word_1_284' title='bbox 758 2288 854 2320; x_wconf 82' lang='lat' dir='ltr'>Hanc</span> <span class='ocrx_word' id='word_1_285' title='bbox 875 2300 937 2331; x_wconf 84' lang='lat' dir='ltr'>ge—</span> 
     </span>
     <span class='ocr_line' id='line_1_45' title="bbox 161 2332 938 2374; baseline -0.003 -6"><span class='ocrx_word' id='word_1_286' title='bbox 161 2334 296 2368; x_wconf 86' lang='lat' dir='ltr'>nuinam</span> <span class='ocrx_word' id='word_1_287' title='bbox 315 2332 496 2365; x_wconf 80' lang='lat' dir='ltr'>lectionem</span> <span class='ocrx_word' id='word_1_288' title='bbox 518 2332 635 2374; x_wconf 85' lang='lat' dir='ltr'>optimi</span> <span class='ocrx_word' id='word_1_289' title='bbox 658 2333 756 2365; x_wconf 85' lang='lat' dir='ltr'>codd.</span> <span class='ocrx_word' id='word_1_290' title='bbox 779 2334 938 2366; x_wconf 82' lang='lat' dir='ltr'>exhibent</span> 
     </span>
     <span class='ocr_line' id='line_1_46' title="bbox 162 2379 937 2426; baseline -0.003 -13"><span class='ocrx_word' id='word_1_291' title='bbox 162 2393 225 2426; x_wconf 88' lang='lat' dir='ltr'>pro</span> <span class='ocrx_word' id='word_1_292' title='bbox 248 2379 338 2422; x_wconf 88' lang='lat' dir='ltr'>vulg.</span> <span class='ocrx_word' id='word_1_293' title='bbox 361 2381 478 2411; x_wconf 82' lang='lat' dir='ltr'>victum</span> <span class='ocrx_word' id='word_1_294' title='bbox 499 2387 530 2409; x_wconf 87' lang='lat' dir='ltr'>se</span> <span class='ocrx_word' id='word_1_295' title='bbox 549 2379 735 2418; x_wconf 76' lang='lat' dir='ltr'>quandoque</span> <span class='ocrx_word' id='word_1_296' title='bbox 751 2389 823 2411; x_wconf 85' lang='lat' dir='ltr'>esse.</span> <span class='ocrx_word' id='word_1_297' title='bbox 862 2381 937 2411; x_wconf 81' lang='lat' dir='ltr'>Vo—</span> 
     </span>
     <span class='ocr_line' id='line_1_47' title="bbox 163 2423 938 2466; baseline -0.004 -7"><span class='ocrx_word' id='word_1_298' title='bbox 163 2425 318 2460; x_wconf 87' lang='lat' dir='ltr'>cabulum</span> <span class='ocrx_word' id='word_1_299' title='bbox 340 2425 526 2465; x_wconf 79' lang='lat' dir='ltr'>quandoque</span> <span class='ocrx_word' id='word_1_300' title='bbox 551 2423 640 2466; x_wconf 84' lang='lat' dir='ltr'>apud</span> <span class='ocrx_word' id='word_1_301' title='bbox 669 2424 864 2456; x_wconf 83' lang='lat' dir='ltr'>Ciceronem</span> <span class='ocrx_word' id='word_1_302' title='bbox 895 2425 938 2456; x_wconf 85' lang='lat' dir='ltr'>ad</span> 
     </span>
     <span class='ocr_line' id='line_1_48' title="bbox 164 2467 937 2512; baseline -0.004 -7"><span class='ocrx_word' id='word_1_303' title='bbox 164 2472 326 2505; x_wconf 77' lang='lat' dir='ltr'>Fam-VI.</span> <span class='ocrx_word' id='word_1_304' title='bbox 344 2469 395 2508; x_wconf 83' lang='lat'>19,</span> <span class='ocrx_word' id='word_1_305' title='bbox 418 2467 450 2501; x_wconf 82' lang='lat'>2.</span> <span class='ocrx_word' id='word_1_306' title='bbox 470 2468 611 2512; x_wconf 84' lang='lat' dir='ltr'>legitur:</span> <span class='ocrx_word' id='word_1_307' title='bbox 639 2480 699 2510; x_wconf 77' lang='lat' dir='ltr'>ego</span> <span class='ocrx_word' id='word_1_308' title='bbox 723 2481 775 2501; x_wconf 86' lang='lat' dir='ltr'>me</span> <span class='ocrx_word' id='word_1_309' title='bbox 795 2472 937 2502; x_wconf 80' lang='lat' dir='ltr'>Asturae</span> 
     </span>
     <span class='ocr_line' id='line_1_49' title="bbox 164 2514 937 2558; baseline -0.006 -7"><span class='ocrx_word' id='word_1_310' title='bbox 164 2517 286 2551; x_wconf 87' lang='lat' dir='ltr'>diutius</span> <span class='ocrx_word' id='word_1_311' title='bbox 319 2514 465 2548; x_wconf 86' lang='lat' dir='ltr'>arbitror</span> <span class='ocrx_word' id='word_1_312' title='bbox 491 2521 791 2554; x_wconf 77' lang='lat' dir='ltr'>commoraturum,</span> <span class='ocrx_word' id='word_1_313' title='bbox 828 2515 937 2558; x_wconf 82' lang='lat' dir='ltr'>quoad</span> 
     </span>
     <span class='ocr_line' id='line_1_50' title="bbox 163 2558 940 2604; baseline -0.006 -7"><span class='ocrx_word' id='word_1_314' title='bbox 163 2565 219 2597; x_wconf 88' lang='lat' dir='ltr'>ille</span> <span class='ocrx_word' id='word_1_315' title='bbox 238 2563 426 2604; x_wconf 81' lang='lat' dir='ltr'>quandoque</span> <span class='ocrx_word' id='word_1_316' title='bbox 443 2559 578 2598; x_wconf 76' lang='lat' dir='ltr'>veniat3</span> <span class='ocrx_word' id='word_1_317' title='bbox 602 2558 661 2591; x_wconf 86' lang='lat' dir='ltr'>sed</span> <span class='ocrx_word' id='word_1_318' title='bbox 684 2559 729 2592; x_wconf 88' lang='lat' dir='ltr'>ibi</span> <span class='ocrx_word' id='word_1_319' title='bbox 756 2572 823 2592; x_wconf 91' lang='lat' dir='ltr'>non</span> <span class='ocrx_word' id='word_1_320' title='bbox 845 2563 940 2593; x_wconf 81' lang='lat' dir='ltr'>inter-</span> 
     </span>
     <span class='ocr_line' id='line_1_51' title="bbox 165 2606 939 2652; baseline -0.008 -9"><span class='ocrx_word' id='word_1_321' title='bbox 165 2612 264 2650; x_wconf 86' lang='lat' dir='ltr'>dum,</span> <span class='ocrx_word' id='word_1_322' title='bbox 288 2607 379 2652; x_wconf 89' lang='lat' dir='ltr'>quod</span> <span class='ocrx_word' id='word_1_323' title='bbox 400 2606 470 2638; x_wconf 85' lang='lat' dir='ltr'>eius</span> <span class='ocrx_word' id='word_1_324' title='bbox 483 2631 491 2645; x_wconf 91' lang='lat'>,</span> <span class='ocrx_word' id='word_1_325' title='bbox 516 2617 615 2650; x_wconf 88' lang='lat' dir='ltr'>quem</span> <span class='ocrx_word' id='word_1_326' title='bbox 636 2616 724 2637; x_wconf 88' lang='lat' dir='ltr'>nunc</span> <span class='ocrx_word' id='word_1_327' title='bbox 747 2612 939 2648; x_wconf 81' lang='lat' dir='ltr'>tractamus,</span> 
     </span>
     <span class='ocr_line' id='line_1_52' title="bbox 165 2650 940 2696; baseline -0.008 -8"><span class='ocrx_word' id='word_1_328' title='bbox 165 2655 233 2688; x_wconf 88' lang='lat' dir='ltr'>loci</span> <span class='ocrx_word' id='word_1_329' title='bbox 251 2652 418 2686; x_wconf 82' lang='lat' dir='ltr'>sententia</span> <span class='ocrx_word' id='word_1_330' title='bbox 437 2651 594 2696; x_wconf 84' lang='lat' dir='ltr'>requirit,</span> <span class='ocrx_word' id='word_1_331' title='bbox 615 2650 676 2683; x_wconf 86' lang='lat' dir='ltr'>sed</span> <span class='ocrx_word' id='word_1_332' title='bbox 694 2653 870 2692; x_wconf 79' lang='lat' dir='ltr'>aliquando</span> <span class='ocrx_word' id='word_1_333' title='bbox 891 2651 940 2682; x_wconf 88' lang='lat' dir='ltr'>si—</span> 
     </span>
     <span class='ocr_line' id='line_1_53' title="bbox 166 2696 940 2745; baseline -0.006 -12"><span class='ocrx_word' id='word_1_334' title='bbox 166 2700 312 2745; x_wconf 77' lang='lat' dir='ltr'>gnificat.</span> <span class='ocrx_word' id='word_1_335' title='bbox 371 2698 431 2730; x_wconf 85' lang='lat' dir='ltr'>Illa</span> <span class='ocrx_word' id='word_1_336' title='bbox 452 2697 599 2741; x_wconf 89' lang='lat' dir='ltr'>elliptica</span> <span class='ocrx_word' id='word_1_337' title='bbox 618 2696 744 2728; x_wconf 88' lang='lat' dir='ltr'>locutio</span> <span class='ocrx_word' id='word_1_338' title='bbox 767 2699 794 2728; x_wconf 89' lang='lat' dir='ltr'>si</span> <span class='ocrx_word' id='word_1_339' title='bbox 813 2698 940 2737; x_wconf 78' lang='lat' dir='ltr'>quando</span> 
     </span>
     <span class='ocr_line' id='line_1_54' title="bbox 168 2742 940 2788; baseline -0.008 -9"><span class='ocrx_word' id='word_1_340' title='bbox 168 2754 219 2779; x_wconf 84' lang='lat' dir='ltr'>est</span> <span class='ocrx_word' id='word_1_341' title='bbox 237 2743 481 2788; x_wconf 81' lang='lat' dir='ltr'>elegantissima</span> <span class='ocrx_word' id='word_1_342' title='bbox 497 2750 532 2775; x_wconf 89' lang='lat' dir='ltr'>et</span> <span class='ocrx_word' id='word_1_343' title='bbox 544 2742 728 2786; x_wconf 77' lang='lat' dir='ltr'>comparan&#39;</span> <span class='ocrx_word' id='word_1_344' title='bbox 740 2749 855 2785; x_wconf 85' lang='lat' dir='ltr'>potest</span> <span class='ocrx_word' id='word_1_345' title='bbox 866 2753 940 2774; x_wconf 87' lang='lat' dir='ltr'>eum</span> 
     </span>
     <span class='ocr_line' id='line_1_55' title="bbox 168 2789 595 2837; baseline -0.009 -12"><span class='ocrx_word' id='word_1_346' title='bbox 168 2789 438 2837; x_wconf 80' lang='lat' dir='ltr'>frequentissimo</span> <span class='ocrx_word' id='word_1_347' title='bbox 460 2792 487 2821; x_wconf 81' lang='lat' dir='ltr'>si</span> <span class='ocrx_word' id='word_1_348' title='bbox 507 2790 595 2830; x_wconf 74' lang='lat' dir='ltr'>forte.</span> 
     </span>
    </p>

    <p class='ocr_par' dir='ltr' id='par_1_15' title="bbox 165 2832 940 3015">
     <span class='ocr_line' id='line_1_56' title="bbox 241 2832 937 2878; baseline -0.007 -9"><span class='ocrx_word' id='word_1_349' title='bbox 241 2839 292 2870; x_wconf 79' lang='lat'>15.</span> <span class='ocrx_word' id='word_1_350' title='bbox 325 2846 375 2869; x_wconf 79' lang='lat' dir='ltr'>res</span> <span class='ocrx_word' id='word_1_351' title='bbox 396 2837 555 2868; x_wconf 83' lang='lat' dir='ltr'>humanas</span> <span class='ocrx_word' id='word_1_352' title='bbox 575 2833 745 2878; x_wconf 79' lang='lat' dir='ltr'>despicere]</span> <span class='ocrx_word' id='word_1_353' title='bbox 781 2832 824 2865; x_wconf 87' lang='lat' dir='ltr'>de</span> <span class='ocrx_word' id='word_1_354' title='bbox 846 2835 937 2865; x_wconf 81' lang='lat' dir='ltr'>Orat.</span> 
     </span>
     <span class='ocr_line' id='line_1_57' title="bbox 172 2879 939 2925; baseline -0.005 -11"><span class='ocrx_word' id='word_1_355' title='bbox 172 2883 214 2915; x_wconf 87' lang='grc' dir='ltr'>ΙΙ.</span> <span class='ocrx_word' id='word_1_356' title='bbox 227 2879 282 2922; x_wconf 71' lang='lat'>84,</span> <span class='ocrx_word' id='word_1_357' title='bbox 302 2879 389 2916; x_wconf 75' lang='lat'>344:</span> <span class='ocrx_word' id='word_1_358' title='bbox 417 2880 585 2925; x_wconf 84' lang='lat' dir='ltr'>Sapientia</span> <span class='ocrx_word' id='word_1_359' title='bbox 601 2887 636 2912; x_wconf 92' lang='lat' dir='ltr'>et</span> <span class='ocrx_word' id='word_1_360' title='bbox 650 2879 846 2923; x_wconf 87' lang='lat' dir='ltr'>magnitudo</span> <span class='ocrx_word' id='word_1_361' title='bbox 863 2879 939 2911; x_wconf 86' lang='lat' dir='ltr'>ani-</span> 
     </span>
     <span class='ocr_line' id='line_1_58' title="bbox 169 2926 940 2971; baseline -0.004 -12"><span class='ocrx_word' id='word_1_362' title='bbox 169 2927 233 2965; x_wconf 84' lang='lat' dir='ltr'>mi,</span> <span class='ocrx_word' id='word_1_363' title='bbox 269 2938 333 2971; x_wconf 77' lang='lat' dir='ltr'>qua</span> <span class='ocrx_word' id='word_1_364' title='bbox 355 2937 471 2959; x_wconf 87' lang='lat' dir='ltr'>omnes</span> <span class='ocrx_word' id='word_1_365' title='bbox 495 2938 546 2958; x_wconf 87' lang='lat' dir='ltr'>res</span> <span class='ocrx_word' id='word_1_366' title='bbox 573 2926 737 2959; x_wconf 81' lang='lat' dir='ltr'>humanae</span> <span class='ocrx_word' id='word_1_367' title='bbox 759 2931 940 2958; x_wconf 87' lang='lat' dir='ltr'>cernuntur</span> 
     </span>
     <span class='ocr_line' id='line_1_59' title="bbox 165 2970 937 3015; baseline -0.001 -10"><span class='ocrx_word' id='word_1_368' title='bbox 165 2979 282 3005; x_wconf 85' lang='lat' dir='ltr'>tenues</span> <span class='ocrx_word' id='word_1_369' title='bbox 307 2978 340 3005; x_wconf 82' lang='lat' dir='ltr'>et</span> <span class='ocrx_word' id='word_1_370' title='bbox 360 2982 420 3013; x_wconf 83' lang='lat' dir='ltr'>pro</span> <span class='ocrx_word' id='word_1_371' title='bbox 441 2973 540 3006; x_wconf 79' lang='lat' dir='ltr'>nihilo</span> <span class='ocrx_word' id='word_1_372' title='bbox 560 2976 723 3014; x_wconf 84' lang='lat' dir='ltr'>putantur.</span> <span class='ocrx_word' id='word_1_373' title='bbox 769 2970 812 3003; x_wconf 80' lang='lat' dir='ltr'>de</span> <span class='ocrx_word' id='word_1_374' title='bbox 833 2971 937 3015; x_wconf 85' lang='lat' dir='ltr'>Legg.</span> 
     </span>
    </p>
   </div>
   <div class='ocr_carea' id='block_1_10' title="bbox 967 1510 1750 3017">
    <p class='ocr_par' dir='ltr' id='par_1_16' title="bbox 967 1510 1748 1968">
     <span class='ocr_line' id='line_1_60' title="bbox 969 1510 1747 1556; baseline 0 -12"><span class='ocrx_word' id='word_1_375' title='bbox 969 1513 994 1544; x_wconf 89' lang='lat'>1.</span> <span class='ocrx_word' id='word_1_376' title='bbox 1013 1511 1068 1551; x_wconf 79' lang='lat'>23,</span> <span class='ocrx_word' id='word_1_377' title='bbox 1091 1510 1153 1545; x_wconf 74' lang='lat'>62:</span> <span class='ocrx_word' id='word_1_378' title='bbox 1181 1523 1280 1556; x_wconf 86' lang='lat' dir='ltr'>qnam</span> <span class='ocrx_word' id='word_1_379' title='bbox 1299 1515 1485 1550; x_wconf 75' lang='lat' dir='ltr'>contemnet,</span> <span class='ocrx_word' id='word_1_380' title='bbox 1521 1522 1619 1556; x_wconf 89' lang='lat' dir='ltr'>quam</span> <span class='ocrx_word' id='word_1_381' title='bbox 1641 1513 1747 1553; x_wconf 78' lang='lat' dir='ltr'>despi-</span> 
     </span>
     <span class='ocr_line' id='line_1_61' title="bbox 969 1560 1748 1602; baseline -0.001 -11"><span class='ocrx_word' id='word_1_382' title='bbox 969 1560 1045 1598; x_wconf 81' lang='lat' dir='ltr'>ciet,</span> <span class='ocrx_word' id='word_1_383' title='bbox 1080 1569 1178 1601; x_wconf 87' lang='lat' dir='ltr'>quam</span> <span class='ocrx_word' id='word_1_384' title='bbox 1210 1569 1268 1599; x_wconf 86' lang='lat' dir='ltr'>pro</span> <span class='ocrx_word' id='word_1_385' title='bbox 1293 1560 1390 1590; x_wconf 79' lang='lat' dir='ltr'>nihilo</span> <span class='ocrx_word' id='word_1_386' title='bbox 1412 1560 1535 1599; x_wconf 75' lang='lat' dir='ltr'>putabit</span> <span class='ocrx_word' id='word_1_387' title='bbox 1566 1569 1626 1598; x_wconf 88' lang='lat' dir='ltr'>ea,</span> <span class='ocrx_word' id='word_1_388' title='bbox 1663 1569 1748 1602; x_wconf 85' lang='lat' dir='ltr'>quae</span> 
     </span>
     <span class='ocr_line' id='line_1_62' title="bbox 970 1602 1747 1647; baseline 0.001 -12"><span class='ocrx_word' id='word_1_389' title='bbox 970 1603 1070 1646; x_wconf 86' lang='lat' dir='ltr'>vulgo</span> <span class='ocrx_word' id='word_1_390' title='bbox 1095 1603 1251 1636; x_wconf 82' lang='lat' dir='ltr'>dicuntur</span> <span class='ocrx_word' id='word_1_391' title='bbox 1274 1602 1503 1647; x_wconf 76' lang='lat' dir='ltr'>amplissima?</span> <span class='ocrx_word' id='word_1_392' title='bbox 1529 1623 1574 1629; x_wconf 97' lang='lat'>—</span> <span class='ocrx_word' id='word_1_393' title='bbox 1607 1603 1656 1636; x_wconf 87' lang='lat' dir='ltr'>Ibi</span> <span class='ocrx_word' id='word_1_394' title='bbox 1681 1603 1747 1636; x_wconf 93' lang='lat' dir='ltr'>ob-</span> 
     </span>
     <span class='ocr_line' id='line_1_63' title="bbox 968 1649 1748 1692; baseline 0.001 -11"><span class='ocrx_word' id='word_1_395' title='bbox 968 1649 1131 1682; x_wconf 80' lang='lat' dir='ltr'>servanda</span> <span class='ocrx_word' id='word_1_396' title='bbox 1164 1656 1214 1681; x_wconf 82' lang='lat' dir='ltr'>cst</span> <span class='ocrx_word' id='word_1_397' title='bbox 1243 1649 1398 1692; x_wconf 81' lang='lat' dir='ltr'>gradatio</span> <span class='ocrx_word' id='word_1_398' title='bbox 1428 1649 1617 1682; x_wconf 87' lang='lat' dir='ltr'>verborum.</span> <span class='ocrx_word' id='word_1_399' title='bbox 1667 1651 1748 1682; x_wconf 84' lang='lat' dir='ltr'>Con-</span> 
     </span>
     <span class='ocr_line' id='line_1_64' title="bbox 967 1695 1747 1739; baseline 0 -12"><span class='ocrx_word' id='word_1_400' title='bbox 967 1699 1099 1728; x_wconf 80' lang='lat' dir='ltr'>temnere</span> <span class='ocrx_word' id='word_1_401' title='bbox 1131 1695 1218 1727; x_wconf 83' lang='lat' dir='ltr'>enim</span> <span class='ocrx_word' id='word_1_402' title='bbox 1243 1695 1399 1728; x_wconf 89' lang='lat' dir='ltr'>dicuntur</span> <span class='ocrx_word' id='word_1_403' title='bbox 1420 1707 1493 1734; x_wconf 89' lang='lat' dir='ltr'>res,</span> <span class='ocrx_word' id='word_1_404' title='bbox 1530 1706 1610 1739; x_wconf 88' lang='lat' dir='ltr'>quas</span> <span class='ocrx_word' id='word_1_405' title='bbox 1632 1695 1747 1728; x_wconf 76' lang='lat' dir='ltr'>inanes</span> 
     </span>
     <span class='ocr_line' id='line_1_65' title="bbox 967 1740 1748 1785; baseline 0.001 -12"><span class='ocrx_word' id='word_1_406' title='bbox 967 1747 1068 1785; x_wconf 85' lang='lat' dir='ltr'>atque</span> <span class='ocrx_word' id='word_1_407' title='bbox 1102 1741 1194 1773; x_wconf 82' lang='lat' dir='ltr'>leves</span> <span class='ocrx_word' id='word_1_408' title='bbox 1229 1753 1301 1773; x_wconf 81' lang='lat' dir='ltr'>esse</span> <span class='ocrx_word' id='word_1_409' title='bbox 1335 1740 1545 1779; x_wconf 82' lang='lat' dir='ltr'>existimaut3</span> <span class='ocrx_word' id='word_1_410' title='bbox 1591 1743 1748 1782; x_wconf 81' lang='lat' dir='ltr'>despicere</span> 
     </span>
     <span class='ocr_line' id='line_1_66' title="bbox 969 1786 1747 1830; baseline -0.003 -10"><span class='ocrx_word' id='word_1_411' title='bbox 969 1799 1032 1823; x_wconf 80' lang='lat' dir='ltr'>res.</span> <span class='ocrx_word' id='word_1_412' title='bbox 1056 1798 1135 1830; x_wconf 85' lang='lat' dir='ltr'>quas</span> <span class='ocrx_word' id='word_1_413' title='bbox 1155 1787 1242 1819; x_wconf 81' lang='lat' dir='ltr'>infra</span> <span class='ocrx_word' id='word_1_414' title='bbox 1262 1798 1308 1826; x_wconf 87' lang='lat' dir='ltr'>se,</span> <span class='ocrx_word' id='word_1_415' title='bbox 1329 1786 1418 1818; x_wconf 84' lang='lat' dir='ltr'>infra</span> <span class='ocrx_word' id='word_1_416' title='bbox 1434 1786 1632 1829; x_wconf 83' lang='lat' dir='ltr'>dignitatem</span> <span class='ocrx_word' id='word_1_417' title='bbox 1653 1798 1747 1818; x_wconf 88' lang='lat' dir='ltr'>suam</span> 
     </span>
     <span class='ocr_line' id='line_1_67' title="bbox 968 1832 1746 1876; baseline -0.001 -11"><span class='ocrx_word' id='word_1_418' title='bbox 968 1832 1095 1876; x_wconf 86' lang='lat' dir='ltr'>positas</span> <span class='ocrx_word' id='word_1_419' title='bbox 1114 1832 1336 1871; x_wconf 85' lang='lat' dir='ltr'>arbitrantur;</span> <span class='ocrx_word' id='word_1_420' title='bbox 1359 1843 1418 1873; x_wconf 89' lang='lat' dir='ltr'>pro</span> <span class='ocrx_word' id='word_1_421' title='bbox 1437 1834 1534 1865; x_wconf 84' lang='lat' dir='ltr'>nihilo</span> <span class='ocrx_word' id='word_1_422' title='bbox 1549 1836 1663 1873; x_wconf 79' lang='lat' dir='ltr'>putare</span> <span class='ocrx_word' id='word_1_423' title='bbox 1681 1843 1746 1873; x_wconf 89' lang='lat' dir='ltr'>res,</span> 
     </span>
     <span class='ocr_line' id='line_1_68' title="bbox 970 1877 1746 1922; baseline 0.004 -13"><span class='ocrx_word' id='word_1_424' title='bbox 970 1890 1051 1922; x_wconf 85' lang='lat' dir='ltr'>quas</span> <span class='ocrx_word' id='word_1_425' title='bbox 1072 1878 1191 1910; x_wconf 85' lang='lat' dir='ltr'>nullius</span> <span class='ocrx_word' id='word_1_426' title='bbox 1218 1878 1315 1922; x_wconf 78' lang='lat' dir='ltr'>plane</span> <span class='ocrx_word' id='word_1_427' title='bbox 1339 1878 1500 1910; x_wconf 83' lang='lat' dir='ltr'>momenti</span> <span class='ocrx_word' id='word_1_428' title='bbox 1526 1877 1663 1910; x_wconf 87' lang='lat' dir='ltr'>ducunt.</span> <span class='ocrx_word' id='word_1_429' title='bbox 1703 1879 1746 1912; x_wconf 85' lang='lat' dir='ltr'>V.</span> 
     </span>
     <span class='ocr_line' id='line_1_69' title="bbox 972 1923 1474 1968; baseline -0.004 -11"><span class='ocrx_word' id='word_1_430' title='bbox 972 1926 1117 1957; x_wconf 82' lang='lat' dir='ltr'>Ochsner.</span> <span class='ocrx_word' id='word_1_431' title='bbox 1142 1924 1212 1956; x_wconf 86' lang='lat' dir='ltr'>Ecl.</span> <span class='ocrx_word' id='word_1_432' title='bbox 1241 1923 1345 1956; x_wconf 83' lang='lat' dir='ltr'>Cicer.</span> <span class='ocrx_word' id='word_1_433' title='bbox 1369 1936 1401 1968; x_wconf 90' lang='lat' dir='ltr'>p.</span> <span class='ocrx_word' id='word_1_434' title='bbox 1419 1923 1474 1957; x_wconf 64' lang='grc' dir='ltr'>ὃὸ.</span> 
     </span>
    </p>

    <p class='ocr_par' dir='ltr' id='par_1_17' title="bbox 974 1968 1745 2059">
     <span class='ocr_line' id='line_1_70' title="bbox 1040 1968 1745 2012; baseline 0 -10"><span class='ocrx_word' id='word_1_435' title='bbox 1040 1972 1083 2002; x_wconf 81' lang='lat' dir='ltr'>ad</span> <span class='ocrx_word' id='word_1_436' title='bbox 1101 1981 1194 2002; x_wconf 87' lang='lat' dir='ltr'>suum</span> <span class='ocrx_word' id='word_1_437' title='bbox 1214 1980 1327 2002; x_wconf 84' lang='lat' dir='ltr'>munus</span> <span class='ocrx_word' id='word_1_438' title='bbox 1339 1970 1548 2012; x_wconf 70' lang='lat' dir='ltr'>fungendum]</span> <span class='ocrx_word' id='word_1_439' title='bbox 1570 1968 1611 2001; x_wconf 87' lang='lat' dir='ltr'>V.</span> <span class='ocrx_word' id='word_1_440' title='bbox 1632 1980 1694 2001; x_wconf 88' lang='lat' dir='ltr'>nos</span> <span class='ocrx_word' id='word_1_441' title='bbox 1712 1968 1745 2002; x_wconf 89' lang='lat' dir='ltr'>in</span> 
     </span>
     <span class='ocr_line' id='line_1_71' title="bbox 974 2014 1644 2059; baseline -0.001 -11"><span class='ocrx_word' id='word_1_442' title='bbox 974 2016 1031 2048; x_wconf 88' lang='lat' dir='ltr'>Gr.</span> <span class='ocrx_word' id='word_1_443' title='bbox 1048 2017 1088 2048; x_wconf 89' lang='lat' dir='ltr'>L.</span> <span class='ocrx_word' id='word_1_444' title='bbox 1112 2016 1141 2059; x_wconf 70' lang='lat'>§-</span> <span class='ocrx_word' id='word_1_445' title='bbox 1160 2016 1232 2048; x_wconf 73' lang='lat'>131.</span> <span class='ocrx_word' id='word_1_446' title='bbox 1255 2015 1336 2047; x_wconf 83' lang='lat' dir='ltr'>Not.</span> <span class='ocrx_word' id='word_1_447' title='bbox 1351 2015 1383 2048; x_wconf 70' lang='lat'>9.</span> <span class='ocrx_word' id='word_1_448' title='bbox 1403 2026 1436 2058; x_wconf 89' lang='lat' dir='ltr'>p.</span> <span class='ocrx_word' id='word_1_449' title='bbox 1449 2015 1528 2049; x_wconf 78' lang='lat'>307.</span> <span class='ocrx_word' id='word_1_450' title='bbox 1548 2014 1600 2047; x_wconf 88' lang='lat' dir='ltr'>ed.</span> <span class='ocrx_word' id='word_1_451' title='bbox 1613 2015 1644 2047; x_wconf 77' lang='lat'>2.</span> 
     </span>
    </p>

    <p class='ocr_par' dir='ltr' id='par_1_18' title="bbox 969 2059 1750 2504">
     <span class='ocr_line' id='line_1_72' title="bbox 1046 2059 1747 2106; baseline -0.003 -12"><span class='ocrx_word' id='word_1_452' title='bbox 1046 2065 1084 2093; x_wconf 76' lang='lat' dir='ltr'>At</span> <span class='ocrx_word' id='word_1_453' title='bbox 1108 2061 1289 2106; x_wconf 71' lang='lat' dir='ltr'>aeyritudo]</span> <span class='ocrx_word' id='word_1_454' title='bbox 1324 2059 1558 2093; x_wconf 84' lang='lat' dir='ltr'>observandus</span> <span class='ocrx_word' id='word_1_455' title='bbox 1588 2067 1639 2093; x_wconf 89' lang='lat' dir='ltr'>est</span> <span class='ocrx_word' id='word_1_456' title='bbox 1671 2072 1747 2092; x_wconf 76' lang='lat' dir='ltr'>usus</span> 
     </span>
     <span class='ocr_line' id='line_1_73' title="bbox 972 2106 1745 2151; baseline -0.001 -12"><span class='ocrx_word' id='word_1_457' title='bbox 972 2107 1155 2151; x_wconf 79' lang='lat' dir='ltr'>particulae</span> <span class='ocrx_word' id='word_1_458' title='bbox 1177 2111 1221 2147; x_wconf 85' lang='lat' dir='ltr'>at,</span> <span class='ocrx_word' id='word_1_459' title='bbox 1246 2106 1334 2149; x_wconf 85' lang='lat' dir='ltr'>apud</span> <span class='ocrx_word' id='word_1_460' title='bbox 1357 2106 1550 2139; x_wconf 85' lang='lat' dir='ltr'>Ciceronem</span> <span class='ocrx_word' id='word_1_461' title='bbox 1572 2106 1652 2139; x_wconf 85' lang='lat' dir='ltr'>satis</span> <span class='ocrx_word' id='word_1_462' title='bbox 1677 2106 1745 2138; x_wconf 87' lang='lat' dir='ltr'>fre-</span> 
     </span>
     <span class='ocr_line' id='line_1_74' title="bbox 973 2152 1746 2197; baseline 0 -13"><span class='ocrx_word' id='word_1_463' title='bbox 973 2165 1094 2197; x_wconf 78' lang='lat' dir='ltr'>quens,</span> <span class='ocrx_word' id='word_1_464' title='bbox 1133 2165 1199 2196; x_wconf 82' lang='lat' dir='ltr'>quo</span> <span class='ocrx_word' id='word_1_465' title='bbox 1222 2152 1361 2184; x_wconf 85' lang='lat' dir='ltr'>inservit</span> <span class='ocrx_word' id='word_1_466' title='bbox 1384 2152 1588 2185; x_wconf 84' lang='lat' dir='ltr'>conclusioni</span> <span class='ocrx_word' id='word_1_467' title='bbox 1609 2164 1670 2196; x_wconf 87' lang='lat' dir='ltr'>per</span> <span class='ocrx_word' id='word_1_468' title='bbox 1689 2164 1746 2184; x_wconf 84' lang='lat' dir='ltr'>as·-</span> 
     </span>
     <span class='ocr_line' id='line_1_75' title="bbox 971 2197 1748 2242; baseline 0.001 -12"><span class='ocrx_word' id='word_1_469' title='bbox 971 2198 1194 2241; x_wconf 76' lang='lat' dir='ltr'>sumptionem</span> <span class='ocrx_word' id='word_1_470' title='bbox 1211 2197 1416 2241; x_wconf 79' lang='lat' dir='ltr'>eandemque</span> <span class='ocrx_word' id='word_1_471' title='bbox 1430 2198 1497 2230; x_wconf 86' lang='lat' dir='ltr'>vim</span> <span class='ocrx_word' id='word_1_472' title='bbox 1512 2198 1624 2238; x_wconf 85' lang='lat' dir='ltr'>habet,</span> <span class='ocrx_word' id='word_1_473' title='bbox 1648 2209 1748 2242; x_wconf 89' lang='lat' dir='ltr'>quam</span> 
     </span>
     <span class='ocr_line' id='line_1_76' title="bbox 971 2243 1746 2288; baseline 0 -12"><span class='ocrx_word' id='word_1_474' title='bbox 971 2247 1068 2285; x_wconf 82' lang='lat' dir='ltr'>atqui.</span> <span class='ocrx_word' id='word_1_475' title='bbox 1101 2244 1153 2276; x_wconf 83' lang='lat' dir='ltr'>Ad</span> <span class='ocrx_word' id='word_1_476' title='bbox 1173 2244 1320 2275; x_wconf 82' lang='lat' dir='ltr'>futurum</span> <span class='ocrx_word' id='word_1_477' title='bbox 1336 2246 1473 2285; x_wconf 75' lang='lat' dir='ltr'>vacabit,</span> <span class='ocrx_word' id='word_1_478' title='bbox 1498 2243 1588 2288; x_wconf 90' lang='lat' dir='ltr'>quod</span> <span class='ocrx_word' id='word_1_479' title='bbox 1607 2244 1641 2276; x_wconf 90' lang='lat' dir='ltr'>in</span> <span class='ocrx_word' id='word_1_480' title='bbox 1660 2255 1746 2276; x_wconf 90' lang='lat' dir='ltr'>con—</span> 
     </span>
     <span class='ocr_line' id='line_1_77' title="bbox 971 2289 1743 2333; baseline 0.001 -12"><span class='ocrx_word' id='word_1_481' title='bbox 971 2289 1142 2322; x_wconf 84' lang='lat' dir='ltr'>secutione</span> <span class='ocrx_word' id='word_1_482' title='bbox 1167 2296 1201 2321; x_wconf 88' lang='lat' dir='ltr'>et</span> <span class='ocrx_word' id='word_1_483' title='bbox 1225 2289 1440 2321; x_wconf 88' lang='lat' dir='ltr'>conclusione</span> <span class='ocrx_word' id='word_1_484' title='bbox 1463 2290 1545 2333; x_wconf 89' lang='lat' dir='ltr'>poni</span> <span class='ocrx_word' id='word_1_485' title='bbox 1565 2289 1673 2329; x_wconf 83' lang='lat' dir='ltr'>solet,</span> <span class='ocrx_word' id='word_1_486' title='bbox 1698 2290 1743 2322; x_wconf 78' lang='lat' dir='ltr'>cf.</span> 
     </span>
     <span class='ocr_line' id='line_1_78' title="bbox 970 2334 1748 2379; baseline 0.001 -12"><span class='ocrx_word' id='word_1_487' title='bbox 970 2335 1059 2367; x_wconf 81' lang='lat' dir='ltr'>iufra</span> <span class='ocrx_word' id='word_1_488' title='bbox 1081 2347 1108 2367; x_wconf 89' lang='lat' dir='ltr'>c.</span> <span class='ocrx_word' id='word_1_489' title='bbox 1123 2337 1155 2374; x_wconf 75' lang='grc' dir='ltr'>ὅ,</span> <span class='ocrx_word' id='word_1_490' title='bbox 1179 2335 1235 2367; x_wconf 62' lang='lat' dir='ltr'>le:</span> <span class='ocrx_word' id='word_1_491' title='bbox 1263 2341 1296 2366; x_wconf 80' lang='lat' dir='ltr'>et.</span> <span class='ocrx_word' id='word_1_492' title='bbox 1311 2341 1389 2366; x_wconf 84' lang='lat' dir='ltr'>sunt</span> <span class='ocrx_word' id='word_1_493' title='bbox 1402 2334 1459 2366; x_wconf 82' lang='lat' dir='ltr'>illa</span> <span class='ocrx_word' id='word_1_494' title='bbox 1471 2335 1649 2379; x_wconf 86' lang='lat' dir='ltr'>sapientis:</span> <span class='ocrx_word' id='word_1_495' title='bbox 1674 2337 1748 2368; x_wconf 80' lang='lat' dir='ltr'>abe·</span> 
     </span>
     <span class='ocr_line' id='line_1_79' title="bbox 969 2379 1750 2424; baseline 0 -11"><span class='ocrx_word' id='word_1_496' title='bbox 969 2383 1010 2413; x_wconf 85' lang='lat' dir='ltr'>rit</span> <span class='ocrx_word' id='word_1_497' title='bbox 1030 2383 1125 2422; x_wconf 69' lang='lat' dir='ltr'>igitur</span> <span class='ocrx_word' id='word_1_498' title='bbox 1144 2393 1162 2413; x_wconf 84' lang='lat' dir='ltr'>a</span> <span class='ocrx_word' id='word_1_499' title='bbox 1180 2380 1332 2423; x_wconf 74' lang='lat' dir='ltr'>sapiente</span> <span class='ocrx_word' id='word_1_500' title='bbox 1351 2379 1538 2422; x_wconf 76' lang='lat' dir='ltr'>aegritudo.</span> <span class='ocrx_word' id='word_1_501' title='bbox 1552 2381 1582 2424; x_wconf 68' lang='lat'>§-</span> <span class='ocrx_word' id='word_1_502' title='bbox 1599 2380 1658 2414; x_wconf 85' lang='lat'>19:</span> <span class='ocrx_word' id='word_1_503' title='bbox 1685 2392 1750 2424; x_wconf 91' lang='lat' dir='ltr'>qua</span> 
     </span>
     <span class='ocr_line' id='line_1_80' title="bbox 972 2425 1749 2470; baseline 0 -12"><span class='ocrx_word' id='word_1_504' title='bbox 972 2427 1129 2470; x_wconf 85' lang='lat' dir='ltr'>quoniam</span> <span class='ocrx_word' id='word_1_505' title='bbox 1162 2433 1279 2466; x_wconf 76' lang='lat' dir='ltr'>vacat,</span> <span class='ocrx_word' id='word_1_506' title='bbox 1314 2425 1525 2469; x_wconf 82' lang='lat' dir='ltr'>aegritudine</span> <span class='ocrx_word' id='word_1_507' title='bbox 1553 2426 1654 2458; x_wconf 87' lang='lat' dir='ltr'>etiam</span> <span class='ocrx_word' id='word_1_508' title='bbox 1685 2437 1749 2458; x_wconf 88' lang='lat' dir='ltr'>va-</span> 
     </span>
     <span class='ocr_line' id='line_1_81' title="bbox 973 2472 1071 2504; baseline -0.01 0"><span class='ocrx_word' id='word_1_509' title='bbox 973 2472 1071 2504; x_wconf 88' lang='lat' dir='ltr'>cabit.</span> 
     </span>
    </p>

    <p class='ocr_par' dir='ltr' id='par_1_19' title="bbox 972 2515 1750 3017">
     <span class='ocr_line' id='line_1_82' title="bbox 1044 2515 1750 2560; baseline 0 -12"><span class='ocrx_word' id='word_1_510' title='bbox 1044 2518 1123 2549; x_wconf 60' lang='lat' dir='ltr'>Car.</span> <span class='ocrx_word' id='word_1_511' title='bbox 1136 2518 1227 2550; x_wconf 70' lang='lat' dir='ltr'>Vm.</span> <span class='ocrx_word' id='word_1_512' title='bbox 1250 2515 1302 2551; x_wconf 78' lang='lat'>16.</span> <span class='ocrx_word' id='word_1_513' title='bbox 1325 2519 1380 2558; x_wconf 85' lang='lat' dir='ltr'>qui</span> <span class='ocrx_word' id='word_1_514' title='bbox 1396 2520 1437 2550; x_wconf 83' lang='lat' dir='ltr'>sit</span> <span class='ocrx_word' id='word_1_515' title='bbox 1457 2516 1648 2560; x_wconf 74' lang='lat' dir='ltr'>temperans]</span> <span class='ocrx_word' id='word_1_516' title='bbox 1673 2516 1750 2548; x_wconf 84' lang='lat' dir='ltr'>Huc</span> 
     </span>
     <span class='ocr_line' id='line_1_83' title="bbox 974 2561 1746 2605; baseline 0 -11"><span class='ocrx_word' id='word_1_517' title='bbox 974 2563 1152 2594; x_wconf 83' lang='lat' dir='ltr'>referenda</span> <span class='ocrx_word' id='word_1_518' title='bbox 1181 2570 1259 2594; x_wconf 89' lang='lat' dir='ltr'>sunt</span> <span class='ocrx_word' id='word_1_519' title='bbox 1289 2562 1410 2602; x_wconf 82' lang='lat' dir='ltr'>verba,</span> <span class='ocrx_word' id='word_1_520' title='bbox 1448 2573 1532 2605; x_wconf 86' lang='lat' dir='ltr'>quae</span> <span class='ocrx_word' id='word_1_521' title='bbox 1555 2562 1584 2604; x_wconf 65' lang='lat'>§-</span> <span class='ocrx_word' id='word_1_522' title='bbox 1603 2563 1654 2595; x_wconf 69' lang='lat' dir='ltr'>le.</span> <span class='ocrx_word' id='word_1_523' title='bbox 1683 2561 1746 2594; x_wconf 90' lang='lat' dir='ltr'>de-</span> 
     </span>
     <span class='ocr_line' id='line_1_84' title="bbox 974 2610 1747 2651; baseline 0.001 -12"><span class='ocrx_word' id='word_1_524' title='bbox 974 2619 1063 2639; x_wconf 90' lang='lat' dir='ltr'>mum</span> <span class='ocrx_word' id='word_1_525' title='bbox 1079 2615 1263 2651; x_wconf 85' lang='lat' dir='ltr'>sequuntur</span> <span class='ocrx_word' id='word_1_526' title='bbox 1277 2619 1282 2638; x_wconf 70' lang='grc' dir='ltr'><em>ι</em></span> <span class='ocrx_word' id='word_1_527' title='bbox 1309 2618 1379 2640; x_wconf 82' lang='lat' dir='ltr'>eum</span> <span class='ocrx_word' id='word_1_528' title='bbox 1398 2617 1519 2639; x_wconf 81' lang='lat' dir='ltr'>necesse</span> <span class='ocrx_word' id='word_1_529' title='bbox 1532 2610 1578 2639; x_wconf 80' lang='lat' dir='ltr'>est</span> <span class='ocrx_word' id='word_1_530' title='bbox 1591 2617 1655 2639; x_wconf 78' lang='lat' dir='ltr'>esse</span> <span class='ocrx_word' id='word_1_531' title='bbox 1673 2618 1747 2640; x_wconf 85' lang='lat' dir='ltr'>con-</span> 
     </span>
     <span class='ocr_line' id='line_1_85' title="bbox 973 2652 1749 2696; baseline 0.001 -11"><span class='ocrx_word' id='word_1_532' title='bbox 973 2657 1115 2685; x_wconf 79' lang='lat' dir='ltr'>stantem.</span> <span class='ocrx_word' id='word_1_533' title='bbox 1162 2655 1250 2686; x_wconf 89' lang='lat' dir='ltr'>Tota</span> <span class='ocrx_word' id='word_1_534' title='bbox 1283 2653 1391 2684; x_wconf 86' lang='lat' dir='ltr'>oratio</span> <span class='ocrx_word' id='word_1_535' title='bbox 1420 2652 1562 2684; x_wconf 84' lang='lat' dir='ltr'>maxime</span> <span class='ocrx_word' id='word_1_536' title='bbox 1585 2652 1749 2696; x_wconf 81' lang='lat' dir='ltr'>impedita</span> 
     </span>
     <span class='ocr_line' id='line_1_86' title="bbox 975 2697 1748 2741; baseline 0.003 -12"><span class='ocrx_word' id='word_1_537' title='bbox 975 2705 1025 2730; x_wconf 88' lang='lat' dir='ltr'>est</span> <span class='ocrx_word' id='word_1_538' title='bbox 1056 2705 1157 2741; x_wconf 86' lang='lat' dir='ltr'>atque</span> <span class='ocrx_word' id='word_1_539' title='bbox 1187 2697 1380 2741; x_wconf 83' lang='lat' dir='ltr'>implicata,</span> <span class='ocrx_word' id='word_1_540' title='bbox 1415 2709 1516 2741; x_wconf 90' lang='lat' dir='ltr'>quum</span> <span class='ocrx_word' id='word_1_541' title='bbox 1547 2709 1615 2730; x_wconf 88' lang='lat' dir='ltr'>non</span> <span class='ocrx_word' id='word_1_542' title='bbox 1639 2698 1748 2731; x_wconf 88' lang='lat' dir='ltr'>solum</span> 
     </span>
     <span class='ocr_line' id='line_1_87' title="bbox 976 2742 1748 2786; baseline 0 -10"><span class='ocrx_word' id='word_1_543' title='bbox 976 2743 1162 2786; x_wconf 85' lang='lat' dir='ltr'>complures</span> <span class='ocrx_word' id='word_1_544' title='bbox 1180 2743 1453 2786; x_wconf 76' lang='lat' dir='ltr'>interpositiones</span> <span class='ocrx_word' id='word_1_545' title='bbox 1470 2742 1613 2775; x_wconf 89' lang='lat' dir='ltr'>invicem</span> <span class='ocrx_word' id='word_1_546' title='bbox 1629 2756 1666 2776; x_wconf 77' lang='lat' dir='ltr'>se</span> <span class='ocrx_word' id='word_1_547' title='bbox 1686 2757 1748 2778; x_wconf 84' lang='lat' dir='ltr'>ex—</span> 
     </span>
     <span class='ocr_line' id='line_1_88' title="bbox 974 2788 1748 2833; baseline 0.004 -13"><span class='ocrx_word' id='word_1_548' title='bbox 974 2788 1110 2832; x_wconf 83' lang='lat' dir='ltr'>cipiant,</span> <span class='ocrx_word' id='word_1_549' title='bbox 1132 2788 1193 2820; x_wconf 85' lang='lat' dir='ltr'>sed</span> <span class='ocrx_word' id='word_1_550' title='bbox 1211 2789 1312 2821; x_wconf 86' lang='lat' dir='ltr'>etiam</span> <span class='ocrx_word' id='word_1_551' title='bbox 1335 2788 1416 2832; x_wconf 89' lang='lat' dir='ltr'>ipsis</span> <span class='ocrx_word' id='word_1_552' title='bbox 1438 2788 1748 2833; x_wconf 78' lang='lat' dir='ltr'>interpositionibus</span> 
     </span>
     <span class='ocr_line' id='line_1_89' title="bbox 973 2834 1746 2874; baseline 0.004 -8"><span class='ocrx_word' id='word_1_553' title='bbox 973 2835 1059 2867; x_wconf 81' lang='lat' dir='ltr'>aliae</span> <span class='ocrx_word' id='word_1_554' title='bbox 1081 2834 1227 2867; x_wconf 87' lang='lat' dir='ltr'>insertae</span> <span class='ocrx_word' id='word_1_555' title='bbox 1249 2834 1328 2867; x_wconf 87' lang='lat' dir='ltr'>sint.</span> <span class='ocrx_word' id='word_1_556' title='bbox 1375 2835 1417 2867; x_wconf 91' lang='lat' dir='ltr'>V.</span> <span class='ocrx_word' id='word_1_557' title='bbox 1443 2834 1566 2867; x_wconf 87' lang='lat' dir='ltr'>Adnot.</span> <span class='ocrx_word' id='word_1_558' title='bbox 1590 2835 1625 2867; x_wconf 89' lang='lat' dir='ltr'>in</span> <span class='ocrx_word' id='word_1_559' title='bbox 1647 2837 1673 2868; x_wconf 90' lang='grc' dir='ltr'>Ι.</span> <span class='ocrx_word' id='word_1_560' title='bbox 1693 2836 1746 2874; x_wconf 82' lang='grc'>13,</span> 
     </span>
     <span class='ocr_line' id='line_1_90' title="bbox 972 2877 1748 2919; baseline 0.003 -5"><span class='ocrx_word' id='word_1_561' title='bbox 972 2880 1028 2914; x_wconf 88' lang='lat'>30.</span> <span class='ocrx_word' id='word_1_562' title='bbox 1046 2886 1082 2912; x_wconf 84' lang='lat' dir='ltr'>et</span> <span class='ocrx_word' id='word_1_563' title='bbox 1101 2881 1145 2912; x_wconf 87' lang='lat'>11.</span> <span class='ocrx_word' id='word_1_564' title='bbox 1169 2881 1198 2919; x_wconf 87' lang='lat'>1,</span> <span class='ocrx_word' id='word_1_565' title='bbox 1223 2880 1255 2913; x_wconf 83' lang='lat'>3.</span> <span class='ocrx_word' id='word_1_566' title='bbox 1306 2880 1427 2913; x_wconf 85' lang='lat' dir='ltr'>Caussa</span> <span class='ocrx_word' id='word_1_567' title='bbox 1447 2880 1542 2913; x_wconf 82' lang='lat' dir='ltr'>huius</span> <span class='ocrx_word' id='word_1_568' title='bbox 1561 2877 1748 2916; x_wconf 76' lang='grc' dir='ltr'><strong>α’νακολοῦ-</strong></span> 
     </span>
     <span class='ocr_line' id='line_1_91' title="bbox 973 2925 1750 2970; baseline -0.003 -9"><span class='ocrx_word' id='word_1_569' title='bbox 973 2926 1034 2961; x_wconf 54' lang='lat' dir='ltr'>&amp;ou</span> <span class='ocrx_word' id='word_1_570' title='bbox 1057 2925 1217 2959; x_wconf 86' lang='lat' dir='ltr'>orationis</span> <span class='ocrx_word' id='word_1_571' title='bbox 1236 2925 1420 2970; x_wconf 87' lang='lat' dir='ltr'>repetenda</span> <span class='ocrx_word' id='word_1_572' title='bbox 1441 2933 1492 2959; x_wconf 86' lang='lat' dir='ltr'>est</span> <span class='ocrx_word' id='word_1_573' title='bbox 1514 2939 1533 2959; x_wconf 92' lang='lat' dir='ltr'>a</span> <span class='ocrx_word' id='word_1_574' title='bbox 1549 2938 1676 2960; x_wconf 83' lang='lat' dir='ltr'>summa</span> <span class='ocrx_word' id='word_1_575' title='bbox 1690 2926 1750 2959; x_wconf 90' lang='lat' dir='ltr'>Ci-</span> 
     </span>
     <span class='ocr_line' id='line_1_92' title="bbox 974 2971 1748 3017; baseline 0.003 -12"><span class='ocrx_word' id='word_1_576' title='bbox 974 2971 1103 3006; x_wconf 80' lang='lat' dir='ltr'>ceronis</span> <span class='ocrx_word' id='word_1_577' title='bbox 1118 2971 1154 3005; x_wconf 87' lang='lat' dir='ltr'>in</span> <span class='ocrx_word' id='word_1_578' title='bbox 1169 2971 1332 3005; x_wconf 82' lang='lat' dir='ltr'>vertendo</span> <span class='ocrx_word' id='word_1_579' title='bbox 1351 2983 1473 3017; x_wconf 83' lang='lat' dir='ltr'>graeco</span> <span class='ocrx_word' id='word_1_580' title='bbox 1494 2971 1660 3006; x_wconf 82' lang='lat' dir='ltr'>vocabulo</span> <span class='ocrx_word' id='word_1_581' title='bbox 1675 2983 1748 3007; x_wconf 83' lang='grc' dir='ltr'><strong>σω·-</strong></span> 
     </span>
    </p>
   </div>
  </div>
 </body>
</html>
