1859 3149
584 54 757 91 Lmen
781 56 824 90 v.
848 54 916 99 20,
942 54 999 91 58.
1021 53 1080 90 59.
1103 55 1163 92 60.
1595 45 1678 92 297

73 141 164 184 dem
184 146 318 183 tamen
338 139 561 182 maleficum
582 146 727 181 natura
752 145 794 180 et
814 137 1022 180 iniustum.
1086 136 1156 197 Ex
1178 151 1257 194 quo
1282 137 1467 180 omnibus
1486 138 1589 181 bene
1610 153 1682 182 ve·

71 216 232 259 ritatem
264 214 513 258 intuentibus
546 213 675 256 videri
706 226 876 255 necesse
910 221 972 255 est
1001 213 1284 255 miserrimum.
1348 211 1412 254 Ea
1440 213 1546 254 enim
1575 214 1679 270 ipsa,

72 305 176 348 quae
209 290 490 348 concupierat,
533 303 585 331 ne
618 295 700 331 tum
724 288 908 344 quidem,
958 303 1078 344 quum
1100 288 1233 330 omnia
1258 302 1304 330 se
1326 302 1446 345 posse
1470 288 1679 342 censebat,

74 365 412 423 consequebatur.
474 370 546 407 58.
582 362 663 419 Qui
690 378 807 420 quum
836 369 947 405 esset
971 363 1087 405 bonis
1114 363 1344 420 parentibus
1370 371 1489 420 atque
1512 363 1683 407 honesto

73 441 166 484 loco
190 448 336 494 natus,
378 440 475 496 (etsi
501 440 539 482 id
568 439 725 496 quidem
751 439 854 480 alius
885 438 964 480 alio
992 439 1109 483 modo
1136 438 1342 493 tradidit,)
1382 439 1682 497 abundaretque

73 524 117 560 et
145 515 371 573 aequalium
397 514 734 558 familiaritatibus
764 520 805 556 et
827 514 1117 556 consuetudine
1139 513 1473 571 propinquorum,
1518 515 1685 558 haberet

73 591 195 635 etiam
211 605 326 634 more
347 589 550 634 Graeciae
570 590 762 647 quosdam
784 589 1062 632 adolescentes
1085 602 1225 631 amore
1246 589 1509 632 coniunctos:
1544 592 1684 634 crede-

73 665 142 709 bat
175 663 314 709 corbin
347 666 525 719 nemini,
578 666 649 708 sed
690 665 764 717 iis,
822 679 922 721 quos
959 678 1012 706 ex
1049 664 1209 706 familiis
1247 663 1501 721 locupletium
1540 681 1684 710 servos

75 742 306 799 delegerat,
352 741 496 799 quibus
529 756 676 784 nomen
709 741 918 783 servitutis
949 741 1033 797 ipse
1071 740 1332 792 detraxerat,
1382 748 1422 782 et
1451 742 1683 798 quibusdam

74 818 270 861 convenis
301 824 344 860 et
370 817 466 860 Ieris
498 816 679 859 barbaris
709 817 890 873 corporis
912 816 1133 858 custodiam
1155 816 1443 858 committebat.
1507 815 1569 859 lta
1593 833 1684 874 pro-

73 900 164 952 pter
184 893 373 936 iniustam
395 892 622 935 dominatus
649 892 902 949 cupiditatem
933 892 973 933 in
999 905 1203 933 carcerem
1243 892 1413 947 quodam
1446 893 1564 934 modo
1597 893 1685 950 ipse

75 982 121 1012 se
145 969 378 1012 incluserat.
442 966 551 1023 Quin
572 968 714 1020 ctiam,
749 982 799 1010 ne
825 967 979 1009 tonsori
1006 967 1151 1008 collum
1181 967 1476 1020 committeret,
1517 969 1685 1012 tondere

75 1044 177 1087 filias
213 1058 306 1087 suas
336 1044 485 1086 docuit.
548 1042 610 1086 Ita
640 1043 803 1086 sordido
836 1050 954 1099 atque
991 1042 1170 1084 ancillari
1199 1043 1367 1085 artificio
1399 1043 1536 1099 regiae
1562 1045 1686 1101 virgi-

76 1133 176 1173 nes,
221 1126 266 1162 nt
289 1119 574 1172 tonstriculae,
621 1118 836 1160 tondebant
865 1118 1025 1160 barbam
1057 1125 1099 1160 et
1126 1118 1309 1174 capillum
1341 1119 1481 1175 patris.
1543 1118 1599 1161 Et
1626 1127 1686 1162 ta-

75 1209 168 1238 men
192 1194 243 1237 ab
265 1194 326 1236 bis
348 1195 468 1252 ipsis,
503 1209 621 1251 quum
646 1194 724 1236 iam
752 1201 891 1236 essent
912 1194 1095 1246 adultae,
1128 1195 1278 1236 ferrum
1303 1194 1475 1235 removit
1495 1195 1687 1237 instituit-

77 1283 180 1327 que,
227 1277 270 1312 ut
294 1269 557 1312 candentibus
582 1270 825 1326 iuglandium
859 1270 1126 1327 putaminibus
1147 1269 1310 1311 barbam
1338 1270 1414 1311 sibi
1442 1278 1483 1312 et
1503 1271 1687 1327 capillum

74 1346 308 1388 adurerent.
373 1351 444 1388 59.
479 1343 694 1402 Quumque
717 1346 815 1387 duas
841 1358 994 1387 uxores
1018 1344 1209 1396 haberet,
1251 1344 1587 1399 Aristomachen,
1631 1348 1687 1389 ci-

74 1435 164 1464 vem
191 1435 303 1464 suam
319 1455 331 1474 ,
362 1419 556 1464 Doridem
580 1429 712 1463 autem
737 1419 988 1463 Locrensem
1004 1452 1016 1472 ‚
1051 1420 1110 1462 sic
1134 1427 1256 1462 noctu
1282 1420 1330 1462 ad
1356 1434 1423 1462 eas
1446 1422 1684 1476 ventitabat,

75 1502 120 1538 ut
140 1496 272 1539 omnia
293 1497 571 1554 specularetur
593 1504 633 1539 et
652 1503 976 1554 perscrutaretur
999 1503 1105 1538 ante.
1168 1494 1225 1537 Et
1251 1510 1369 1552 quum
1392 1498 1538 1538 rossam
1565 1497 1685 1540 latam

75 1572 293 1615 cubiculari
335 1573 439 1615 lecto
469 1572 800 1614 circumdedisset
839 1573 1004 1629 eiusque
1047 1573 1180 1614 fossae
1227 1572 1436 1613 transitum
1482 1574 1685 1629 ponticulo

76 1721 148 1745 eum
166 1711 201 1745 in
222 1711 352 1745 verbis:
376 1714 410 1745 in
430 1714 638 1754 rebusque—
651 1713 860 1753 industrium,
895 1711 1056 1745 vitiorum
1077 1718 1135 1744 aut
1156 1711 1345 1744 beatiorum
1365 1710 1497 1743 civium.
1535 1711 1588 1744 Cf.
1607 1713 1685 1746 Bre-

77 1769 179 1806 quum
200 1757 305 1792 modo
321 1758 541 1791 antecesserit
558 1761 625 1791 eius
640 1758 860 1802 proximeque
895 1761 997 1791 mium
1019 1758 1061 1790 ad
1076 1758 1176 1790 Corn.
1191 1758 1242 1790 Ne
1225 1770 1277 1802 p.
1293 1757 1393 1790 Attic.
1405 1758 1500 1796 XIII,
1514 1759 1546 1791 3.
1560 1771 1593 1802 p.
1604 1759 1684 1792 ·3&.

75 1804 298 1850 subsequatur
316 1806 473 1847 eundem,
496 1805 665 1838 nemiuem
686 1805 773 1837 male
795 1804 861 1836 ha·
965 1807 1171 1857 institutique,
1191 1809 1223 1836 ut
1239 1823 1275 1829 —
1294 1806 1427 1836 barbam
1439 1807 1557 1836 sibi—
1567 1807 1686 1837 adure-

76 1850 194 1891 bebit;
228 1851 332 1884 immo
366 1850 486 1885 addito
518 1851 721 1895 pronomine
750 1850 861 1883 oratio
895 1852 979 1893 rent
1005 1850 1277 1902 anronomine
1293 1850 1452 1882 reflexim
1471 1853 1532 1883 sibi
1548 1851 1590 1883 ad
1607 1850 1685 1883 sub-

78 1897 197 1931 durior
221 1898 313 1931 facta
335 1897 466 1930 fuis-set.
514 1897 676 1930 Similiter
700 1896 744 1929 ad
766 1897 859 1929 Fam.
897 1897 1021 1930 iectum
1043 1896 1218 1949 primariae
1240 1896 1482 1928 enuntiationis
1503 1896 1687 1930 referendo

77 1943 126 1977 X.
143 1955 198 1989 cp.
210 1944 275 1978 20.-
300 1943 489 1977 deoefama
515 1951 686 1983 constans,
715 1955 778 1976 nec
798 1942 862 1975 de-
898 1955 931 1975 v.
954 1954 1016 1975 nos
1044 1943 1077 1975 in
1102 1943 1160 1976 Gr
1183 1943 1222 1975 L.
1244 1943 1377 1981 (2122,
1405 1943 1438 1976 5.
1451 1944 1530 1988 κὴρ
1534 1944 1622 1977 ,Δὸὅ
1634 1955 1686 1988 sq.

79 1989 146 2034 cipi
164 2002 264 2034 posse
284 2001 348 2023 nec
366 1989 467 2023 vinci.
505 1989 662 2022 Ceterum
683 1989 791 2022 rarior
811 1996 864 2021 est
968 1991 1187 2022 candentibus
1229 1987 1328 2021 offic.
1352 1990 1394 2021 II.
1454 2015 1463 2026 ,
1490 1989 1552 2023 25:
1596 1989 1687 2031 Quid

77 2035 165 2069 haec
196 2042 384 2075 structura,
422 2047 498 2088 qua
517 2036 709 2069 accusativo
748 2047 776 2068 c.
799 2034 863 2068 inf.
900 2035 988 2068 enim
1013 2047 1184 2068 censemus
1207 2035 1415 2088 superiorem
1434 2035 1528 2068 illum
1552 2037 1685 2080 Diony-

79 2082 310 2127 praemittitur
341 2081 551 2126 praepositio
585 2084 624 2115 de
659 2094 734 2115 cum
767 2081 865 2114 abla-
899 2082 985 2115 sium
1006 2103 1052 2109 -—
1077 2093 1143 2126 quo
1167 2082 1316 2115 cruciatu
1345 2082 1478 2114 timoris
1501 2083 1578 2126 angi
1601 2082 1687 2116 soli-

79 2127 166 2162 tivo.
213 2130 321 2173 Supra
342 2129 399 2161 IV.
421 2129 486 2169 “Δ’Δ,
511 2128 574 2162 5οε
599 2130 639 2162 de
659 2131 866 2170 Africano—
901 2136 983 2167 tum,
1009 2128 1066 2173 qui
1090 2128 1216 2161 cultros
1239 2135 1393 2161 metuens
1410 2129 1579 2162 tonsorios
1605 2141 1688 2162 can-

80 2174 136 2207 vel
159 2175 269 2208 iurare
292 2186 448 2218 possum,
485 2186 553 2208 non
577 2177 669 2207 illurn
692 2174 866 2207 iracundia
900 2174 1003 2208 dente
1037 2174 1184 2207 carbone
1208 2174 1301 2218 ssibi]
1326 2174 1491 2208 adurebat
1517 2175 1686 2219 capillum.

78 2227 152 2254 tum
170 2223 410 2264 inflammatum
425 2223 534 2263 ruisse.
567 2222 608 2254 V.
623 2233 685 2255 nos
698 2221 733 2254 in
752 2221 811 2254 Gr.
824 2221 866 2254 L.
970 2220 1025 2255 59.
1052 2223 1137 2254 duas
1160 2221 1289 2266 uxores]
1318 2221 1419 2254 Corn.
1441 2222 1531 2266 Nep.
1549 2222 1591 2255 de
1606 2223 1687 2266 Reg.

82 2267 112 2312 §-
127 2266 212 2307 129,
231 2269 265 2302 ὅ.
287 2279 322 2312 p.
333 2266 412 2301 295.
434 2267 485 2300 ed.
497 2270 531 2300 ’Δ.
902 2269 955 2306 ΙΙ,
977 2266 1017 2301 3:
1053 2274 1121 2300 tres
1152 2278 1270 2300 umores
1290 2267 1457 2311 Dionysio
1480 2269 1686 2309 tribuuntur,

157 2317 324 2348 ver-'tatem
357 2313 565 2369 intuentibus]
608 2316 731 2347 Veritas
766 2313 867 2356 plane
903 2313 963 2346 scd
987 2313 1068 2345 (luas
1099 2313 1246 2346 habebat
1279 2313 1401 2346 eodem
1427 2322 1593 2358 tempore.
1644 2316 1685 2347 V.

81 2360 267 2404 respondet
299 2371 422 2404 graeco
458 2357 609 2405 ἄληὲεια
633 2359 868 2404 significatque
902 2359 1014 2393 Valer.
1034 2360 1173 2392 Maxim.
1195 2361 1259 2393 IX.
1286 2360 1348 2401 13,
1369 2359 1403 2394 4.
1434 2361 1562 2394 Aelian.
1581 2362 1622 2394 V.
1643 2361 1688 2394 H.

81 2417 184 2450 saepe
217 2417 289 2439 rem
310 2406 440 2451 ipsam,
476 2418 592 2440 veram
621 2406 672 2439 rei
692 2406 868 2439 rationem.
903 2407 973 2445 IX,
994 2409 1028 2439 ὅ.
1052 2412 1087 2439 et
1109 2407 1216 2446 XIII,
1238 2407 1290 2440 10.

84 2452 267 2497 Eleganter
283 2452 526 2497 enucleateque
548 2452 590 2485 de
613 2453 679 2486 hac
698 2464 785 2485 soce
808 2464 870 2484 ex-
973 2454 1092 2493 {ossam
1126 2455 1228 2486 latam
1259 2455 1434 2486 cubiculari
1462 2453 1553 2497 lecto]
1592 2453 1633 2485 H.
1655 2464 1686 2486 e.

87 2499 203 2544 posuit
221 2501 386 2532 Erneslius
406 2498 499 2531 Clav.
517 2499 551 2532 h.
564 2511 594 2531 v.
632 2500 684 2531 De
698 2510 820 2543 graeco
838 2511 871 2530 v.
907 2498 1047 2538 aedem,
1083 2499 1118 2531 in
1142 2511 1206 2543 qua
1238 2506 1311 2532 erat
1342 2499 1448 2531 lectus
1477 2499 1686 2540 cubicularis,

84 2545 404 2579 ef.Stu11buumium
421 2544 465 2578 ad
477 2544 562 2578 Plat.
574 2545 704 2578 Phileb.
717 2557 750 2590 p.
762 2543 818 2578 418.
831 2545 870 2577 E.
908 2545 1011 2578 cinxit
1031 2546 1123 2578 fossa
1144 2545 1224 2578 lata.
1261 2545 1371 2577 Valet.
1388 2545 1480 2577 Max.
1498 2546 1560 2577 IX.
1577 2545 1628 2584 13,
1643 2543 1686 2578 4:

92 2592 140 2636 (p.
153 2591 220 2626 252
232 2603 283 2636 sq.
305 2590 360 2624 ed.
374 2590 494 2633 Goth.)
906 2591 1088 2636 Dionysius
1121 2594 1335 2625 cubicularem
1368 2593 1504 2632 lectum,
1546 2590 1688 2635 perinde

154 2636 302 2679 58.ρυί
317 2648 416 2679 quum
436 2639 528 2680 esset]
547 2639 653 2678 Quum
673 2637 707 2669 vi
729 2648 872 2671 conces·
907 2638 1002 2682 quasi
1023 2645 1141 2677 castra,
1166 2638 1235 2670 lata
1258 2637 1350 2668 fossa
1371 2636 1485 2669 cinxit.
1521 2637 1689 2670 Ammian.

85 2682 160 2716 siva
181 2661 321 2716 dictum.
357 2684 398 2716 V.
417 2682 545 2716 Adnot.
570 2683 603 2715 in
627 2682 839 2723 1.49,117.
907 2685 1014 2718 Marc.
1034 2686 1138 2723 XVI,
1161 2687 1194 2717 ὅ.
1241 2682 1435 2726 Aedemque
1457 2683 1606 2723 brevem,
1632 2683 1689 2717 ubi

157 2731 320 2764 clamatio
331 2730 442 2775 modo]
467 2729 533 2762 Alii
547 2729 638 2762 enim
656 2729 773 2763 infimo
793 2729 872 2763 loco
908 2731 1059 2764 cubitare
1077 2735 1252 2770 sueverat,
1277 2728 1346 2760 alta
1369 2729 1591 2762 circumdedit
1611 2730 1689 2763 sos-

88 2785 166 2808 eum
185 2782 303 2809 natum
325 2788 399 2809 esse
421 2784 576 2809 auctores
598 2783 687 2808 sunt.
908 2789 962 2814 sa„
990 2776 1102 2809 En'am
1122 2775 1164 2807 de
1185 2774 1295 2807 Divin.
1314 2775 1357 2813 ΙΙ,
1378 2774 1422 2808 65
1439 2787 1510 2818 prc-
1533 2787 1688 2809 comme-

163 2823 377 2855 wedeout—
397 2824 531 2866 nemim]
572 2824 704 2856 Credere
738 2821 872 2866 simpli-
906 2830 1059 2856 moratur
1079 2824 1175 2854 lectus
1193 2822 1394 2853 cubicularis.
1430 2822 1609 2855 Praeterea
1628 2823 1688 2856 ad-

90 2865 175 2899 citer
191 2865 315 2901 dicitur
331 2879 396 2912 pro
417 2870 514 2911 fidem
533 2870 657 2902 habere.
705 2869 870 2911 Sall.1ug.
906 2868 1058 2902 notanda
1091 2865 1298 2899 constructio
1329 2865 1423 2898 verbi
1457 2870 1690 2906 circumdandi.

91 2911 159 2946 72:
184 2923 295 2956 neque
310 2913 403 2953 loco,
427 2926 538 2959 neque
560 2914 697 2948 mortali
719 2915 872 2958 cuiquam
908 2915 1041 2948 Dicitur
1062 2912 1151 2945 enim
1169 2918 1203 2944 et
1223 2911 1350 2956 aliquid
1371 2912 1482 2958 aliqua
1500 2927 1547 2955 re,
1574 2923 1608 2948 et
1627 2916 1688 2951 ali-

34 2982 38 2985 .
90 2963 150 2990 aut
172 2959 322 3002 tempori
340 2960 423 2992 satis
445 2962 580 2994 credere.
909 2961 963 2994 cui
983 2960 1031 2993 rei
1052 2957 1179 3002 aliquid
1202 2957 1429 3003 circumdare,
1462 2961 1512 2993 uti
1526 2941 1560 2995 li.
1580 2962 1604 2995 l.
1624 2964 1689 3004 fos-

159 3005 348 3046 exsamiliis
362 3006 579 3051 locupletium]
605 3018 647 3040 ex
664 3005 797 3039 famulis
818 3004 874 3038 di—
909 3009 1078 3040 samleclo.
1101 3005 1142 3039 V.
1155 3004 1642 3054 nosinLat.Gramm.6.11-1‚
1655 3010 1688 3046 8.
