<?xml version="1.0" encoding="UTF-8"?>
<!DOCTYPE html PUBLIC "-//W3C//DTD XHTML 1.0 Transitional//EN"
    "http://www.w3.org/TR/xhtml1/DTD/xhtml1-transitional.dtd">
<html xmlns="http://www.w3.org/1999/xhtml" xml:lang="en" lang="en">
 <head>
  <title>
</title>
<meta http-equiv="Content-Type" content="text/html;charset=utf-8" />
  <meta name='ocr-system' content='tesseract 3.04.00' />
  <meta name='ocr-capabilities' content='ocr_page ocr_carea ocr_par ocr_line ocrx_word'/>
</head>
<body>
  <div class='ocr_page' id='page_1' title='image "./tusculanarumdi00ciceuoft_0025.png"; bbox 0 0 1859 3117; ppageno 0'>
   <div class='ocr_carea' id='block_1_1' title="bbox 677 46 1644 87">
    <p class='ocr_par' dir='ltr' id='par_1_1' title="bbox 677 46 1644 87">
     <span class='ocr_line' id='line_1_1' title="bbox 677 46 1644 87; baseline 0.002 -2"><span class='ocrx_word' id='word_1_1' title='bbox 677 50 1025 86; x_wconf 74' lang='lat' dir='ltr'><strong>PaoLEGoMENA.</strong></span> <span class='ocrx_word' id='word_1_2' title='bbox 1592 46 1644 87; x_wconf 77' lang='lat'><strong>15</strong></span> 
     </span>
    </p>
   </div>
   <div class='ocr_carea' id='block_1_2' title="bbox 59 133 1653 1219">
    <p class='ocr_par' dir='ltr' id='par_1_2' title="bbox 59 133 1645 327">
     <span class='ocr_line' id='line_1_2' title="bbox 60 133 1645 188; baseline -0.003 -6"><span class='ocrx_word' id='word_1_3' title='bbox 60 142 142 182; x_wconf 87' lang='lat' dir='ltr'><strong>vita</strong></span> <span class='ocrx_word' id='word_1_4' title='bbox 160 141 275 180; x_wconf 88' lang='lat' dir='ltr'><strong>beata</strong></span> <span class='ocrx_word' id='word_1_5' title='bbox 297 139 341 178; x_wconf 90' lang='lat' dir='ltr'><strong>in</strong></span> <span class='ocrx_word' id='word_1_6' title='bbox 367 151 450 177; x_wconf 78' lang='lat' dir='ltr'><strong>una</strong></span> <span class='ocrx_word' id='word_1_7' title='bbox 474 136 628 175; x_wconf 86' lang='lat' dir='ltr'><strong>virtute</strong></span> <span class='ocrx_word' id='word_1_8' title='bbox 648 134 779 187; x_wconf 87' lang='lat' dir='ltr'><strong>posita</strong></span> <span class='ocrx_word' id='word_1_9' title='bbox 803 141 913 173; x_wconf 86' lang='lat' dir='ltr'><strong>esset.</strong></span> <span class='ocrx_word' id='word_1_10' title='bbox 944 156 1002 163; x_wconf 91' lang='lat'><strong>——-</strong></span> <span class='ocrx_word' id='word_1_11' title='bbox 1050 134 1102 172; x_wconf 85' lang='lat' dir='ltr'><strong>At</strong></span> <span class='ocrx_word' id='word_1_12' title='bbox 1121 133 1218 172; x_wconf 90' lang='lat' dir='ltr'><strong>haec</strong></span> <span class='ocrx_word' id='word_1_13' title='bbox 1240 134 1346 173; x_wconf 77' lang='lat' dir='ltr'><strong>ratio</strong></span> <span class='ocrx_word' id='word_1_14' title='bbox 1368 135 1506 188; x_wconf 85' lang='lat' dir='ltr'><strong>inepta</strong></span> <span class='ocrx_word' id='word_1_15' title='bbox 1528 144 1586 176; x_wconf 88' lang='lat' dir='ltr'><strong>est</strong></span> <span class='ocrx_word' id='word_1_16' title='bbox 1606 145 1645 177; x_wconf 81' lang='lat' dir='ltr'><strong>et</strong></span> 
     </span>
     <span class='ocr_line' id='line_1_3' title="bbox 59 203 1644 255; baseline -0.003 -5"><span class='ocrx_word' id='word_1_17' title='bbox 59 210 167 250; x_wconf 87' lang='lat' dir='ltr'><strong>redit</strong></span> <span class='ocrx_word' id='word_1_18' title='bbox 190 209 241 249; x_wconf 88' lang='lat' dir='ltr'><strong>ad</strong></span> <span class='ocrx_word' id='word_1_19' title='bbox 263 208 479 248; x_wconf 84' lang='lat' dir='ltr'><strong>verborum</strong></span> <span class='ocrx_word' id='word_1_20' title='bbox 504 203 840 252; x_wconf 81' lang='lat' dir='ltr'><strong>controversiam,</strong></span> <span class='ocrx_word' id='word_1_21' title='bbox 871 217 944 241; x_wconf 87' lang='lat' dir='ltr'><strong>nec</strong></span> <span class='ocrx_word' id='word_1_22' title='bbox 968 203 1187 255; x_wconf 86' lang='lat' dir='ltr'>quidquam</span> <span class='ocrx_word' id='word_1_23' title='bbox 1207 203 1315 243; x_wconf 84' lang='lat' dir='ltr'><strong>valet</strong></span> <span class='ocrx_word' id='word_1_24' title='bbox 1338 203 1389 243; x_wconf 89' lang='lat' dir='ltr'><strong>ad</strong></span> <span class='ocrx_word' id='word_1_25' title='bbox 1417 205 1644 246; x_wconf 85' lang='lat' dir='ltr'><strong>tollendum</strong></span> 
     </span>
     <span class='ocr_line' id='line_1_4' title="bbox 60 270 840 327; baseline -0.01 -9"><span class='ocrx_word' id='word_1_26' title='bbox 60 279 252 318; x_wconf 81' lang='lat' dir='ltr'><strong>dolorem.</strong></span> <span class='ocrx_word' id='word_1_27' title='bbox 282 291 314 316; x_wconf 90' lang='lat' dir='ltr'><strong>c.</strong></span> <span class='ocrx_word' id='word_1_28' title='bbox 334 280 399 316; x_wconf 82' lang='lat'><strong>12.</strong></span> <span class='ocrx_word' id='word_1_29' title='bbox 421 273 463 327; x_wconf 75' lang='lat'><strong>§-</strong></span> <span class='ocrx_word' id='word_1_30' title='bbox 480 277 548 314; x_wconf 80' lang='lat'><strong>29.</strong></span> <span class='ocrx_word' id='word_1_31' title='bbox 573 288 606 312; x_wconf 91' lang='lat' dir='ltr'><strong>c.</strong></span> <span class='ocrx_word' id='word_1_32' title='bbox 626 276 690 312; x_wconf 92' lang='grc'><strong>15.</strong></span> <span class='ocrx_word' id='word_1_33' title='bbox 713 270 754 324; x_wconf 77' lang='lat'><strong>§.</strong></span> <span class='ocrx_word' id='word_1_34' title='bbox 770 276 840 311; x_wconf 90' lang='grc'><strong>50.</strong></span> 
     </span>
    </p>

    <p class='ocr_par' dir='ltr' id='par_1_3' title="bbox 61 339 1653 1219">
     <span class='ocr_line' id='line_1_5' title="bbox 173 339 1643 399; baseline -0.001 -14"><span class='ocrx_word' id='word_1_35' title='bbox 173 347 222 399; x_wconf 81' lang='grc'><strong>5)</strong></span> <span class='ocrx_word' id='word_1_36' title='bbox 251 343 455 384; x_wconf 85' lang='lat' dir='ltr'>Sententia</span> <span class='ocrx_word' id='word_1_37' title='bbox 475 356 614 381; x_wconf 88' lang='lat' dir='ltr'><strong>eorum</strong></span> <span class='ocrx_word' id='word_1_38' title='bbox 631 340 971 394; x_wconf 87' lang='lat' dir='ltr'><strong>philosophorum</strong></span> <span class='ocrx_word' id='word_1_39' title='bbox 994 339 1411 394; x_wconf 73' lang='lat' dir='ltr'><em>(Peripateticorum),</em></span> <span class='ocrx_word' id='word_1_40' title='bbox 1435 343 1505 394; x_wconf 85' lang='lat' dir='ltr'><strong>qui</strong></span> <span class='ocrx_word' id='word_1_41' title='bbox 1525 344 1643 383; x_wconf 89' lang='lat' dir='ltr'><strong>dolo-</strong></span> 
     </span>
     <span class='ocr_line' id='line_1_6' title="bbox 62 410 1644 463; baseline -0.001 -8"><span class='ocrx_word' id='word_1_42' title='bbox 62 431 145 455; x_wconf 85' lang='lat' dir='ltr'><strong>rem</strong></span> <span class='ocrx_word' id='word_1_43' title='bbox 170 415 313 453; x_wconf 87' lang='lat' dir='ltr'><strong>malum</strong></span> <span class='ocrx_word' id='word_1_44' title='bbox 343 413 457 451; x_wconf 88' lang='lat' dir='ltr'><strong>illum</strong></span> <span class='ocrx_word' id='word_1_45' title='bbox 483 411 643 463; x_wconf 87' lang='lat' dir='ltr'><strong>quidem</strong></span> <span class='ocrx_word' id='word_1_46' title='bbox 670 423 748 448; x_wconf 88' lang='lat' dir='ltr'><strong>esse</strong></span> <span class='ocrx_word' id='word_1_47' title='bbox 772 410 979 458; x_wconf 82' lang='lat' dir='ltr'>dicebant,</span> <span class='ocrx_word' id='word_1_48' title='bbox 1011 410 1097 459; x_wconf 85' lang='lat' dir='ltr'><strong>sed,</strong></span> <span class='ocrx_word' id='word_1_49' title='bbox 1130 424 1221 448; x_wconf 88' lang='lat' dir='ltr'><strong>cum</strong></span> <span class='ocrx_word' id='word_1_50' title='bbox 1247 412 1504 463; x_wconf 81' lang='lat' dir='ltr'>turpitudine</span> <span class='ocrx_word' id='word_1_51' title='bbox 1534 428 1644 453; x_wconf 89' lang='lat' dir='ltr'><strong>com-</strong></span> 
     </span>
     <span class='ocr_line' id='line_1_7' title="bbox 61 478 1646 538; baseline -0.001 -15"><span class='ocrx_word' id='word_1_52' title='bbox 61 490 269 538; x_wconf 85' lang='lat' dir='ltr'><strong>paratum,</strong></span> <span class='ocrx_word' id='word_1_53' title='bbox 299 495 424 535; x_wconf 89' lang='lat' dir='ltr'><strong>paene</strong></span> <span class='ocrx_word' id='word_1_54' title='bbox 446 481 603 519; x_wconf 84' lang='lat' dir='ltr'><strong>nullum</strong></span> <span class='ocrx_word' id='word_1_55' title='bbox 629 492 724 517; x_wconf 79' lang='lat' dir='ltr'><strong>esse.</strong></span> <span class='ocrx_word' id='word_1_56' title='bbox 782 478 913 529; x_wconf 80' lang='lat' dir='ltr'><strong>Atque</strong></span> <span class='ocrx_word' id='word_1_57' title='bbox 939 478 1043 516; x_wconf 91' lang='lat' dir='ltr'><strong>hanc</strong></span> <span class='ocrx_word' id='word_1_58' title='bbox 1076 480 1238 529; x_wconf 88' lang='lat' dir='ltr'><strong>quidem</strong></span> <span class='ocrx_word' id='word_1_59' title='bbox 1269 482 1503 520; x_wconf 83' lang='lat' dir='ltr'>sententiam</span> <span class='ocrx_word' id='word_1_60' title='bbox 1528 497 1646 522; x_wconf 88' lang='lat' dir='ltr'><strong>secu—-</strong></span> 
     </span>
     <span class='ocr_line' id='line_1_8' title="bbox 61 548 1648 599; baseline -0.001 -7"><span class='ocrx_word' id='word_1_61' title='bbox 61 560 127 592; x_wconf 88' lang='lat' dir='ltr'><strong>tus</strong></span> <span class='ocrx_word' id='word_1_62' title='bbox 148 559 207 591; x_wconf 88' lang='lat' dir='ltr'><strong>est</strong></span> <span class='ocrx_word' id='word_1_63' title='bbox 228 552 378 591; x_wconf 89' lang='lat' dir='ltr'><strong>Cicero.</strong></span> <span class='ocrx_word' id='word_1_64' title='bbox 436 551 558 599; x_wconf 83' lang='lat' dir='ltr'><strong>Nam,</strong></span> <span class='ocrx_word' id='word_1_65' title='bbox 583 554 631 587; x_wconf 90' lang='lat' dir='ltr'><strong>ut</strong></span> <span class='ocrx_word' id='word_1_66' title='bbox 653 548 865 586; x_wconf 82' lang='lat' dir='ltr'><strong>honestum</strong></span> <span class='ocrx_word' id='word_1_67' title='bbox 887 561 1083 585; x_wconf 86' lang='lat' dir='ltr'><strong>summum</strong></span> <span class='ocrx_word' id='word_1_68' title='bbox 1111 548 1259 586; x_wconf 87' lang='lat' dir='ltr'><strong>bonum</strong></span> <span class='ocrx_word' id='word_1_69' title='bbox 1283 556 1359 598; x_wconf 86' lang='lat' dir='ltr'><strong>est,</strong></span> <span class='ocrx_word' id='word_1_70' title='bbox 1391 558 1521 589; x_wconf 87' lang='lat' dir='ltr'><strong>cetera</strong></span> <span class='ocrx_word' id='word_1_71' title='bbox 1552 567 1648 590; x_wconf 91' lang='lat' dir='ltr'><strong>cor-</strong></span> 
     </span>
     <span class='ocr_line' id='line_1_9' title="bbox 61 617 1650 674; baseline 0 -14"><span class='ocrx_word' id='word_1_72' title='bbox 61 621 173 674; x_wconf 85' lang='lat' dir='ltr'>poris</span> <span class='ocrx_word' id='word_1_73' title='bbox 200 627 239 659; x_wconf 86' lang='lat' dir='ltr'><strong>et</strong></span> <span class='ocrx_word' id='word_1_74' title='bbox 257 621 446 659; x_wconf 84' lang='lat' dir='ltr'><strong>fortunae</strong></span> <span class='ocrx_word' id='word_1_75' title='bbox 465 619 571 657; x_wconf 80' lang='lat' dir='ltr'><strong>bona</strong></span> <span class='ocrx_word' id='word_1_76' title='bbox 593 617 808 670; x_wconf 81' lang='lat' dir='ltr'><strong>perexigua</strong></span> <span class='ocrx_word' id='word_1_77' title='bbox 831 623 937 665; x_wconf 85' lang='lat' dir='ltr'><strong>sunt,</strong></span> <span class='ocrx_word' id='word_1_78' title='bbox 969 617 1024 654; x_wconf 88' lang='lat' dir='ltr'><strong>ita</strong></span> <span class='ocrx_word' id='word_1_79' title='bbox 1050 618 1266 668; x_wconf 79' lang='lat' dir='ltr'>turpitudo</span> <span class='ocrx_word' id='word_1_80' title='bbox 1291 633 1485 658; x_wconf 87' lang='lat' dir='ltr'><strong>summum</strong></span> <span class='ocrx_word' id='word_1_81' title='bbox 1503 621 1650 660; x_wconf 86' lang='lat' dir='ltr'><strong>malum</strong></span> 
     </span>
     <span class='ocr_line' id='line_1_10' title="bbox 61 686 1649 740; baseline -0.001 -11"><span class='ocrx_word' id='word_1_82' title='bbox 61 697 132 740; x_wconf 86' lang='lat' dir='ltr'><strong>est,</strong></span> <span class='ocrx_word' id='word_1_83' title='bbox 161 696 291 729; x_wconf 84' lang='lat' dir='ltr'><strong>cetera</strong></span> <span class='ocrx_word' id='word_1_84' title='bbox 313 695 479 727; x_wconf 83' lang='lat' dir='ltr'><strong>externa</strong></span> <span class='ocrx_word' id='word_1_85' title='bbox 499 687 564 726; x_wconf 90' lang='lat' dir='ltr'><strong>vel</strong></span> <span class='ocrx_word' id='word_1_86' title='bbox 584 687 767 738; x_wconf 89' lang='lat' dir='ltr'><strong>corporis</strong></span> <span class='ocrx_word' id='word_1_87' title='bbox 791 686 895 724; x_wconf 85' lang='lat' dir='ltr'><strong>mala</strong></span> <span class='ocrx_word' id='word_1_88' title='bbox 919 699 1008 724; x_wconf 87' lang='lat' dir='ltr'><strong>cum</strong></span> <span class='ocrx_word' id='word_1_89' title='bbox 1029 686 1299 737; x_wconf 75' lang='lat' dir='ltr'><strong>turpitudinis</strong></span> <span class='ocrx_word' id='word_1_90' title='bbox 1323 688 1427 726; x_wconf 89' lang='lat' dir='ltr'><strong>malo</strong></span> <span class='ocrx_word' id='word_1_91' title='bbox 1447 690 1519 728; x_wconf 82' lang='lat' dir='ltr'><strong>vix</strong></span> <span class='ocrx_word' id='word_1_92' title='bbox 1537 704 1649 728; x_wconf 92' lang='lat' dir='ltr'><strong>com-</strong></span> 
     </span>
     <span class='ocr_line' id='line_1_11' title="bbox 61 755 1650 811; baseline 0.001 -14"><span class='ocrx_word' id='word_1_93' title='bbox 61 759 255 811; x_wconf 85' lang='lat' dir='ltr'><strong>paranda.</strong></span> <span class='ocrx_word' id='word_1_94' title='bbox 314 758 464 808; x_wconf 86' lang='lat' dir='ltr'><strong>Itaque,</strong></span> <span class='ocrx_word' id='word_1_95' title='bbox 495 756 528 794; x_wconf 87' lang='lat' dir='ltr'><strong>si</strong></span> <span class='ocrx_word' id='word_1_96' title='bbox 550 755 769 807; x_wconf 79' lang='lat' dir='ltr'><strong>turpitudo</strong></span> <span class='ocrx_word' id='word_1_97' title='bbox 791 755 903 807; x_wconf 86' lang='lat' dir='ltr'><strong>peius</strong></span> <span class='ocrx_word' id='word_1_98' title='bbox 926 762 994 803; x_wconf 87' lang='lat' dir='ltr'><strong>est,</strong></span> <span class='ocrx_word' id='word_1_99' title='bbox 1027 769 1145 805; x_wconf 88' lang='lat' dir='ltr'><strong>quam</strong></span> <span class='ocrx_word' id='word_1_100' title='bbox 1168 755 1299 804; x_wconf 91' lang='lat' dir='ltr'><strong>dolor,</strong></span> <span class='ocrx_word' id='word_1_101' title='bbox 1331 756 1434 794; x_wconf 80' lang='lat' dir='ltr'><strong>nihil</strong></span> <span class='ocrx_word' id='word_1_102' title='bbox 1457 764 1513 795; x_wconf 88' lang='lat' dir='ltr'><strong>est</strong></span> <span class='ocrx_word' id='word_1_103' title='bbox 1530 759 1650 810; x_wconf 88' lang='lat' dir='ltr'><strong>plane</strong></span> 
     </span>
     <span class='ocr_line' id='line_1_12' title="bbox 63 824 1653 877; baseline 0.001 -11"><span class='ocrx_word' id='word_1_104' title='bbox 63 827 194 866; x_wconf 84' lang='lat' dir='ltr'><strong>dolor.</strong></span> <span class='ocrx_word' id='word_1_105' title='bbox 253 827 350 866; x_wconf 81' lang='lat' dir='ltr'><strong>Nan]</strong></span> <span class='ocrx_word' id='word_1_106' title='bbox 372 832 492 877; x_wconf 81' lang='lat' dir='ltr'><strong>turpe</strong></span> <span class='ocrx_word' id='word_1_107' title='bbox 517 831 575 863; x_wconf 89' lang='lat' dir='ltr'><strong>est</strong></span> <span class='ocrx_word' id='word_1_108' title='bbox 597 824 738 862; x_wconf 87' lang='lat' dir='ltr'><strong>dolore</strong></span> <span class='ocrx_word' id='word_1_109' title='bbox 759 824 903 876; x_wconf 81' lang='lat' dir='ltr'>frangi.</span> <span class='ocrx_word' id='word_1_110' title='bbox 947 824 1028 871; x_wconf 89' lang='lat' dir='ltr'><strong>Qui</strong></span> <span class='ocrx_word' id='word_1_111' title='bbox 1049 831 1179 861; x_wconf 87' lang='lat' dir='ltr'><strong>autem</strong></span> <span class='ocrx_word' id='word_1_112' title='bbox 1201 824 1366 863; x_wconf 83' lang='lat' dir='ltr'><strong>virtutis</strong></span> <span class='ocrx_word' id='word_1_113' title='bbox 1386 840 1550 877; x_wconf 88' lang='lat' dir='ltr'><strong>compos</strong></span> <span class='ocrx_word' id='word_1_114' title='bbox 1573 842 1653 867; x_wconf 86' lang='lat' dir='ltr'><strong>esse</strong></span> 
     </span>
     <span class='ocr_line' id='line_1_13' title="bbox 64 892 1653 946; baseline 0.001 -11"><span class='ocrx_word' id='word_1_115' title='bbox 64 896 173 945; x_wconf 77' lang='lat' dir='ltr'><strong>vult,</strong></span> <span class='ocrx_word' id='word_1_116' title='bbox 204 909 358 934; x_wconf 89' lang='lat' dir='ltr'><strong>omnem</strong></span> <span class='ocrx_word' id='word_1_117' title='bbox 382 894 679 946; x_wconf 81' lang='lat' dir='ltr'><strong>turpitudinem</strong></span> <span class='ocrx_word' id='word_1_118' title='bbox 702 893 839 944; x_wconf 82' lang='lat' dir='ltr'><strong>fugiet.</strong></span> <span class='ocrx_word' id='word_1_119' title='bbox 900 892 1041 931; x_wconf 74' lang='lat' dir='ltr'><strong>Virtus</strong></span> <span class='ocrx_word' id='word_1_120' title='bbox 1064 892 1192 944; x_wconf 74' lang='lat' dir='ltr'><strong>igitur</strong></span> <span class='ocrx_word' id='word_1_121' title='bbox 1214 899 1366 932; x_wconf 88' lang='lat' dir='ltr'><strong>tantam</strong></span> <span class='ocrx_word' id='word_1_122' title='bbox 1395 895 1440 933; x_wconf 85' lang='lat' dir='ltr'><strong>in</strong></span> <span class='ocrx_word' id='word_1_123' title='bbox 1471 909 1510 932; x_wconf 91' lang='lat' dir='ltr'><strong>se</strong></span> <span class='ocrx_word' id='word_1_124' title='bbox 1531 895 1653 936; x_wconf 89' lang='lat' dir='ltr'><strong>habet</strong></span> 
     </span>
     <span class='ocr_line' id='line_1_14' title="bbox 66 961 1651 1014; baseline 0.001 -11"><span class='ocrx_word' id='word_1_125' title='bbox 66 964 168 1013; x_wconf 86' lang='lat' dir='ltr'><strong>vim,</strong></span> <span class='ocrx_word' id='word_1_126' title='bbox 208 971 256 1003; x_wconf 85' lang='lat' dir='ltr'><strong>ut</strong></span> <span class='ocrx_word' id='word_1_127' title='bbox 280 964 317 1002; x_wconf 87' lang='lat' dir='ltr'><strong>ei</strong></span> <span class='ocrx_word' id='word_1_128' title='bbox 347 963 485 1002; x_wconf 87' lang='lat' dir='ltr'><strong>cedere</strong></span> <span class='ocrx_word' id='word_1_129' title='bbox 511 962 653 1000; x_wconf 84' lang='lat' dir='ltr'><strong>debeat</strong></span> <span class='ocrx_word' id='word_1_130' title='bbox 681 962 811 1000; x_wconf 89' lang='lat' dir='ltr'><strong>dolor.</strong></span> <span class='ocrx_word' id='word_1_131' title='bbox 872 961 1082 1009; x_wconf 81' lang='lat' dir='ltr'><strong>Quattuor</strong></span> <span class='ocrx_word' id='word_1_132' title='bbox 1111 962 1287 1001; x_wconf 86' lang='lat' dir='ltr'><strong>virtutes</strong></span> <span class='ocrx_word' id='word_1_133' title='bbox 1321 977 1420 1014; x_wconf 87' lang='lat' dir='ltr'><strong>quae</strong></span> <span class='ocrx_word' id='word_1_134' title='bbox 1452 965 1651 1005; x_wconf 85' lang='lat' dir='ltr'><strong>dicuntur</strong></span> 
     </span>
     <span class='ocr_line' id='line_1_15' title="bbox 67 1030 1652 1087; baseline 0.002 -16"><span class='ocrx_word' id='word_1_135' title='bbox 67 1033 288 1071; x_wconf 87' lang='lat' dir='ltr'><strong>cardinales</strong></span> <span class='ocrx_word' id='word_1_136' title='bbox 314 1038 620 1080; x_wconf 84' lang='lat' dir='ltr'><strong>enumerantur,</strong></span> <span class='ocrx_word' id='word_1_137' title='bbox 649 1031 976 1081; x_wconf 86' lang='lat' dir='ltr'><strong>ostenditurque,</strong></span> <span class='ocrx_word' id='word_1_138' title='bbox 1018 1030 1121 1068; x_wconf 90' lang='lat' dir='ltr'><strong>nulli</strong></span> <span class='ocrx_word' id='word_1_139' title='bbox 1146 1044 1282 1070; x_wconf 88' lang='lat' dir='ltr'><strong>earum</strong></span> <span class='ocrx_word' id='word_1_140' title='bbox 1306 1033 1491 1072; x_wconf 84' lang='lat' dir='ltr'><strong>satisfieri</strong></span> <span class='ocrx_word' id='word_1_141' title='bbox 1521 1049 1652 1087; x_wconf 71' lang='lat' dir='ltr'><strong>posse,</strong></span> 
     </span>
     <span class='ocr_line' id='line_1_16' title="bbox 67 1099 1652 1151; baseline 0.003 -12"><span class='ocrx_word' id='word_1_142' title='bbox 67 1101 146 1139; x_wconf 88' lang='lat' dir='ltr'><strong>nisi</strong></span> <span class='ocrx_word' id='word_1_143' title='bbox 168 1101 287 1139; x_wconf 88' lang='lat' dir='ltr'><strong>dolor</strong></span> <span class='ocrx_word' id='word_1_144' title='bbox 310 1106 604 1139; x_wconf 82' lang='lat' dir='ltr'><strong>contemnatur.</strong></span> <span class='ocrx_word' id='word_1_145' title='bbox 664 1101 768 1150; x_wconf 84' lang='lat' dir='ltr'><strong>Ergo</strong></span> <span class='ocrx_word' id='word_1_146' title='bbox 792 1106 862 1136; x_wconf 89' lang='lat' dir='ltr'><strong>aut</strong></span> <span class='ocrx_word' id='word_1_147' title='bbox 885 1099 997 1136; x_wconf 86' lang='lat' dir='ltr'><strong>nulla</strong></span> <span class='ocrx_word' id='word_1_148' title='bbox 1027 1100 1160 1138; x_wconf 78' lang='lat' dir='ltr'><strong>virtus</strong></span> <span class='ocrx_word' id='word_1_149' title='bbox 1184 1106 1262 1151; x_wconf 91' lang='lat' dir='ltr'><strong>est,</strong></span> <span class='ocrx_word' id='word_1_150' title='bbox 1294 1108 1365 1140; x_wconf 89' lang='lat' dir='ltr'><strong>aut</strong></span> <span class='ocrx_word' id='word_1_151' title='bbox 1390 1110 1652 1143; x_wconf 88' lang='lat' dir='ltr'><strong>contemnen-</strong></span> 
     </span>
     <span class='ocr_line' id='line_1_17' title="bbox 69 1166 1073 1219; baseline -0.002 -11"><span class='ocrx_word' id='word_1_152' title='bbox 69 1170 144 1208; x_wconf 86' lang='lat' dir='ltr'><strong>dus</strong></span> <span class='ocrx_word' id='word_1_153' title='bbox 173 1169 303 1208; x_wconf 85' lang='lat' dir='ltr'><strong>omnis</strong></span> <span class='ocrx_word' id='word_1_154' title='bbox 337 1169 468 1208; x_wconf 89' lang='lat' dir='ltr'><strong>dolor.</strong></span> <span class='ocrx_word' id='word_1_155' title='bbox 508 1182 542 1206; x_wconf 88' lang='lat' dir='ltr'><strong>c.</strong></span> <span class='ocrx_word' id='word_1_156' title='bbox 563 1172 626 1207; x_wconf 83' lang='lat'><strong>15.</strong></span> <span class='ocrx_word' id='word_1_157' title='bbox 647 1166 688 1219; x_wconf 51' lang='grc' dir='ltr'><strong>ᾗ.</strong></span> <span class='ocrx_word' id='word_1_158' title='bbox 704 1172 773 1206; x_wconf 82' lang='grc'><strong>51.</strong></span> <span class='ocrx_word' id='word_1_159' title='bbox 795 1182 828 1206; x_wconf 92' lang='lat' dir='ltr'><strong>c.</strong></span> <span class='ocrx_word' id='word_1_160' title='bbox 848 1171 913 1207; x_wconf 79' lang='lat'><strong>14.</strong></span> <span class='ocrx_word' id='word_1_161' title='bbox 939 1167 1073 1219; x_wconf 88' lang='lat' dir='ltr'><strong>princ.</strong></span> 
     </span>
    </p>
   </div>
   <div class='ocr_carea' id='block_1_3' title="bbox 543 1282 1182 1320">
    <p class='ocr_par' dir='ltr' id='par_1_4' title="bbox 543 1282 1182 1320">
     <span class='ocr_line' id='line_1_18' title="bbox 543 1282 1182 1320; baseline 0 0"><span class='ocrx_word' id='word_1_162' title='bbox 543 1282 709 1320; x_wconf 68' lang='lat' dir='ltr'><strong>ALTERA</strong></span> <span class='ocrx_word' id='word_1_163' title='bbox 738 1295 834 1320; x_wconf 75' lang='lat' dir='ltr'>PARS</span> <span class='ocrx_word' id='word_1_164' title='bbox 864 1295 1182 1320; x_wconf 66' lang='lat' dir='ltr'><strong>DlsrL&#39;TATmms.</strong></span> 
     </span>
    </p>
   </div>
   <div class='ocr_carea' id='block_1_4' title="bbox 70 1373 1664 3009">
    <p class='ocr_par' dir='ltr' id='par_1_5' title="bbox 70 1373 1655 1633">
     <span class='ocr_line' id='line_1_19' title="bbox 180 1373 1654 1430; baseline 0.004 -17"><span class='ocrx_word' id='word_1_165' title='bbox 180 1375 260 1413; x_wconf 90' lang='lat' dir='ltr'><strong>Iam</strong></span> <span class='ocrx_word' id='word_1_166' title='bbox 279 1388 398 1424; x_wconf 82' lang='lat' dir='ltr'><strong>vero,</strong></span> <span class='ocrx_word' id='word_1_167' title='bbox 427 1373 480 1424; x_wconf 90' lang='lat' dir='ltr'><strong>si,</strong></span> <span class='ocrx_word' id='word_1_168' title='bbox 508 1373 690 1412; x_wconf 86' lang='lat' dir='ltr'><strong>dolorem</strong></span> <span class='ocrx_word' id='word_1_169' title='bbox 710 1373 892 1412; x_wconf 87' lang='lat' dir='ltr'><strong>dolorem</strong></span> <span class='ocrx_word' id='word_1_170' title='bbox 912 1373 940 1411; x_wconf 87' lang='lat' dir='ltr'><strong>i.</strong></span> <span class='ocrx_word' id='word_1_171' title='bbox 964 1387 996 1411; x_wconf 93' lang='lat' dir='ltr'><strong>e.</strong></span> <span class='ocrx_word' id='word_1_172' title='bbox 1020 1373 1165 1412; x_wconf 84' lang='lat' dir='ltr'><strong>malum</strong></span> <span class='ocrx_word' id='word_1_173' title='bbox 1188 1387 1288 1425; x_wconf 87' lang='lat' dir='ltr'><strong>esse,</strong></span> <span class='ocrx_word' id='word_1_174' title='bbox 1319 1375 1375 1414; x_wconf 88' lang='lat' dir='ltr'><strong>ita</strong></span> <span class='ocrx_word' id='word_1_175' title='bbox 1400 1378 1654 1430; x_wconf 85' lang='lat' dir='ltr'><strong>conceditur,</strong></span> 
     </span>
     <span class='ocr_line' id='line_1_20' title="bbox 73 1442 1654 1499; baseline 0.004 -18"><span class='ocrx_word' id='word_1_176' title='bbox 73 1450 138 1493; x_wconf 88' lang='lat' dir='ltr'><strong>ut,</strong></span> <span class='ocrx_word' id='word_1_177' title='bbox 169 1457 258 1482; x_wconf 92' lang='lat' dir='ltr'><strong>eum</strong></span> <span class='ocrx_word' id='word_1_178' title='bbox 286 1444 459 1492; x_wconf 81' lang='lat' dir='ltr'><strong>virtute,</strong></span> <span class='ocrx_word' id='word_1_179' title='bbox 490 1442 726 1481; x_wconf 86' lang='lat' dir='ltr'><strong>nominatim</strong></span> <span class='ocrx_word' id='word_1_180' title='bbox 754 1442 1016 1491; x_wconf 86' lang='lat' dir='ltr'><strong>fortitudine,</strong></span> <span class='ocrx_word' id='word_1_181' title='bbox 1058 1443 1234 1495; x_wconf 89' lang='lat' dir='ltr'><strong>opprimi</strong></span> <span class='ocrx_word' id='word_1_182' title='bbox 1262 1458 1397 1496; x_wconf 87' lang='lat' dir='ltr'><strong>posse,</strong></span> <span class='ocrx_word' id='word_1_183' title='bbox 1437 1453 1654 1499; x_wconf 83' lang='lat' dir='ltr'><strong>statuatur,</strong></span> 
     </span>
     <span class='ocr_line' id='line_1_21' title="bbox 70 1511 1655 1564; baseline 0.005 -15"><span class='ocrx_word' id='word_1_184' title='bbox 70 1512 302 1563; x_wconf 87' lang='lat' dir='ltr'><strong>quaeritur,</strong></span> <span class='ocrx_word' id='word_1_185' title='bbox 333 1526 413 1564; x_wconf 91' lang='lat' dir='ltr'><strong>quo</strong></span> <span class='ocrx_word' id='word_1_186' title='bbox 434 1512 551 1550; x_wconf 78' lang='lat' dir='ltr'><strong>modo</strong></span> <span class='ocrx_word' id='word_1_187' title='bbox 574 1512 640 1550; x_wconf 85' lang='lat' dir='ltr'><strong>illa</strong></span> <span class='ocrx_word' id='word_1_188' title='bbox 660 1511 805 1561; x_wconf 84' lang='lat' dir='ltr'><strong>virtus,</strong></span> <span class='ocrx_word' id='word_1_189' title='bbox 837 1525 938 1562; x_wconf 90' lang='lat' dir='ltr'><strong>quae</strong></span> <span class='ocrx_word' id='word_1_190' title='bbox 957 1511 1001 1550; x_wconf 87' lang='lat' dir='ltr'><strong>vi</strong></span> <span class='ocrx_word' id='word_1_191' title='bbox 1024 1526 1095 1550; x_wconf 89' lang='lat' dir='ltr'><strong>sua</strong></span> <span class='ocrx_word' id='word_1_192' title='bbox 1120 1512 1252 1563; x_wconf 85' lang='lat' dir='ltr'><strong>efficit,</strong></span> <span class='ocrx_word' id='word_1_193' title='bbox 1281 1520 1329 1552; x_wconf 86' lang='lat' dir='ltr'><strong>ut</strong></span> <span class='ocrx_word' id='word_1_194' title='bbox 1351 1514 1530 1555; x_wconf 88' lang='lat' dir='ltr'><strong>dolorem</strong></span> <span class='ocrx_word' id='word_1_195' title='bbox 1554 1532 1655 1556; x_wconf 90' lang='lat' dir='ltr'><strong>con-</strong></span> 
     </span>
     <span class='ocr_line' id='line_1_22' title="bbox 70 1580 1342 1633; baseline 0.002 -14"><span class='ocrx_word' id='word_1_196' title='bbox 70 1587 307 1630; x_wconf 87' lang='lat' dir='ltr'><strong>temnamus,</strong></span> <span class='ocrx_word' id='word_1_197' title='bbox 339 1580 608 1633; x_wconf 88' lang='lat' dir='ltr'><strong>comparanda</strong></span> <span class='ocrx_word' id='word_1_198' title='bbox 639 1581 704 1619; x_wconf 89' lang='lat' dir='ltr'><strong>sit.</strong></span> <span class='ocrx_word' id='word_1_199' title='bbox 763 1580 869 1619; x_wconf 92' lang='lat' dir='ltr'><strong>Haec</strong></span> <span class='ocrx_word' id='word_1_200' title='bbox 899 1581 1034 1619; x_wconf 85' lang='lat' dir='ltr'><strong>virtus</strong></span> <span class='ocrx_word' id='word_1_201' title='bbox 1065 1589 1342 1633; x_wconf 84' lang='lat' dir='ltr'><strong>comparatur:</strong></span> 
     </span>
    </p>

    <p class='ocr_par' dir='ltr' id='par_1_6' title="bbox 71 1650 1658 1840">
     <span class='ocr_line' id='line_1_23' title="bbox 185 1650 1656 1707; baseline 0.004 -19"><span class='ocrx_word' id='word_1_202' title='bbox 185 1651 229 1698; x_wconf 81' lang='lat' dir='ltr'><strong>a)</strong></span> <span class='ocrx_word' id='word_1_203' title='bbox 261 1651 570 1688; x_wconf 70' lang='lat' dir='ltr'><strong>Exercitatione</strong></span> <span class='ocrx_word' id='word_1_204' title='bbox 605 1658 642 1687; x_wconf 82' lang='lat' dir='ltr'><strong>et</strong></span> <span class='ocrx_word' id='word_1_205' title='bbox 675 1650 975 1688; x_wconf 67' lang='lat' dir='ltr'><strong>consuetudine.</strong></span> <span class='ocrx_word' id='word_1_206' title='bbox 1035 1652 1227 1703; x_wconf 81' lang='lat' dir='ltr'><strong>Exempla</strong></span> <span class='ocrx_word' id='word_1_207' title='bbox 1258 1652 1452 1690; x_wconf 81' lang='lat' dir='ltr'><strong>iuvenum</strong></span> <span class='ocrx_word' id='word_1_208' title='bbox 1477 1656 1656 1707; x_wconf 85' lang='lat' dir='ltr'><strong>Spartae,</strong></span> 
     </span>
     <span class='ocr_line' id='line_1_24' title="bbox 71 1718 1658 1774; baseline 0.004 -18"><span class='ocrx_word' id='word_1_209' title='bbox 71 1731 207 1757; x_wconf 80' lang='lat' dir='ltr'><strong>severa</strong></span> <span class='ocrx_word' id='word_1_210' title='bbox 225 1718 438 1770; x_wconf 88' lang='lat' dir='ltr'><strong>disciplina</strong></span> <span class='ocrx_word' id='word_1_211' title='bbox 457 1718 750 1768; x_wconf 88' lang='lat' dir='ltr'><strong>institutorum,</strong></span> <span class='ocrx_word' id='word_1_212' title='bbox 782 1720 1053 1757; x_wconf 86' lang='lat' dir='ltr'><strong>Romanorum</strong></span> <span class='ocrx_word' id='word_1_213' title='bbox 1073 1721 1255 1770; x_wconf 86' lang='lat' dir='ltr'><strong>militiae,</strong></span> <span class='ocrx_word' id='word_1_214' title='bbox 1286 1722 1500 1774; x_wconf 81' lang='lat' dir='ltr'><strong>Eurypyli,</strong></span> <span class='ocrx_word' id='word_1_215' title='bbox 1531 1738 1658 1763; x_wconf 82' lang='lat' dir='ltr'><strong>vena-</strong></span> 
     </span>
     <span class='ocr_line' id='line_1_25' title="bbox 76 1771 1366 1840; baseline 0.002 -15"><span class='ocrx_word' id='word_1_216' title='bbox 76 1771 228 1836; x_wconf 84' lang='lat' dir='ltr'><strong>torum,</strong></span> <span class='ocrx_word' id='word_1_217' title='bbox 258 1787 458 1840; x_wconf 83' lang='lat' dir='ltr'><strong>pugilum,</strong></span> <span class='ocrx_word' id='word_1_218' title='bbox 488 1786 757 1837; x_wconf 85' lang='lat' dir='ltr'><strong>luctatorum,</strong></span> <span class='ocrx_word' id='word_1_219' title='bbox 788 1788 1069 1839; x_wconf 82' lang='lat' dir='ltr'><strong>gladiatorum.</strong></span> <span class='ocrx_word' id='word_1_220' title='bbox 1110 1804 1143 1826; x_wconf 89' lang='lat' dir='ltr'><strong>c.</strong></span> <span class='ocrx_word' id='word_1_221' title='bbox 1166 1793 1366 1828; x_wconf 83' lang='lat'><strong>14—17.</strong></span> 
     </span>
    </p>

    <p class='ocr_par' dir='ltr' id='par_1_7' title="bbox 75 1856 1664 2871">
     <span class='ocr_line' id='line_1_26' title="bbox 185 1856 1662 1912; baseline 0.004 -18"><span class='ocrx_word' id='word_1_222' title='bbox 185 1856 233 1904; x_wconf 89' lang='lat' dir='ltr'><strong>b)</strong></span> <span class='ocrx_word' id='word_1_223' title='bbox 268 1856 460 1894; x_wconf 79' lang='lat' dir='ltr'><strong>Ratione.</strong></span> <span class='ocrx_word' id='word_1_224' title='bbox 505 1856 621 1894; x_wconf 89' lang='lat' dir='ltr'><strong>Hanc</strong></span> <span class='ocrx_word' id='word_1_225' title='bbox 635 1856 945 1908; x_wconf 85' lang='lat' dir='ltr'><strong>disputationem</strong></span> <span class='ocrx_word' id='word_1_226' title='bbox 966 1857 1022 1894; x_wconf 85' lang='lat' dir='ltr'><strong>ita</strong></span> <span class='ocrx_word' id='word_1_227' title='bbox 1042 1857 1268 1908; x_wconf 80' lang='lat' dir='ltr'><strong>ingreditur</strong></span> <span class='ocrx_word' id='word_1_228' title='bbox 1283 1858 1450 1908; x_wconf 85' lang='lat' dir='ltr'><strong>Tullius,</strong></span> <span class='ocrx_word' id='word_1_229' title='bbox 1473 1867 1532 1909; x_wconf 82' lang='lat' dir='ltr'><strong>ut,</strong></span> <span class='ocrx_word' id='word_1_230' title='bbox 1552 1863 1662 1912; x_wconf 89' lang='lat' dir='ltr'><strong>quod</strong></span> 
     </span>
     <span class='ocr_line' id='line_1_27' title="bbox 75 1924 1661 1982; baseline 0.004 -20"><span class='ocrx_word' id='word_1_231' title='bbox 75 1937 199 1976; x_wconf 89' lang='lat' dir='ltr'><strong>supra</strong></span> <span class='ocrx_word' id='word_1_232' title='bbox 221 1924 537 1962; x_wconf 84' lang='lat' dir='ltr'><strong>demonstratum</strong></span> <span class='ocrx_word' id='word_1_233' title='bbox 563 1932 667 1973; x_wconf 87' lang='lat' dir='ltr'><strong>erat,</strong></span> <span class='ocrx_word' id='word_1_234' title='bbox 698 1926 836 1976; x_wconf 88' lang='lat' dir='ltr'><strong>paucis</strong></span> <span class='ocrx_word' id='word_1_235' title='bbox 859 1931 1032 1975; x_wconf 78' lang='lat' dir='ltr'><strong>repetat,</strong></span> <span class='ocrx_word' id='word_1_236' title='bbox 1064 1925 1244 1964; x_wconf 89' lang='lat' dir='ltr'><strong>dolorem</strong></span> <span class='ocrx_word' id='word_1_237' title='bbox 1265 1927 1411 1965; x_wconf 82' lang='lat' dir='ltr'><strong>malum</strong></span> <span class='ocrx_word' id='word_1_238' title='bbox 1428 1928 1542 1967; x_wconf 89' lang='lat' dir='ltr'><strong>illum</strong></span> <span class='ocrx_word' id='word_1_239' title='bbox 1564 1931 1661 1982; x_wconf 90' lang='lat' dir='ltr'><strong>qui-</strong></span> 
     </span>
     <span class='ocr_line' id='line_1_28' title="bbox 75 1992 1662 2049; baseline 0.005 -19"><span class='ocrx_word' id='word_1_240' title='bbox 75 1992 164 2030; x_wconf 88' lang='lat' dir='ltr'><strong>dem</strong></span> <span class='ocrx_word' id='word_1_241' title='bbox 183 2006 274 2042; x_wconf 90' lang='lat' dir='ltr'><strong>esse,</strong></span> <span class='ocrx_word' id='word_1_242' title='bbox 304 1993 372 2031; x_wconf 89' lang='lat' dir='ltr'><strong>sed</strong></span> <span class='ocrx_word' id='word_1_243' title='bbox 397 2007 550 2031; x_wconf 87' lang='lat' dir='ltr'><strong>omnem</strong></span> <span class='ocrx_word' id='word_1_244' title='bbox 571 1993 751 2030; x_wconf 88' lang='lat' dir='ltr'><strong>dolorem</strong></span> <span class='ocrx_word' id='word_1_245' title='bbox 771 2006 850 2030; x_wconf 88' lang='lat' dir='ltr'><strong>esse</strong></span> <span class='ocrx_word' id='word_1_246' title='bbox 872 1992 1130 2043; x_wconf 86' lang='lat' dir='ltr'><strong>tolerabilem,</strong></span> <span class='ocrx_word' id='word_1_247' title='bbox 1153 1994 1424 2047; x_wconf 84' lang='lat' dir='ltr'><strong>virtutemque</strong></span> <span class='ocrx_word' id='word_1_248' title='bbox 1441 1999 1662 2049; x_wconf 83' lang='lat' dir='ltr'><strong>postulare,</strong></span> 
     </span>
     <span class='ocr_line' id='line_1_29' title="bbox 75 2060 1662 2112; baseline 0.005 -13"><span class='ocrx_word' id='word_1_249' title='bbox 75 2067 124 2099; x_wconf 85' lang='lat' dir='ltr'><strong>ut</strong></span> <span class='ocrx_word' id='word_1_250' title='bbox 149 2075 238 2099; x_wconf 87' lang='lat' dir='ltr'><strong>eum</strong></span> <span class='ocrx_word' id='word_1_251' title='bbox 261 2061 482 2099; x_wconf 75' lang='lat' dir='ltr'><strong>toleranter</strong></span> <span class='ocrx_word' id='word_1_252' title='bbox 505 2061 724 2112; x_wconf 87' lang='lat' dir='ltr'><strong>patiamur,</strong></span> <span class='ocrx_word' id='word_1_253' title='bbox 767 2060 898 2112; x_wconf 89' lang='lat' dir='ltr'><strong>ipsum</strong></span> <span class='ocrx_word' id='word_1_254' title='bbox 924 2075 1069 2100; x_wconf 87' lang='lat' dir='ltr'><strong>nomen</strong></span> <span class='ocrx_word' id='word_1_255' title='bbox 1100 2065 1294 2109; x_wconf 75' lang='lat' dir='ltr'><strong>virtutis,</strong></span> <span class='ocrx_word' id='word_1_256' title='bbox 1338 2078 1360 2102; x_wconf 90' lang='lat' dir='ltr'><strong>a</strong></span> <span class='ocrx_word' id='word_1_257' title='bbox 1391 2068 1503 2111; x_wconf 72' lang='lat' dir='ltr'><strong>vim,</strong></span> <span class='ocrx_word' id='word_1_258' title='bbox 1547 2068 1662 2107; x_wconf 89' lang='lat' dir='ltr'><strong>cuius</strong></span> 
     </span>
     <span class='ocr_line' id='line_1_30' title="bbox 76 2128 1662 2182; baseline 0.006 -16"><span class='ocrx_word' id='word_1_259' title='bbox 76 2129 244 2181; x_wconf 88' lang='lat' dir='ltr'><strong>propria</strong></span> <span class='ocrx_word' id='word_1_260' title='bbox 265 2129 432 2167; x_wconf 75' lang='lat' dir='ltr'><strong>maxime</strong></span> <span class='ocrx_word' id='word_1_261' title='bbox 453 2128 504 2166; x_wconf 90' lang='lat' dir='ltr'><strong>sit</strong></span> <span class='ocrx_word' id='word_1_262' title='bbox 525 2129 748 2178; x_wconf 82' lang='lat' dir='ltr'><strong>fortitudo,</strong></span> <span class='ocrx_word' id='word_1_263' title='bbox 780 2129 964 2179; x_wconf 85' lang='lat' dir='ltr'><strong>ductum,</strong></span> <span class='ocrx_word' id='word_1_264' title='bbox 995 2130 1089 2169; x_wconf 87' lang='lat' dir='ltr'><strong>satis</strong></span> <span class='ocrx_word' id='word_1_265' title='bbox 1113 2132 1345 2182; x_wconf 85' lang='lat' dir='ltr'><strong>ostendere,</strong></span> <span class='ocrx_word' id='word_1_266' title='bbox 1376 2133 1528 2174; x_wconf 90' lang='lat' dir='ltr'><strong>doloris</strong></span> <span class='ocrx_word' id='word_1_267' title='bbox 1560 2151 1662 2176; x_wconf 89' lang='lat' dir='ltr'><strong>con-</strong></span> 
     </span>
     <span class='ocr_line' id='line_1_31' title="bbox 75 2196 1664 2253; baseline 0.007 -19"><span class='ocrx_word' id='word_1_268' title='bbox 75 2197 333 2249; x_wconf 82' lang='lat' dir='ltr'><strong>temptionem</strong></span> <span class='ocrx_word' id='word_1_269' title='bbox 357 2196 525 2235; x_wconf 84' lang='lat' dir='ltr'><strong>maxime</strong></span> <span class='ocrx_word' id='word_1_270' title='bbox 550 2197 753 2249; x_wconf 83' lang='lat' dir='ltr'><strong>pertinere</strong></span> <span class='ocrx_word' id='word_1_271' title='bbox 772 2198 822 2236; x_wconf 90' lang='lat' dir='ltr'><strong>ad</strong></span> <span class='ocrx_word' id='word_1_272' title='bbox 845 2198 1056 2248; x_wconf 87' lang='lat' dir='ltr'><strong>virtutem,</strong></span> <span class='ocrx_word' id='word_1_273' title='bbox 1087 2214 1214 2252; x_wconf 88' lang='lat' dir='ltr'><strong>neque</strong></span> <span class='ocrx_word' id='word_1_274' title='bbox 1237 2215 1474 2253; x_wconf 87' lang='lat' dir='ltr'><strong>quemquam</strong></span> <span class='ocrx_word' id='word_1_275' title='bbox 1498 2205 1664 2246; x_wconf 79' lang='lat' dir='ltr'><strong>virtutis</strong></span> 
     </span>
     <span class='ocr_line' id='line_1_32' title="bbox 77 2265 1664 2322; baseline 0.006 -19"><span class='ocrx_word' id='word_1_276' title='bbox 77 2272 300 2317; x_wconf 90' lang='lat' dir='ltr'><strong>compotem</strong></span> <span class='ocrx_word' id='word_1_277' title='bbox 318 2265 382 2304; x_wconf 88' lang='lat' dir='ltr'><strong>vel</strong></span> <span class='ocrx_word' id='word_1_278' title='bbox 403 2265 536 2304; x_wconf 90' lang='lat' dir='ltr'><strong>virum</strong></span> <span class='ocrx_word' id='word_1_279' title='bbox 552 2280 630 2304; x_wconf 92' lang='lat' dir='ltr'><strong>esse</strong></span> <span class='ocrx_word' id='word_1_280' title='bbox 649 2280 777 2318; x_wconf 87' lang='lat' dir='ltr'><strong>posse,</strong></span> <span class='ocrx_word' id='word_1_281' title='bbox 800 2267 879 2305; x_wconf 91' lang='lat' dir='ltr'><strong>nisi</strong></span> <span class='ocrx_word' id='word_1_282' title='bbox 899 2268 1080 2306; x_wconf 84' lang='lat' dir='ltr'><strong>dolorem</strong></span> <span class='ocrx_word' id='word_1_283' title='bbox 1101 2277 1342 2309; x_wconf 87' lang='lat' dir='ltr'><strong>contemnat.</strong></span> <span class='ocrx_word' id='word_1_284' title='bbox 1374 2285 1407 2309; x_wconf 91' lang='lat' dir='ltr'><strong>c.</strong></span> <span class='ocrx_word' id='word_1_285' title='bbox 1423 2276 1489 2311; x_wconf 89' lang='lat'><strong>18.</strong></span> <span class='ocrx_word' id='word_1_286' title='bbox 1529 2273 1664 2322; x_wconf 85' lang='lat' dir='ltr'><strong>Quae-</strong></span> 
     </span>
     <span class='ocr_line' id='line_1_33' title="bbox 75 2334 1663 2386; baseline 0.006 -15"><span class='ocrx_word' id='word_1_287' title='bbox 75 2334 198 2384; x_wconf 84' lang='lat' dir='ltr'><strong>ritur,</strong></span> <span class='ocrx_word' id='word_1_288' title='bbox 229 2347 311 2385; x_wconf 85' lang='lat' dir='ltr'><strong>quo</strong></span> <span class='ocrx_word' id='word_1_289' title='bbox 336 2334 456 2372; x_wconf 87' lang='lat' dir='ltr'><strong>modo</strong></span> <span class='ocrx_word' id='word_1_290' title='bbox 479 2335 585 2373; x_wconf 86' lang='lat' dir='ltr'><strong>ratio</strong></span> <span class='ocrx_word' id='word_1_291' title='bbox 605 2335 761 2386; x_wconf 87' lang='lat' dir='ltr'><strong>efficiat,</strong></span> <span class='ocrx_word' id='word_1_292' title='bbox 791 2343 839 2374; x_wconf 88' lang='lat' dir='ltr'><strong>ut</strong></span> <span class='ocrx_word' id='word_1_293' title='bbox 857 2336 974 2375; x_wconf 89' lang='lat' dir='ltr'><strong>dolor</strong></span> <span class='ocrx_word' id='word_1_294' title='bbox 996 2338 1215 2376; x_wconf 88' lang='lat' dir='ltr'><strong>tolerabilis</strong></span> <span class='ocrx_word' id='word_1_295' title='bbox 1238 2339 1320 2378; x_wconf 89' lang='lat' dir='ltr'><strong>fiat.</strong></span> <span class='ocrx_word' id='word_1_296' title='bbox 1379 2341 1564 2380; x_wconf 87' lang='lat' dir='ltr'><strong>Remedia</strong></span> <span class='ocrx_word' id='word_1_297' title='bbox 1586 2357 1663 2381; x_wconf 91' lang='lat' dir='ltr'><strong>au-</strong></span> 
     </span>
     <span class='ocr_line' id='line_1_34' title="bbox 76 2402 1662 2459; baseline 0.006 -20"><span class='ocrx_word' id='word_1_298' title='bbox 76 2408 152 2440; x_wconf 88' lang='lat' dir='ltr'><strong>tem</strong></span> <span class='ocrx_word' id='word_1_299' title='bbox 173 2402 326 2441; x_wconf 88' lang='lat' dir='ltr'><strong>doloris</strong></span> <span class='ocrx_word' id='word_1_300' title='bbox 347 2417 431 2441; x_wconf 88' lang='lat' dir='ltr'><strong>non</strong></span> <span class='ocrx_word' id='word_1_301' title='bbox 449 2410 544 2442; x_wconf 88' lang='lat' dir='ltr'><strong>sunt</strong></span> <span class='ocrx_word' id='word_1_302' title='bbox 564 2405 790 2455; x_wconf 90' lang='lat' dir='ltr'><strong>quaerenda</strong></span> <span class='ocrx_word' id='word_1_303' title='bbox 813 2406 862 2444; x_wconf 92' lang='lat' dir='ltr'><strong>ab</strong></span> <span class='ocrx_word' id='word_1_304' title='bbox 883 2406 1072 2458; x_wconf 87' lang='lat' dir='ltr'><strong>Epicuro,</strong></span> <span class='ocrx_word' id='word_1_305' title='bbox 1099 2408 1180 2458; x_wconf 91' lang='lat' dir='ltr'><strong>qui,</strong></span> <span class='ocrx_word' id='word_1_306' title='bbox 1207 2422 1331 2459; x_wconf 91' lang='lat' dir='ltr'><strong>quum</strong></span> <span class='ocrx_word' id='word_1_307' title='bbox 1355 2409 1533 2449; x_wconf 88' lang='lat' dir='ltr'><strong>dolorem</strong></span> <span class='ocrx_word' id='word_1_308' title='bbox 1551 2424 1662 2448; x_wconf 79' lang='lat' dir='ltr'><strong>suni-</strong></span> 
     </span>
     <span class='ocr_line' id='line_1_35' title="bbox 77 2471 1664 2528; baseline 0.005 -20"><span class='ocrx_word' id='word_1_309' title='bbox 77 2484 184 2509; x_wconf 89' lang='lat' dir='ltr'><strong>mum</strong></span> <span class='ocrx_word' id='word_1_310' title='bbox 206 2471 352 2510; x_wconf 85' lang='lat' dir='ltr'><strong>malum</strong></span> <span class='ocrx_word' id='word_1_311' title='bbox 375 2471 503 2522; x_wconf 87' lang='lat' dir='ltr'><strong>dicat,</strong></span> <span class='ocrx_word' id='word_1_312' title='bbox 543 2478 675 2511; x_wconf 89' lang='lat' dir='ltr'><strong>tamen</strong></span> <span class='ocrx_word' id='word_1_313' title='bbox 706 2473 924 2527; x_wconf 86' lang='lat' dir='ltr'><strong>praecipit:</strong></span> <span class='ocrx_word' id='word_1_314' title='bbox 974 2476 1160 2528; x_wconf 81' lang='lat' dir='ltr'><strong>„Neglige</strong></span> <span class='ocrx_word' id='word_1_315' title='bbox 1185 2477 1383 2528; x_wconf 70' lang='lat' dir='ltr'><strong>dolorem,</strong></span> <span class='ocrx_word' id='word_1_316' title='bbox 1424 2493 1515 2516; x_wconf 89' lang='lat' dir='ltr'><strong>nam</strong></span> <span class='ocrx_word' id='word_1_317' title='bbox 1546 2479 1664 2516; x_wconf 90' lang='lat' dir='ltr'><strong>dolor</strong></span> 
     </span>
     <span class='ocr_line' id='line_1_36' title="bbox 76 2540 1663 2596; baseline 0.004 -19"><span class='ocrx_word' id='word_1_318' title='bbox 76 2552 250 2578; x_wconf 88' lang='lat' dir='ltr'><strong>summus</strong></span> <span class='ocrx_word' id='word_1_319' title='bbox 274 2540 407 2579; x_wconf 89' lang='lat' dir='ltr'><strong>brevis</strong></span> <span class='ocrx_word' id='word_1_320' title='bbox 427 2548 486 2579; x_wconf 88' lang='lat' dir='ltr'><strong>est</strong></span> <span class='ocrx_word' id='word_1_321' title='bbox 509 2548 559 2591; x_wconf 84' lang='lat' dir='ltr'><strong>et,</strong></span> <span class='ocrx_word' id='word_1_322' title='bbox 587 2541 622 2579; x_wconf 86' lang='lat' dir='ltr'><strong>si</strong></span> <span class='ocrx_word' id='word_1_323' title='bbox 640 2549 697 2580; x_wconf 89' lang='lat' dir='ltr'><strong>est</strong></span> <span class='ocrx_word' id='word_1_324' title='bbox 719 2543 952 2593; x_wconf 88' lang='lat' dir='ltr'><strong>diuturnus,</strong></span> <span class='ocrx_word' id='word_1_325' title='bbox 984 2558 1067 2582; x_wconf 91' lang='lat' dir='ltr'><strong>non</strong></span> <span class='ocrx_word' id='word_1_326' title='bbox 1089 2551 1147 2583; x_wconf 90' lang='lat' dir='ltr'><strong>est</strong></span> <span class='ocrx_word' id='word_1_327' title='bbox 1168 2560 1356 2596; x_wconf 87' lang='lat' dir='ltr'><strong>summus,</strong></span> <span class='ocrx_word' id='word_1_328' title='bbox 1386 2553 1425 2585; x_wconf 87' lang='lat' dir='ltr'><strong>et</strong></span> <span class='ocrx_word' id='word_1_329' title='bbox 1440 2547 1561 2584; x_wconf 85' lang='lat' dir='ltr'><strong>habet</strong></span> <span class='ocrx_word' id='word_1_330' title='bbox 1577 2546 1663 2584; x_wconf 89' lang='lat' dir='ltr'><strong>lae-</strong></span> 
     </span>
     <span class='ocr_line' id='line_1_37' title="bbox 76 2607 1662 2667; baseline 0.006 -22"><span class='ocrx_word' id='word_1_331' title='bbox 76 2607 188 2647; x_wconf 84' lang='lat' dir='ltr'><strong>titiae</strong></span> <span class='ocrx_word' id='word_1_332' title='bbox 211 2609 321 2660; x_wconf 84' lang='lat' dir='ltr'><strong>pluS,</strong></span> <span class='ocrx_word' id='word_1_333' title='bbox 353 2623 471 2660; x_wconf 89' lang='lat' dir='ltr'><strong>quam</strong></span> <span class='ocrx_word' id='word_1_334' title='bbox 496 2610 740 2649; x_wconf 84' lang='lat' dir='ltr'><strong>molestiae.“</strong></span> <span class='ocrx_word' id='word_1_335' title='bbox 778 2626 812 2650; x_wconf 92' lang='lat' dir='ltr'><strong>c.</strong></span> <span class='ocrx_word' id='word_1_336' title='bbox 831 2616 896 2652; x_wconf 89' lang='lat'><strong>19.</strong></span> <span class='ocrx_word' id='word_1_337' title='bbox 955 2614 1132 2652; x_wconf 88' lang='lat' dir='ltr'><strong>Petenda</strong></span> <span class='ocrx_word' id='word_1_338' title='bbox 1159 2621 1218 2653; x_wconf 85' lang='lat' dir='ltr'><strong>est</strong></span> <span class='ocrx_word' id='word_1_339' title='bbox 1239 2615 1366 2667; x_wconf 84' lang='lat' dir='ltr'><strong>igitur</strong></span> <span class='ocrx_word' id='word_1_340' title='bbox 1389 2614 1583 2652; x_wconf 83' lang='lat' dir='ltr'><strong>medicina</strong></span> <span class='ocrx_word' id='word_1_341' title='bbox 1614 2616 1662 2654; x_wconf 85' lang='lat' dir='ltr'><strong>ab</strong></span> 
     </span>
     <span class='ocr_line' id='line_1_38' title="bbox 77 2675 1660 2735; baseline 0.005 -21"><span class='ocrx_word' id='word_1_342' title='bbox 77 2675 145 2726; x_wconf 90' lang='lat' dir='ltr'><strong>iis,</strong></span> <span class='ocrx_word' id='word_1_343' title='bbox 175 2677 335 2729; x_wconf 88' lang='lat' dir='ltr'><strong>quibus,</strong></span> <span class='ocrx_word' id='word_1_344' title='bbox 366 2678 479 2729; x_wconf 89' lang='lat' dir='ltr'><strong>quod</strong></span> <span class='ocrx_word' id='word_1_345' title='bbox 502 2678 713 2718; x_wconf 88' lang='lat' dir='ltr'><strong>honestum</strong></span> <span class='ocrx_word' id='word_1_346' title='bbox 736 2681 805 2731; x_wconf 87' lang='lat' dir='ltr'><strong>sit,</strong></span> <span class='ocrx_word' id='word_1_347' title='bbox 836 2695 1031 2720; x_wconf 87' lang='lat' dir='ltr'><strong>summum</strong></span> <span class='ocrx_word' id='word_1_348' title='bbox 1054 2683 1221 2735; x_wconf 70' lang='lat' dir='ltr'><strong>bonum,</strong></span> <span class='ocrx_word' id='word_1_349' title='bbox 1255 2684 1363 2735; x_wconf 86' lang='lat' dir='ltr'><strong>quod</strong></span> <span class='ocrx_word' id='word_1_350' title='bbox 1385 2690 1517 2734; x_wconf 88' lang='lat' dir='ltr'><strong>turpe,</strong></span> <span class='ocrx_word' id='word_1_351' title='bbox 1538 2697 1660 2722; x_wconf 84' lang='lat' dir='ltr'><strong>sum—</strong></span> 
     </span>
     <span class='ocr_line' id='line_1_39' title="bbox 78 2745 1660 2803; baseline 0.006 -21"><span class='ocrx_word' id='word_1_352' title='bbox 78 2757 184 2782; x_wconf 88' lang='lat' dir='ltr'><strong>mum</strong></span> <span class='ocrx_word' id='word_1_353' title='bbox 206 2745 372 2785; x_wconf 88' lang='lat' dir='ltr'><strong>videtur</strong></span> <span class='ocrx_word' id='word_1_354' title='bbox 399 2747 557 2786; x_wconf 87' lang='lat' dir='ltr'><strong>malum.</strong></span> <span class='ocrx_word' id='word_1_355' title='bbox 618 2749 738 2797; x_wconf 85' lang='lat' dir='ltr'><strong>Quod</strong></span> <span class='ocrx_word' id='word_1_356' title='bbox 769 2750 802 2788; x_wconf 83' lang='lat' dir='ltr'><strong>si</strong></span> <span class='ocrx_word' id='word_1_357' title='bbox 836 2750 953 2788; x_wconf 91' lang='lat' dir='ltr'><strong>nobis</strong></span> <span class='ocrx_word' id='word_1_358' title='bbox 983 2765 1220 2803; x_wconf 87' lang='lat' dir='ltr'><strong>persuasum</strong></span> <span class='ocrx_word' id='word_1_359' title='bbox 1243 2759 1319 2800; x_wconf 83' lang='lat' dir='ltr'><strong>est,</strong></span> <span class='ocrx_word' id='word_1_360' title='bbox 1358 2751 1559 2801; x_wconf 86' lang='lat' dir='ltr'><strong>reliquum</strong></span> <span class='ocrx_word' id='word_1_361' title='bbox 1589 2758 1660 2802; x_wconf 85' lang='lat' dir='ltr'><strong>est,</strong></span> 
     </span>
     <span class='ocr_line' id='line_1_40' title="bbox 78 2815 1659 2871; baseline 0.006 -20"><span class='ocrx_word' id='word_1_362' title='bbox 78 2819 127 2851; x_wconf 90' lang='lat' dir='ltr'><strong>ut</strong></span> <span class='ocrx_word' id='word_1_363' title='bbox 140 2820 248 2853; x_wconf 88' lang='lat' dir='ltr'><strong>certa</strong></span> <span class='ocrx_word' id='word_1_364' title='bbox 263 2815 456 2866; x_wconf 87' lang='lat' dir='ltr'><strong>quaedam</strong></span> <span class='ocrx_word' id='word_1_365' title='bbox 471 2817 640 2855; x_wconf 85' lang='lat' dir='ltr'><strong>rationis</strong></span> <span class='ocrx_word' id='word_1_366' title='bbox 656 2825 869 2871; x_wconf 86' lang='lat' dir='ltr'><strong>praecepta</strong></span> <span class='ocrx_word' id='word_1_367' title='bbox 888 2833 1112 2871; x_wconf 89' lang='lat' dir='ltr'><strong>sequamur.</strong></span> <span class='ocrx_word' id='word_1_368' title='bbox 1136 2836 1169 2859; x_wconf 90' lang='lat' dir='ltr'><strong>c.</strong></span> <span class='ocrx_word' id='word_1_369' title='bbox 1184 2825 1251 2860; x_wconf 85' lang='lat'><strong>20.</strong></span> <span class='ocrx_word' id='word_1_370' title='bbox 1278 2819 1420 2867; x_wconf 87' lang='lat' dir='ltr'><strong>Qualia</strong></span> <span class='ocrx_word' id='word_1_371' title='bbox 1435 2826 1529 2859; x_wconf 86' lang='lat' dir='ltr'><strong>sunt</strong></span> <span class='ocrx_word' id='word_1_372' title='bbox 1544 2820 1659 2860; x_wconf 89' lang='lat' dir='ltr'><strong>haec:</strong></span> 
     </span>
    </p>

    <p class='ocr_par' dir='ltr' id='par_1_8' title="bbox 82 2884 1661 3009">
     <span class='ocr_line' id='line_1_41' title="bbox 193 2884 1661 2940; baseline 0.005 -20"><span class='ocrx_word' id='word_1_373' title='bbox 193 2884 240 2931; x_wconf 80' lang='grc' dir='ltr'><strong>α)</strong></span> <span class='ocrx_word' id='word_1_374' title='bbox 270 2884 373 2922; x_wconf 84' lang='lat' dir='ltr'><strong>Tute</strong></span> <span class='ocrx_word' id='word_1_375' title='bbox 395 2885 472 2923; x_wconf 83' lang='lat' dir='ltr'><strong>tibi</strong></span> <span class='ocrx_word' id='word_1_376' title='bbox 492 2885 656 2938; x_wconf 88' lang='lat' dir='ltr'><strong>impera.</strong></span> <span class='ocrx_word' id='word_1_377' title='bbox 715 2887 813 2926; x_wconf 89' lang='lat' dir='ltr'><strong>Nam</strong></span> <span class='ocrx_word' id='word_1_378' title='bbox 844 2901 968 2939; x_wconf 89' lang='lat' dir='ltr'><strong>quum</strong></span> <span class='ocrx_word' id='word_1_379' title='bbox 999 2890 1153 2928; x_wconf 87' lang='lat' dir='ltr'><strong>animus</strong></span> <span class='ocrx_word' id='word_1_380' title='bbox 1179 2890 1232 2927; x_wconf 85' lang='lat' dir='ltr'><strong>sit</strong></span> <span class='ocrx_word' id='word_1_381' title='bbox 1256 2889 1300 2926; x_wconf 88' lang='lat' dir='ltr'><strong>in</strong></span> <span class='ocrx_word' id='word_1_382' title='bbox 1324 2894 1458 2940; x_wconf 85' lang='lat' dir='ltr'><strong>partes</strong></span> <span class='ocrx_word' id='word_1_383' title='bbox 1481 2889 1661 2928; x_wconf 88' lang='lat' dir='ltr'><strong>tributus</strong></span> 
     </span>
     <span class='ocr_line' id='line_1_42' title="bbox 82 2946 1660 3009; baseline 0.008 -23"><span class='ocrx_word' id='word_1_384' title='bbox 82 2946 200 2998; x_wconf 84' lang='lat' dir='ltr'><strong>duas,</strong></span> <span class='ocrx_word' id='word_1_385' title='bbox 229 2950 414 3003; x_wconf 85' lang='lat' dir='ltr'><strong>alteram,</strong></span> <span class='ocrx_word' id='word_1_386' title='bbox 442 2954 617 2993; x_wconf 88' lang='lat' dir='ltr'><strong>rationis</strong></span> <span class='ocrx_word' id='word_1_387' title='bbox 636 2956 895 3009; x_wconf 86' lang='lat' dir='ltr'><strong>participem,</strong></span> <span class='ocrx_word' id='word_1_388' title='bbox 924 2958 1090 2996; x_wconf 81' lang='lat' dir='ltr'><strong>alteram</strong></span> <span class='ocrx_word' id='word_1_389' title='bbox 1114 2963 1336 3009; x_wconf 81' lang='lat' dir='ltr'><strong>expertem3</strong></span> <span class='ocrx_word' id='word_1_390' title='bbox 1365 2957 1433 2996; x_wconf 87' lang='lat' dir='ltr'><strong>illa</strong></span> <span class='ocrx_word' id='word_1_391' title='bbox 1456 2957 1554 2998; x_wconf 89' lang='lat' dir='ltr'><strong>huic</strong></span> <span class='ocrx_word' id='word_1_392' title='bbox 1581 2959 1660 2998; x_wconf 88' lang='lat' dir='ltr'><strong>im-</strong></span> 
     </span>
    </p>
   </div>
  </div>
 </body>
</html>
