<?xml version="1.0" encoding="UTF-8"?>
<!DOCTYPE html PUBLIC "-//W3C//DTD XHTML 1.0 Transitional//EN"
    "http://www.w3.org/TR/xhtml1/DTD/xhtml1-transitional.dtd">
<html xmlns="http://www.w3.org/1999/xhtml" xml:lang="en" lang="en">
 <head>
  <title>
</title>
<meta http-equiv="Content-Type" content="text/html;charset=utf-8" />
  <meta name='ocr-system' content='tesseract 3.04.00' />
  <meta name='ocr-capabilities' content='ocr_page ocr_carea ocr_par ocr_line ocrx_word'/>
</head>
<body>
  <div class='ocr_page' id='page_1' title='image "./tusculanarumdi00ciceuoft_0038.png"; bbox 0 0 1811 3053; ppageno 0'>
   <div class='ocr_carea' id='block_1_1' title="bbox 112 43 1078 85">
    <p class='ocr_par' dir='ltr' id='par_1_1' title="bbox 112 43 1078 85">
     <span class='ocr_line' id='line_1_1' title="bbox 112 43 1078 85; baseline 0.005 -7"><span class='ocrx_word' id='word_1_1' title='bbox 112 43 170 85; x_wconf 68' lang='lat'>28</span> <span class='ocrx_word' id='word_1_2' title='bbox 730 47 1078 84; x_wconf 82' lang='lat' dir='ltr'><strong>PROLEGOMENA.</strong></span> 
     </span>
    </p>
   </div>
   <div class='ocr_carea' id='block_1_2' title="bbox 111 123 1693 1831">
    <p class='ocr_par' dir='ltr' id='par_1_2' title="bbox 112 123 1692 666">
     <span class='ocr_line' id='line_1_2' title="bbox 113 123 1688 183; baseline -0.001 -9"><span class='ocrx_word' id='word_1_3' title='bbox 113 142 178 174; x_wconf 83' lang='lat' dir='ltr'>tus</span> <span class='ocrx_word' id='word_1_4' title='bbox 201 134 393 173; x_wconf 85' lang='lat' dir='ltr'>amicitiae</span> <span class='ocrx_word' id='word_1_5' title='bbox 418 131 625 171; x_wconf 84' lang='lat' dir='ltr'>faciundae</span> <span class='ocrx_word' id='word_1_6' title='bbox 651 123 698 169; x_wconf 73' lang='lat' dir='ltr'>ex</span> <span class='ocrx_word' id='word_1_7' title='bbox 722 130 1038 182; x_wconf 86' lang='lat' dir='ltr'>pulchritudinis</span> <span class='ocrx_word' id='word_1_8' title='bbox 1065 132 1195 183; x_wconf 88' lang='lat' dir='ltr'>specie</span> <span class='ocrx_word' id='word_1_9' title='bbox 1221 132 1455 183; x_wconf 85' lang='lat' dir='ltr'>definiatur,</span> <span class='ocrx_word' id='word_1_10' title='bbox 1495 146 1583 172; x_wconf 87' lang='lat' dir='ltr'>eum</span> <span class='ocrx_word' id='word_1_11' title='bbox 1612 135 1688 173; x_wconf 85' lang='lat' dir='ltr'>de-</span> 
     </span>
     <span class='ocr_line' id='line_1_3' title="bbox 113 189 1690 256; baseline -0.002 -13"><span class='ocrx_word' id='word_1_12' title='bbox 113 204 223 243; x_wconf 78' lang='lat' dir='ltr'>fendi</span> <span class='ocrx_word' id='word_1_13' title='bbox 253 217 385 256; x_wconf 71' lang='lat' dir='ltr'>posse,</span> <span class='ocrx_word' id='word_1_14' title='bbox 416 202 477 239; x_wconf 89' lang='lat' dir='ltr'>sin</span> <span class='ocrx_word' id='word_1_15' title='bbox 509 207 656 248; x_wconf 87' lang='lat' dir='ltr'>autem,</span> <span class='ocrx_word' id='word_1_16' title='bbox 686 206 734 237; x_wconf 89' lang='lat' dir='ltr'>ut</span> <span class='ocrx_word' id='word_1_17' title='bbox 755 199 878 250; x_wconf 75' lang='lat' dir='ltr'>vulgo</span> <span class='ocrx_word' id='word_1_18' title='bbox 903 206 979 250; x_wconf 84' lang='lat' dir='ltr'>est,</span> <span class='ocrx_word' id='word_1_19' title='bbox 1008 200 1175 238; x_wconf 85' lang='lat' dir='ltr'>libidine</span> <span class='ocrx_word' id='word_1_20' title='bbox 1198 215 1281 239; x_wconf 87' lang='lat' dir='ltr'>non</span> <span class='ocrx_word' id='word_1_21' title='bbox 1303 207 1437 251; x_wconf 83' lang='lat' dir='ltr'>vacet,</span> <span class='ocrx_word' id='word_1_22' title='bbox 1467 215 1556 240; x_wconf 83' lang='lat' dir='ltr'>eum</span> <span class='ocrx_word' id='word_1_23' title='bbox 1585 189 1690 240; x_wconf 77' lang='lat' dir='ltr'>nihil</span> 
     </span>
     <span class='ocr_line' id='line_1_4' title="bbox 114 268 1689 322; baseline -0.003 -10"><span class='ocrx_word' id='word_1_24' title='bbox 114 281 184 312; x_wconf 85' lang='lat' dir='ltr'>aut</span> <span class='ocrx_word' id='word_1_25' title='bbox 202 287 283 311; x_wconf 90' lang='lat' dir='ltr'>non</span> <span class='ocrx_word' id='word_1_26' title='bbox 304 271 471 309; x_wconf 87' lang='lat' dir='ltr'>multum</span> <span class='ocrx_word' id='word_1_27' title='bbox 491 270 621 307; x_wconf 87' lang='lat' dir='ltr'>abesse</span> <span class='ocrx_word' id='word_1_28' title='bbox 639 269 686 305; x_wconf 89' lang='lat' dir='ltr'>ab</span> <span class='ocrx_word' id='word_1_29' title='bbox 708 268 863 305; x_wconf 85' lang='lat' dir='ltr'>insania</span> <span class='ocrx_word' id='word_1_30' title='bbox 883 274 922 306; x_wconf 88' lang='lat' dir='ltr'>et</span> <span class='ocrx_word' id='word_1_31' title='bbox 942 268 1093 307; x_wconf 88' lang='lat' dir='ltr'>idcirco</span> <span class='ocrx_word' id='word_1_32' title='bbox 1114 269 1231 320; x_wconf 89' lang='lat' dir='ltr'>plane</span> <span class='ocrx_word' id='word_1_33' title='bbox 1247 270 1527 322; x_wconf 85' lang='lat' dir='ltr'>respuendum,</span> <span class='ocrx_word' id='word_1_34' title='bbox 1551 271 1689 309; x_wconf 84' lang='lat' dir='ltr'>Cicero</span> 
     </span>
     <span class='ocr_line' id='line_1_5' title="bbox 112 335 1688 389; baseline -0.002 -9"><span class='ocrx_word' id='word_1_35' title='bbox 112 342 279 380; x_wconf 87' lang='lat' dir='ltr'>iudicat.</span> <span class='ocrx_word' id='word_1_36' title='bbox 322 354 355 377; x_wconf 88' lang='lat' dir='ltr'>c.</span> <span class='ocrx_word' id='word_1_37' title='bbox 383 341 451 377; x_wconf 80' lang='grc'>54.</span> <span class='ocrx_word' id='word_1_38' title='bbox 509 336 674 375; x_wconf 83' lang='lat' dir='ltr'>Curatio</span> <span class='ocrx_word' id='word_1_39' title='bbox 708 335 830 374; x_wconf 87' lang='lat' dir='ltr'>huius</span> <span class='ocrx_word' id='word_1_40' title='bbox 867 337 1199 388; x_wconf 83' lang='lat' dir='ltr'>perturbationis.</span> <span class='ocrx_word' id='word_1_41' title='bbox 1241 352 1274 376; x_wconf 92' lang='lat' dir='ltr'>c.</span> <span class='ocrx_word' id='word_1_42' title='bbox 1301 342 1370 377; x_wconf 81' lang='lat'>55.</span> <span class='ocrx_word' id='word_1_43' title='bbox 1437 337 1482 389; x_wconf 90' lang='grc' dir='ltr'>β)</span> <span class='ocrx_word' id='word_1_44' title='bbox 1512 340 1580 377; x_wconf 90' lang='lat' dir='ltr'>De</span> <span class='ocrx_word' id='word_1_45' title='bbox 1609 341 1688 378; x_wconf 81' lang='grc' dir='ltr'><em>ι’να.</em></span> 
     </span>
     <span class='ocr_line' id='line_1_6' title="bbox 112 405 1692 457; baseline -0.003 -8"><span class='ocrx_word' id='word_1_46' title='bbox 112 411 176 449; x_wconf 89' lang='lat' dir='ltr'>Ira</span> <span class='ocrx_word' id='word_1_47' title='bbox 204 408 357 447; x_wconf 87' lang='lat' dir='ltr'>insania</span> <span class='ocrx_word' id='word_1_48' title='bbox 379 413 454 454; x_wconf 85' lang='lat' dir='ltr'>est,</span> <span class='ocrx_word' id='word_1_49' title='bbox 485 405 534 443; x_wconf 88' lang='lat' dir='ltr'>ad</span> <span class='ocrx_word' id='word_1_50' title='bbox 558 406 722 457; x_wconf 88' lang='lat' dir='ltr'>pessima</span> <span class='ocrx_word' id='word_1_51' title='bbox 755 418 932 456; x_wconf 89' lang='lat' dir='ltr'>quaeque</span> <span class='ocrx_word' id='word_1_52' title='bbox 962 405 1114 456; x_wconf 84' lang='lat' dir='ltr'>flagitia</span> <span class='ocrx_word' id='word_1_53' title='bbox 1139 407 1336 457; x_wconf 87' lang='lat' dir='ltr'>patranda</span> <span class='ocrx_word' id='word_1_54' title='bbox 1361 406 1518 446; x_wconf 85' lang='lat' dir='ltr'>idonea.</span> <span class='ocrx_word' id='word_1_55' title='bbox 1574 406 1692 445; x_wconf 85' lang='lat' dir='ltr'>Iratis</span> 
     </span>
     <span class='ocr_line' id='line_1_7' title="bbox 112 473 1692 530; baseline -0.001 -14"><span class='ocrx_word' id='word_1_56' title='bbox 112 479 239 530; x_wconf 85' lang='lat' dir='ltr'>igitur</span> <span class='ocrx_word' id='word_1_57' title='bbox 262 474 527 515; x_wconf 88' lang='lat' dir='ltr'>subtrahendi</span> <span class='ocrx_word' id='word_1_58' title='bbox 553 480 647 511; x_wconf 87' lang='lat' dir='ltr'>sunt</span> <span class='ocrx_word' id='word_1_59' title='bbox 670 474 711 522; x_wconf 89' lang='lat' dir='ltr'>ii,</span> <span class='ocrx_word' id='word_1_60' title='bbox 742 473 785 510; x_wconf 90' lang='lat' dir='ltr'>in</span> <span class='ocrx_word' id='word_1_61' title='bbox 806 487 905 524; x_wconf 91' lang='lat' dir='ltr'>quos</span> <span class='ocrx_word' id='word_1_62' title='bbox 930 473 1119 525; x_wconf 86' lang='lat' dir='ltr'>impetum</span> <span class='ocrx_word' id='word_1_63' title='bbox 1144 481 1345 513; x_wconf 86' lang='lat' dir='ltr'>conantur</span> <span class='ocrx_word' id='word_1_64' title='bbox 1366 476 1506 526; x_wconf 83' lang='lat' dir='ltr'>facere,</span> <span class='ocrx_word' id='word_1_65' title='bbox 1536 475 1633 514; x_wconf 86' lang='lat' dir='ltr'>dum</span> <span class='ocrx_word' id='word_1_66' title='bbox 1652 488 1692 513; x_wconf 87' lang='lat' dir='ltr'>se</span> 
     </span>
     <span class='ocr_line' id='line_1_8' title="bbox 113 541 1691 598; baseline -0.001 -14"><span class='ocrx_word' id='word_1_67' title='bbox 113 547 191 598; x_wconf 89' lang='lat' dir='ltr'>ipsi</span> <span class='ocrx_word' id='word_1_68' title='bbox 215 545 415 595; x_wconf 79' lang='lat' dir='ltr'>colligant.</span> <span class='ocrx_word' id='word_1_69' title='bbox 447 557 480 581; x_wconf 91' lang='lat' dir='ltr'>c.</span> <span class='ocrx_word' id='word_1_70' title='bbox 505 546 573 581; x_wconf 84' lang='lat'>56.</span> <span class='ocrx_word' id='word_1_71' title='bbox 631 542 695 580; x_wconf 85' lang='lat' dir='ltr'>Ira</span> <span class='ocrx_word' id='word_1_72' title='bbox 721 541 846 593; x_wconf 84' lang='lat' dir='ltr'>igitur</span> <span class='ocrx_word' id='word_1_73' title='bbox 869 556 949 579; x_wconf 88' lang='lat' dir='ltr'>non</span> <span class='ocrx_word' id='word_1_74' title='bbox 974 549 1106 593; x_wconf 88' lang='lat' dir='ltr'>potest</span> <span class='ocrx_word' id='word_1_75' title='bbox 1138 557 1218 581; x_wconf 85' lang='lat' dir='ltr'>esse</span> <span class='ocrx_word' id='word_1_76' title='bbox 1242 543 1352 581; x_wconf 85' lang='lat' dir='ltr'>utilis</span> <span class='ocrx_word' id='word_1_77' title='bbox 1378 549 1450 582; x_wconf 87' lang='lat' dir='ltr'>aut</span> <span class='ocrx_word' id='word_1_78' title='bbox 1478 543 1691 594; x_wconf 81' lang='lat' dir='ltr'>naturalis5</span> 
     </span>
     <span class='ocr_line' id='line_1_9' title="bbox 113 609 1601 666; baseline -0.003 -14"><span class='ocrx_word' id='word_1_79' title='bbox 113 615 229 652; x_wconf 90' lang='lat' dir='ltr'>immo</span> <span class='ocrx_word' id='word_1_80' title='bbox 262 612 475 666; x_wconf 88' lang='lat' dir='ltr'>opinabilis</span> <span class='ocrx_word' id='word_1_81' title='bbox 506 617 564 649; x_wconf 86' lang='lat' dir='ltr'>est</span> <span class='ocrx_word' id='word_1_82' title='bbox 594 625 638 648; x_wconf 88' lang='lat' dir='ltr'>ac</span> <span class='ocrx_word' id='word_1_83' title='bbox 667 610 914 648; x_wconf 80' lang='lat' dir='ltr'>voluntaria.</span> <span class='ocrx_word' id='word_1_84' title='bbox 955 625 987 648; x_wconf 81' lang='lat' dir='ltr'>c.</span> <span class='ocrx_word' id='word_1_85' title='bbox 1009 615 1078 650; x_wconf 84' lang='lat'>57.</span> <span class='ocrx_word' id='word_1_86' title='bbox 1106 609 1146 663; x_wconf 52' lang='grc' dir='ltr'>ἕ.</span> <span class='ocrx_word' id='word_1_87' title='bbox 1169 615 1236 651; x_wconf 85' lang='grc'>79.</span> <span class='ocrx_word' id='word_1_88' title='bbox 1600 657 1601 660; x_wconf 12' lang='lat'>¹</span> 
     </span>
    </p>

    <p class='ocr_par' dir='ltr' id='par_1_3' title="bbox 111 678 1693 1214">
     <span class='ocr_line' id='line_1_10' title="bbox 226 678 1693 732; baseline -0.001 -12"><span class='ocrx_word' id='word_1_89' title='bbox 226 697 260 720; x_wconf 88' lang='lat' dir='ltr'>c.</span> <span class='ocrx_word' id='word_1_90' title='bbox 318 681 453 731; x_wconf 88' lang='lat' dir='ltr'>Itaque</span> <span class='ocrx_word' id='word_1_91' title='bbox 481 686 528 717; x_wconf 86' lang='lat' dir='ltr'>ut</span> <span class='ocrx_word' id='word_1_92' title='bbox 553 679 875 730; x_wconf 76' lang='lat' dir='ltr'>perturbationes</span> <span class='ocrx_word' id='word_1_93' title='bbox 906 678 1024 716; x_wconf 89' lang='lat' dir='ltr'>animi</span> <span class='ocrx_word' id='word_1_94' title='bbox 1054 693 1103 717; x_wconf 78' lang='lat' dir='ltr'>ex</span> <span class='ocrx_word' id='word_1_95' title='bbox 1139 694 1276 718; x_wconf 85' lang='lat' dir='ltr'>errore</span> <span class='ocrx_word' id='word_1_96' title='bbox 1308 687 1347 719; x_wconf 91' lang='lat' dir='ltr'>et</span> <span class='ocrx_word' id='word_1_97' title='bbox 1375 680 1472 719; x_wconf 87' lang='lat' dir='ltr'>falsa</span> <span class='ocrx_word' id='word_1_98' title='bbox 1501 680 1693 732; x_wconf 88' lang='lat' dir='ltr'>opinione</span> 
     </span>
     <span class='ocr_line' id='line_1_11' title="bbox 112 747 1689 800; baseline -0.003 -10"><span class='ocrx_word' id='word_1_99' title='bbox 112 752 323 800; x_wconf 69' lang='lat' dir='ltr'>oriuntur,</span> <span class='ocrx_word' id='word_1_100' title='bbox 354 750 411 787; x_wconf 87' lang='lat' dir='ltr'>ita</span> <span class='ocrx_word' id='word_1_101' title='bbox 434 748 676 796; x_wconf 84' lang='lat' dir='ltr'>constantia,</span> <span class='ocrx_word' id='word_1_102' title='bbox 708 748 753 785; x_wconf 90' lang='lat' dir='ltr'>iis</span> <span class='ocrx_word' id='word_1_103' title='bbox 779 747 1001 796; x_wconf 83' lang='lat' dir='ltr'>contraria,</span> <span class='ocrx_word' id='word_1_104' title='bbox 1031 748 1194 786; x_wconf 87' lang='lat' dir='ltr'>scientia</span> <span class='ocrx_word' id='word_1_105' title='bbox 1219 749 1380 788; x_wconf 89' lang='lat' dir='ltr'>nititur.</span> <span class='ocrx_word' id='word_1_106' title='bbox 1408 771 1462 777; x_wconf 91' lang='lat'>—</span> <span class='ocrx_word' id='word_1_107' title='bbox 1507 749 1589 796; x_wconf 82' lang='lat' dir='ltr'>Qui</span> <span class='ocrx_word' id='word_1_108' title='bbox 1613 762 1689 786; x_wconf 93' lang='lat' dir='ltr'>au-</span> 
     </span>
     <span class='ocr_line' id='line_1_12' title="bbox 111 816 1689 867; baseline -0.002 -9"><span class='ocrx_word' id='word_1_109' title='bbox 111 827 191 859; x_wconf 87' lang='lat' dir='ltr'>tem</span> <span class='ocrx_word' id='word_1_110' title='bbox 215 826 358 857; x_wconf 89' lang='lat' dir='ltr'>natura</span> <span class='ocrx_word' id='word_1_111' title='bbox 378 817 428 855; x_wconf 87' lang='lat' dir='ltr'>ad</span> <span class='ocrx_word' id='word_1_112' title='bbox 451 817 551 855; x_wconf 62' lang='lat' dir='ltr'>mia</span> <span class='ocrx_word' id='word_1_113' title='bbox 575 816 765 867; x_wconf 84' lang='lat' dir='ltr'>quaedam</span> <span class='ocrx_word' id='word_1_114' title='bbox 787 816 986 867; x_wconf 82' lang='lat' dir='ltr'>proclives</span> <span class='ocrx_word' id='word_1_115' title='bbox 1011 823 1126 866; x_wconf 87' lang='lat' dir='ltr'>sunt,</span> <span class='ocrx_word' id='word_1_116' title='bbox 1158 825 1288 855; x_wconf 87' lang='lat' dir='ltr'>tamen</span> <span class='ocrx_word' id='word_1_117' title='bbox 1315 831 1452 856; x_wconf 89' lang='lat' dir='ltr'>eorum</span> <span class='ocrx_word' id='word_1_118' title='bbox 1472 817 1593 856; x_wconf 84' lang='lat' dir='ltr'>animi</span> <span class='ocrx_word' id='word_1_119' title='bbox 1623 831 1689 855; x_wconf 91' lang='lat' dir='ltr'>sa-</span> 
     </span>
     <span class='ocr_line' id='line_1_13' title="bbox 111 884 1691 937; baseline -0.002 -10"><span class='ocrx_word' id='word_1_120' title='bbox 111 888 262 928; x_wconf 88' lang='lat' dir='ltr'>nabiles</span> <span class='ocrx_word' id='word_1_121' title='bbox 286 893 392 925; x_wconf 83' lang='lat' dir='ltr'>sunt.</span> <span class='ocrx_word' id='word_1_122' title='bbox 439 885 670 936; x_wconf 73' lang='lat' dir='ltr'>Exemplum</span> <span class='ocrx_word' id='word_1_123' title='bbox 691 885 879 923; x_wconf 88' lang='lat' dir='ltr'>Socratis.</span> <span class='ocrx_word' id='word_1_124' title='bbox 940 884 1020 931; x_wconf 81' lang='lat' dir='ltr'>Qui</span> <span class='ocrx_word' id='word_1_125' title='bbox 1043 892 1173 923; x_wconf 89' lang='lat' dir='ltr'>autem</span> <span class='ocrx_word' id='word_1_126' title='bbox 1193 901 1273 924; x_wconf 86' lang='lat' dir='ltr'>non</span> <span class='ocrx_word' id='word_1_127' title='bbox 1296 893 1452 936; x_wconf 87' lang='lat' dir='ltr'>natura,</span> <span class='ocrx_word' id='word_1_128' title='bbox 1482 886 1549 925; x_wconf 91' lang='lat' dir='ltr'>sed</span> <span class='ocrx_word' id='word_1_129' title='bbox 1572 886 1691 937; x_wconf 84' lang='lat' dir='ltr'>culpa</span> 
     </span>
     <span class='ocr_line' id='line_1_14' title="bbox 112 953 1692 1006; baseline -0.002 -11"><span class='ocrx_word' id='word_1_130' title='bbox 112 957 251 996; x_wconf 88' lang='lat' dir='ltr'>vitiosi</span> <span class='ocrx_word' id='word_1_131' title='bbox 275 962 388 1003; x_wconf 80' lang='lat' dir='ltr'>sunt,</span> <span class='ocrx_word' id='word_1_132' title='bbox 419 967 557 992; x_wconf 87' lang='lat' dir='ltr'>eorum</span> <span class='ocrx_word' id='word_1_133' title='bbox 590 953 691 991; x_wconf 71' lang='lat' dir='ltr'>vitia</span> <span class='ocrx_word' id='word_1_134' title='bbox 718 953 871 990; x_wconf 83' lang='lat' dir='ltr'>facilius</span> <span class='ocrx_word' id='word_1_135' title='bbox 905 953 1037 990; x_wconf 81' lang='lat' dir='ltr'>sanari</span> <span class='ocrx_word' id='word_1_136' title='bbox 1067 961 1254 1004; x_wconf 85' lang='lat' dir='ltr'>possunt,</span> <span class='ocrx_word' id='word_1_137' title='bbox 1286 956 1477 1006; x_wconf 85' lang='lat' dir='ltr'>quoniam</span> <span class='ocrx_word' id='word_1_138' title='bbox 1506 960 1692 993; x_wconf 84' lang='lat' dir='ltr'>constant</span> 
     </span>
     <span class='ocr_line' id='line_1_15' title="bbox 112 1022 1690 1075; baseline -0.003 -12"><span class='ocrx_word' id='word_1_139' title='bbox 112 1038 134 1063; x_wconf 85' lang='lat' dir='ltr'>e</span> <span class='ocrx_word' id='word_1_140' title='bbox 160 1025 266 1062; x_wconf 85' lang='lat' dir='ltr'>salsis</span> <span class='ocrx_word' id='word_1_141' title='bbox 290 1023 545 1075; x_wconf 87' lang='lat' dir='ltr'>opinionibus</span> <span class='ocrx_word' id='word_1_142' title='bbox 576 1035 709 1059; x_wconf 85' lang='lat' dir='ltr'>rerum</span> <span class='ocrx_word' id='word_1_143' title='bbox 743 1022 939 1058; x_wconf 82' lang='lat' dir='ltr'>bonarum</span> <span class='ocrx_word' id='word_1_144' title='bbox 969 1027 1007 1058; x_wconf 88' lang='lat' dir='ltr'>et</span> <span class='ocrx_word' id='word_1_145' title='bbox 1034 1022 1246 1071; x_wconf 88' lang='lat' dir='ltr'>malarum,</span> <span class='ocrx_word' id='word_1_146' title='bbox 1277 1023 1518 1062; x_wconf 82' lang='lat' dir='ltr'>inveteratio</span> <span class='ocrx_word' id='word_1_147' title='bbox 1547 1029 1690 1072; x_wconf 88' lang='lat' dir='ltr'>autem,</span> 
     </span>
     <span class='ocr_line' id='line_1_16' title="bbox 112 1088 1689 1150; baseline -0.001 -19"><span class='ocrx_word' id='word_1_148' title='bbox 112 1100 160 1131; x_wconf 89' lang='lat' dir='ltr'>ut</span> <span class='ocrx_word' id='word_1_149' title='bbox 185 1093 228 1130; x_wconf 90' lang='lat' dir='ltr'>in</span> <span class='ocrx_word' id='word_1_150' title='bbox 254 1091 511 1142; x_wconf 85' lang='lat' dir='ltr'>corporibus,</span> <span class='ocrx_word' id='word_1_151' title='bbox 543 1089 696 1140; x_wconf 83' lang='lat' dir='ltr'>aegrius</span> <span class='ocrx_word' id='word_1_152' title='bbox 721 1088 948 1140; x_wconf 85' lang='lat' dir='ltr'>depellitur,</span> <span class='ocrx_word' id='word_1_153' title='bbox 983 1103 1099 1140; x_wconf 88' lang='lat' dir='ltr'>quam</span> <span class='ocrx_word' id='word_1_154' title='bbox 1122 1091 1523 1150; x_wconf 35' lang='lat' dir='ltr'>pertu1*batio,·quae</span> <span class='ocrx_word' id='word_1_155' title='bbox 1547 1097 1605 1130; x_wconf 87' lang='lat' dir='ltr'>est</span> <span class='ocrx_word' id='word_1_156' title='bbox 1622 1104 1689 1129; x_wconf 90' lang='lat' dir='ltr'>re-</span> 
     </span>
     <span class='ocr_line' id='line_1_17' title="bbox 111 1155 937 1214; baseline -0.005 -14"><span class='ocrx_word' id='word_1_157' title='bbox 111 1161 275 1214; x_wconf 86' lang='lat' dir='ltr'>pentina</span> <span class='ocrx_word' id='word_1_158' title='bbox 307 1159 426 1197; x_wconf 86' lang='lat' dir='ltr'>animi</span> <span class='ocrx_word' id='word_1_159' title='bbox 458 1158 681 1196; x_wconf 83' lang='lat' dir='ltr'>commotio.</span> <span class='ocrx_word' id='word_1_160' title='bbox 716 1155 757 1208; x_wconf 74' lang='lat'>§.</span> <span class='ocrx_word' id='word_1_161' title='bbox 779 1161 846 1196; x_wconf 89' lang='grc'>80.</span> <span class='ocrx_word' id='word_1_162' title='bbox 869 1161 937 1196; x_wconf 86' lang='grc'>81.</span> 
     </span>
    </p>

    <p class='ocr_par' dir='ltr' id='par_1_4' title="bbox 111 1227 1692 1831">
     <span class='ocr_line' id='line_1_18' title="bbox 226 1227 1691 1280; baseline -0.001 -13"><span class='ocrx_word' id='word_1_163' title='bbox 226 1230 288 1267; x_wconf 83' lang='grc' dir='ltr'><strong>ΙΙΙ.</strong></span> <span class='ocrx_word' id='word_1_164' title='bbox 320 1230 539 1266; x_wconf 57' lang='lat' dir='ltr'>Cosam-10</span> <span class='ocrx_word' id='word_1_165' title='bbox 561 1240 701 1264; x_wconf 83' lang='lat' dir='ltr'>&#39;rOTlUs</span> <span class='ocrx_word' id='word_1_166' title='bbox 720 1239 1035 1264; x_wconf 69' lang='lat' dir='ltr'><strong>DISPUTATIONIS.</strong></span> <span class='ocrx_word' id='word_1_167' title='bbox 1081 1227 1238 1265; x_wconf 86' lang='lat' dir='ltr'>Summa</span> <span class='ocrx_word' id='word_1_168' title='bbox 1258 1227 1384 1266; x_wconf 89' lang='lat' dir='ltr'>totius</span> <span class='ocrx_word' id='word_1_169' title='bbox 1405 1227 1691 1280; x_wconf 83' lang='lat' dir='ltr'>disputationis</span> 
     </span>
     <span class='ocr_line' id='line_1_19' title="bbox 114 1295 1692 1350; baseline -0.001 -14"><span class='ocrx_word' id='word_1_170' title='bbox 114 1312 229 1350; x_wconf 68' lang='lat' dir='ltr'>quam</span> <span class='ocrx_word' id='word_1_171' title='bbox 255 1296 387 1348; x_wconf 86' lang='lat' dir='ltr'>capita</span> <span class='ocrx_word' id='word_1_172' title='bbox 414 1301 675 1347; x_wconf 88' lang='lat' dir='ltr'>repetuntur:</span> <span class='ocrx_word' id='word_1_173' title='bbox 713 1307 845 1331; x_wconf 87' lang='lat' dir='ltr'>omnes</span> <span class='ocrx_word' id='word_1_174' title='bbox 870 1295 1195 1345; x_wconf 84' lang='lat' dir='ltr'>perturbationes</span> <span class='ocrx_word' id='word_1_175' title='bbox 1230 1296 1331 1334; x_wconf 89' lang='lat' dir='ltr'>oriri</span> <span class='ocrx_word' id='word_1_176' title='bbox 1359 1310 1409 1334; x_wconf 82' lang='lat' dir='ltr'>ex</span> <span class='ocrx_word' id='word_1_177' title='bbox 1431 1297 1622 1349; x_wconf 90' lang='lat' dir='ltr'>opinione</span> <span class='ocrx_word' id='word_1_178' title='bbox 1652 1301 1692 1334; x_wconf 82' lang='lat' dir='ltr'>et</span> 
     </span>
     <span class='ocr_line' id='line_1_20' title="bbox 111 1363 1692 1417; baseline -0.001 -12"><span class='ocrx_word' id='word_1_179' title='bbox 111 1365 364 1406; x_wconf 87' lang='lat' dir='ltr'>voluntarias</span> <span class='ocrx_word' id='word_1_180' title='bbox 382 1378 477 1413; x_wconf 78' lang='lat' dir='ltr'>esse3</span> <span class='ocrx_word' id='word_1_181' title='bbox 501 1363 677 1401; x_wconf 89' lang='lat' dir='ltr'>onmium</span> <span class='ocrx_word' id='word_1_182' title='bbox 699 1369 829 1400; x_wconf 87' lang='lat' dir='ltr'>autem</span> <span class='ocrx_word' id='word_1_183' title='bbox 848 1363 1118 1414; x_wconf 85' lang='lat' dir='ltr'>gravissimam</span> <span class='ocrx_word' id='word_1_184' title='bbox 1136 1378 1215 1403; x_wconf 90' lang='lat' dir='ltr'>esse</span> <span class='ocrx_word' id='word_1_185' title='bbox 1236 1365 1543 1417; x_wconf 80' lang='lat' dir='ltr'>aegritudinem3</span> <span class='ocrx_word' id='word_1_186' title='bbox 1568 1365 1692 1403; x_wconf 83' lang='lat' dir='ltr'>huius</span> 
     </span>
     <span class='ocr_line' id='line_1_21' title="bbox 113 1431 1691 1483; baseline -0.002 -10"><span class='ocrx_word' id='word_1_187' title='bbox 113 1441 244 1473; x_wconf 89' lang='lat' dir='ltr'>autem</span> <span class='ocrx_word' id='word_1_188' title='bbox 268 1440 307 1471; x_wconf 89' lang='lat' dir='ltr'>et</span> <span class='ocrx_word' id='word_1_189' title='bbox 330 1433 577 1483; x_wconf 87' lang='lat' dir='ltr'>reliquorum</span> <span class='ocrx_word' id='word_1_190' title='bbox 604 1431 725 1469; x_wconf 88' lang='lat' dir='ltr'>animi</span> <span class='ocrx_word' id='word_1_191' title='bbox 754 1432 987 1470; x_wconf 86' lang='lat' dir='ltr'>morborum</span> <span class='ocrx_word' id='word_1_192' title='bbox 1012 1446 1131 1470; x_wconf 88' lang='lat' dir='ltr'>unam</span> <span class='ocrx_word' id='word_1_193' title='bbox 1161 1446 1241 1471; x_wconf 84' lang='lat' dir='ltr'>esse</span> <span class='ocrx_word' id='word_1_194' title='bbox 1265 1434 1526 1482; x_wconf 85' lang='lat' dir='ltr'>sanationem,</span> <span class='ocrx_word' id='word_1_195' title='bbox 1558 1435 1691 1471; x_wconf 76' lang='lat' dir='ltr'>ohines</span> 
     </span>
     <span class='ocr_line' id='line_1_22' title="bbox 114 1500 1691 1555; baseline -0.001 -14"><span class='ocrx_word' id='word_1_196' title='bbox 114 1503 333 1555; x_wconf 90' lang='lat' dir='ltr'>opinabiles</span> <span class='ocrx_word' id='word_1_197' title='bbox 361 1514 440 1539; x_wconf 91' lang='lat' dir='ltr'>esse</span> <span class='ocrx_word' id='word_1_198' title='bbox 463 1507 502 1539; x_wconf 94' lang='lat' dir='ltr'>et</span> <span class='ocrx_word' id='word_1_199' title='bbox 521 1500 789 1549; x_wconf 85' lang='lat' dir='ltr'>voluntarios,</span> <span class='ocrx_word' id='word_1_200' title='bbox 820 1514 942 1551; x_wconf 89' lang='lat' dir='ltr'>eaque</span> <span class='ocrx_word' id='word_1_201' title='bbox 966 1515 1010 1539; x_wconf 89' lang='lat' dir='ltr'>re</span> <span class='ocrx_word' id='word_1_202' title='bbox 1033 1501 1193 1553; x_wconf 89' lang='lat' dir='ltr'>suscipi,</span> <span class='ocrx_word' id='word_1_203' title='bbox 1226 1502 1335 1553; x_wconf 90' lang='lat' dir='ltr'>quod</span> <span class='ocrx_word' id='word_1_204' title='bbox 1358 1503 1415 1540; x_wconf 90' lang='lat' dir='ltr'>ita</span> <span class='ocrx_word' id='word_1_205' title='bbox 1437 1509 1591 1540; x_wconf 83' lang='lat' dir='ltr'>rectum</span> <span class='ocrx_word' id='word_1_206' title='bbox 1611 1515 1691 1540; x_wconf 90' lang='lat' dir='ltr'>esse</span> 
     </span>
     <span class='ocr_line' id='line_1_23' title="bbox 113 1570 1691 1622; baseline 0 -13"><span class='ocrx_word' id='word_1_207' title='bbox 113 1571 316 1610; x_wconf 80' lang='lat' dir='ltr'>videatur.</span> <span class='ocrx_word' id='word_1_208' title='bbox 374 1570 493 1608; x_wconf 87' lang='lat' dir='ltr'>Hunc</span> <span class='ocrx_word' id='word_1_209' title='bbox 525 1582 719 1617; x_wconf 86' lang='lat' dir='ltr'>errorem,</span> <span class='ocrx_word' id='word_1_210' title='bbox 758 1570 870 1619; x_wconf 87' lang='lat' dir='ltr'>quasi</span> <span class='ocrx_word' id='word_1_211' title='bbox 899 1570 1070 1607; x_wconf 86' lang='lat' dir='ltr'>radicem</span> <span class='ocrx_word' id='word_1_212' title='bbox 1103 1570 1298 1608; x_wconf 84' lang='lat' dir='ltr'>malorum</span> <span class='ocrx_word' id='word_1_213' title='bbox 1330 1571 1526 1621; x_wconf 85' lang='lat' dir='ltr'>omnium,</span> <span class='ocrx_word' id='word_1_214' title='bbox 1567 1585 1691 1622; x_wconf 89' lang='lat' dir='ltr'>quum</span> 
     </span>
     <span class='ocr_line' id='line_1_24' title="bbox 114 1637 1689 1691; baseline 0.001 -14"><span class='ocrx_word' id='word_1_215' title='bbox 114 1640 301 1691; x_wconf 87' lang='lat' dir='ltr'>stirpitus</span> <span class='ocrx_word' id='word_1_216' title='bbox 327 1637 581 1690; x_wconf 80' lang='lat' dir='ltr'>philosophia</span> <span class='ocrx_word' id='word_1_217' title='bbox 603 1651 642 1675; x_wconf 85' lang='lat' dir='ltr'>se</span> <span class='ocrx_word' id='word_1_218' title='bbox 664 1644 936 1675; x_wconf 74' lang='lat' dir='ltr'>extracturam</span> <span class='ocrx_word' id='word_1_219' title='bbox 958 1639 1215 1690; x_wconf 86' lang='lat' dir='ltr'>polliceatur:</span> <span class='ocrx_word' id='word_1_220' title='bbox 1246 1639 1381 1677; x_wconf 82' lang='lat' dir='ltr'>(lenius</span> <span class='ocrx_word' id='word_1_221' title='bbox 1404 1654 1475 1678; x_wconf 87' lang='lat' dir='ltr'>nos</span> <span class='ocrx_word' id='word_1_222' title='bbox 1498 1639 1596 1678; x_wconf 91' lang='lat' dir='ltr'>huic</span> <span class='ocrx_word' id='word_1_223' title='bbox 1617 1653 1689 1678; x_wconf 83' lang='lat' dir='ltr'>ex—</span> 
     </span>
     <span class='ocr_line' id='line_1_25' title="bbox 115 1707 1691 1759; baseline 0.001 -13"><span class='ocrx_word' id='word_1_224' title='bbox 115 1708 303 1746; x_wconf 90' lang='lat' dir='ltr'>colendos</span> <span class='ocrx_word' id='word_1_225' title='bbox 324 1707 604 1759; x_wconf 85' lang='lat' dir='ltr'>patiamurque</span> <span class='ocrx_word' id='word_1_226' title='bbox 623 1720 693 1744; x_wconf 88' lang='lat' dir='ltr'>nos</span> <span class='ocrx_word' id='word_1_227' title='bbox 711 1707 855 1755; x_wconf 84' lang='lat' dir='ltr'>sanari,</span> <span class='ocrx_word' id='word_1_228' title='bbox 887 1707 1097 1758; x_wconf 88' lang='lat' dir='ltr'>omniaque</span> <span class='ocrx_word' id='word_1_229' title='bbox 1116 1708 1343 1746; x_wconf 78' lang='lat' dir='ltr'>adiumenta</span> <span class='ocrx_word' id='word_1_230' title='bbox 1366 1714 1405 1747; x_wconf 90' lang='lat' dir='ltr'>et</span> <span class='ocrx_word' id='word_1_231' title='bbox 1422 1709 1573 1747; x_wconf 83' lang='lat' dir='ltr'>auxilia</span> <span class='ocrx_word' id='word_1_232' title='bbox 1592 1709 1691 1748; x_wconf 90' lang='lat' dir='ltr'>bene</span> 
     </span>
     <span class='ocr_line' id='line_1_26' title="bbox 115 1774 1035 1831; baseline -0.001 -16"><span class='ocrx_word' id='word_1_233' title='bbox 115 1778 305 1827; x_wconf 83' lang='lat' dir='ltr'>beateque</span> <span class='ocrx_word' id='word_1_234' title='bbox 334 1774 500 1814; x_wconf 75' lang='lat' dir='ltr'>vivendi</span> <span class='ocrx_word' id='word_1_235' title='bbox 530 1775 578 1812; x_wconf 88' lang='lat' dir='ltr'>ab</span> <span class='ocrx_word' id='word_1_236' title='bbox 609 1788 652 1831; x_wconf 69' lang='lat' dir='ltr'>ea</span> <span class='ocrx_word' id='word_1_237' title='bbox 683 1781 875 1826; x_wconf 88' lang='lat' dir='ltr'>petamus.</span> <span class='ocrx_word' id='word_1_238' title='bbox 913 1790 945 1814; x_wconf 90' lang='lat' dir='ltr'>c.</span> <span class='ocrx_word' id='word_1_239' title='bbox 967 1779 1035 1816; x_wconf 87' lang='grc'>58.</span> 
     </span>
    </p>
   </div>
   <div class='ocr_carea' id='block_1_3' title="bbox 223 2069 1585 2213">
    <p class='ocr_par' dir='ltr' id='par_1_5' title="bbox 223 2069 1585 2213">
     <span class='ocr_line' id='line_1_27' title="bbox 223 2069 1585 2121; baseline 0.004 -5"><span class='ocrx_word' id='word_1_240' title='bbox 223 2069 868 2116; x_wconf 81' lang='lat' dir='ltr'><strong>TUSCULANARUM</strong></span> <span class='ocrx_word' id='word_1_241' title='bbox 917 2072 1585 2121; x_wconf 82' lang='lat' dir='ltr'><strong>DISPUTATIONUM</strong></span> 
     </span>
     <span class='ocr_line' id='line_1_28' title="bbox 643 2172 1166 2213; baseline 0.01 -10"><span class='ocrx_word' id='word_1_242' title='bbox 643 2172 840 2204; x_wconf 79' lang='lat' dir='ltr'>LIBRI</span> <span class='ocrx_word' id='word_1_243' title='bbox 889 2174 1166 2213; x_wconf 84' lang='lat' dir='ltr'>QUINTI,</span> 
     </span>
    </p>
   </div>
   <div class='ocr_carea' id='block_1_4' title="bbox 272 2275 1544 2368">
    <p class='ocr_par' dir='ltr' id='par_1_6' title="bbox 272 2275 1544 2368">
     <span class='ocr_line' id='line_1_29' title="bbox 770 2275 1042 2305; baseline 0.004 -12"><span class='ocrx_word' id='word_1_244' title='bbox 770 2275 838 2302; x_wconf 73' lang='lat' dir='ltr'>Qro</span> <span class='ocrx_word' id='word_1_245' title='bbox 864 2275 1018 2295; x_wconf 64' lang='lat' dir='ltr'><strong>DOCETL‘P.</strong></span> <span class='ocrx_word' id='word_1_246' title='bbox 1033 2289 1042 2305; x_wconf 85' lang='lat'>‚</span> 
     </span>
     <span class='ocr_line' id='line_1_30' title="bbox 272 2329 1544 2368; baseline 0.002 -10"><span class='ocrx_word' id='word_1_247' title='bbox 272 2330 322 2359; x_wconf 79' lang='lat' dir='ltr'>AD</span> <span class='ocrx_word' id='word_1_248' title='bbox 341 2329 476 2358; x_wconf 79' lang='lat' dir='ltr'><strong>BEATE</strong></span> <span class='ocrx_word' id='word_1_249' title='bbox 495 2329 714 2358; x_wconf 75' lang='lat' dir='ltr'>VIVENDUM</span> <span class='ocrx_word' id='word_1_250' title='bbox 734 2330 956 2358; x_wconf 74' lang='lat' dir='ltr'><strong>VIRTUTEM</strong></span> <span class='ocrx_word' id='word_1_251' title='bbox 975 2331 1025 2358; x_wconf 86' lang='lat' dir='ltr'>SE</span> <span class='ocrx_word' id='word_1_252' title='bbox 1044 2331 1130 2359; x_wconf 84' lang='lat' dir='ltr'>lPSA</span> <span class='ocrx_word' id='word_1_253' title='bbox 1148 2332 1249 2360; x_wconf 81' lang='lat' dir='ltr'>ESSE</span> <span class='ocrx_word' id='word_1_254' title='bbox 1268 2332 1544 2368; x_wconf 72' lang='grc' dir='ltr'><strong>ΟΟΝἸῈΝΤΑΜ,</strong></span> 
     </span>
    </p>
   </div>
   <div class='ocr_carea' id='block_1_5' title="bbox 708 2403 1104 2441">
    <p class='ocr_par' dir='ltr' id='par_1_7' title="bbox 708 2403 1104 2441">
     <span class='ocr_line' id='line_1_31' title="bbox 708 2403 1104 2441; baseline 0 0"><span class='ocrx_word' id='word_1_255' title='bbox 708 2403 1104 2441; x_wconf 72' lang='lat' dir='ltr'><strong>CONSPECTUS.</strong></span> 
     </span>
    </p>
   </div>
   <div class='ocr_carea' id='block_1_6' title="bbox 120 2527 1694 2928">
    <p class='ocr_par' dir='ltr' id='par_1_8' title="bbox 120 2527 1694 2928">
     <span class='ocr_line' id='line_1_32' title="bbox 232 2527 1693 2584; baseline 0.002 -15"><span class='ocrx_word' id='word_1_256' title='bbox 232 2530 261 2569; x_wconf 93' lang='grc' dir='ltr'>Ι.</span> <span class='ocrx_word' id='word_1_257' title='bbox 319 2530 573 2568; x_wconf 75' lang='grc' dir='ltr'><strong>ΡΒοοΕΜΙυΜ.</strong></span> <span class='ocrx_word' id='word_1_258' title='bbox 644 2527 753 2568; x_wconf 88' lang='lat' dir='ltr'>Nihil</span> <span class='ocrx_word' id='word_1_259' title='bbox 783 2534 841 2566; x_wconf 87' lang='lat' dir='ltr'>est</span> <span class='ocrx_word' id='word_1_260' title='bbox 872 2529 1068 2578; x_wconf 87' lang='lat' dir='ltr'>omnium,</span> <span class='ocrx_word' id='word_1_261' title='bbox 1110 2544 1211 2580; x_wconf 84' lang='lat' dir='ltr'>quae</span> <span class='ocrx_word' id='word_1_262' title='bbox 1240 2531 1284 2569; x_wconf 88' lang='lat' dir='ltr'>in</span> <span class='ocrx_word' id='word_1_263' title='bbox 1315 2531 1573 2584; x_wconf 84' lang='lat' dir='ltr'>philosophia</span> <span class='ocrx_word' id='word_1_264' title='bbox 1602 2540 1693 2572; x_wconf 89' lang='lat' dir='ltr'>tra-</span> 
     </span>
     <span class='ocr_line' id='line_1_33' title="bbox 120 2597 1693 2652; baseline 0.002 -14"><span class='ocrx_word' id='word_1_265' title='bbox 120 2606 309 2652; x_wconf 85' lang='lat' dir='ltr'>ctantur,</span> <span class='ocrx_word' id='word_1_266' title='bbox 352 2598 461 2649; x_wconf 89' lang='lat' dir='ltr'>quod</span> <span class='ocrx_word' id='word_1_267' title='bbox 494 2597 657 2649; x_wconf 86' lang='lat' dir='ltr'>gravius</span> <span class='ocrx_word' id='word_1_268' title='bbox 691 2597 1085 2648; x_wconf 83' lang='lat' dir='ltr'>magnificentiusque</span> <span class='ocrx_word' id='word_1_269' title='bbox 1117 2598 1299 2649; x_wconf 88' lang='lat' dir='ltr'>dicatur,</span> <span class='ocrx_word' id='word_1_270' title='bbox 1341 2614 1459 2651; x_wconf 87' lang='lat' dir='ltr'>quam</span> <span class='ocrx_word' id='word_1_271' title='bbox 1500 2604 1693 2641; x_wconf 87' lang='lat' dir='ltr'>sententia</span> 
     </span>
     <span class='ocr_line' id='line_1_34' title="bbox 120 2666 1693 2721; baseline 0.003 -15"><span class='ocrx_word' id='word_1_272' title='bbox 120 2669 206 2706; x_wconf 82' lang='lat' dir='ltr'>illa:</span> <span class='ocrx_word' id='word_1_273' title='bbox 237 2668 297 2706; x_wconf 81' lang='lat' dir='ltr'>ad</span> <span class='ocrx_word' id='word_1_274' title='bbox 314 2667 427 2705; x_wconf 84' lang='lat' dir='ltr'>beate</span> <span class='ocrx_word' id='word_1_275' title='bbox 446 2666 665 2705; x_wconf 79' lang='lat' dir='ltr'>vivendum</span> <span class='ocrx_word' id='word_1_276' title='bbox 689 2668 881 2703; x_wconf 68' lang='lat' dir='ltr'>virtutem</span> <span class='ocrx_word' id='word_1_277' title='bbox 902 2681 944 2702; x_wconf 66' lang='lat' dir='ltr'>se</span> <span class='ocrx_word' id='word_1_278' title='bbox 971 2668 1066 2717; x_wconf 74' lang='lat' dir='ltr'>ipsa</span> <span class='ocrx_word' id='word_1_279' title='bbox 1098 2682 1181 2705; x_wconf 69' lang='lat' dir='ltr'>esse</span> <span class='ocrx_word' id='word_1_280' title='bbox 1202 2676 1442 2708; x_wconf 80' lang='lat' dir='ltr'>contentam.</span> <span class='ocrx_word' id='word_1_281' title='bbox 1501 2669 1633 2721; x_wconf 86' lang='lat' dir='ltr'>Atque</span> <span class='ocrx_word' id='word_1_282' title='bbox 1652 2672 1693 2710; x_wconf 85' lang='lat' dir='ltr'>id</span> 
     </span>
     <span class='ocr_line' id='line_1_35' title="bbox 124 2734 1694 2787; baseline 0.004 -15"><span class='ocrx_word' id='word_1_283' title='bbox 124 2742 310 2786; x_wconf 88' lang='lat' dir='ltr'>tanquam</span> <span class='ocrx_word' id='word_1_284' title='bbox 336 2749 529 2774; x_wconf 87' lang='lat' dir='ltr'>summum</span> <span class='ocrx_word' id='word_1_285' title='bbox 551 2734 832 2787; x_wconf 88' lang='lat' dir='ltr'>philosophiae</span> <span class='ocrx_word' id='word_1_286' title='bbox 865 2734 1118 2785; x_wconf 85' lang='lat' dir='ltr'>propositum</span> <span class='ocrx_word' id='word_1_287' title='bbox 1143 2749 1223 2773; x_wconf 88' lang='lat' dir='ltr'>esse</span> <span class='ocrx_word' id='word_1_288' title='bbox 1254 2736 1390 2786; x_wconf 78' lang='lat' dir='ltr'>debet,</span> <span class='ocrx_word' id='word_1_289' title='bbox 1426 2744 1475 2775; x_wconf 80' lang='lat' dir='ltr'>ut</span> <span class='ocrx_word' id='word_1_290' title='bbox 1500 2738 1694 2778; x_wconf 83' lang='lat' dir='ltr'>virtutem</span> 
     </span>
     <span class='ocr_line' id='line_1_36' title="bbox 124 2801 1694 2858; baseline 0.006 -21"><span class='ocrx_word' id='word_1_291' title='bbox 124 2801 322 2854; x_wconf 87' lang='lat' dir='ltr'>inveniat,</span> <span class='ocrx_word' id='word_1_292' title='bbox 353 2805 395 2843; x_wconf 88' lang='lat' dir='ltr'>in</span> <span class='ocrx_word' id='word_1_293' title='bbox 421 2818 500 2856; x_wconf 87' lang='lat' dir='ltr'>qua</span> <span class='ocrx_word' id='word_1_294' title='bbox 523 2804 618 2842; x_wconf 91' lang='lat' dir='ltr'>satis</span> <span class='ocrx_word' id='word_1_295' title='bbox 640 2804 692 2841; x_wconf 87' lang='lat' dir='ltr'>sit</span> <span class='ocrx_word' id='word_1_296' title='bbox 712 2802 901 2855; x_wconf 83' lang='lat' dir='ltr'>praesidii</span> <span class='ocrx_word' id='word_1_297' title='bbox 927 2802 977 2840; x_wconf 85' lang='lat' dir='ltr'>ad</span> <span class='ocrx_word' id='word_1_298' title='bbox 998 2803 1109 2841; x_wconf 86' lang='lat' dir='ltr'>beate</span> <span class='ocrx_word' id='word_1_299' title='bbox 1129 2803 1362 2842; x_wconf 83' lang='lat' dir='ltr'>vivendum.</span> <span class='ocrx_word' id='word_1_300' title='bbox 1401 2819 1435 2843; x_wconf 87' lang='lat' dir='ltr'>c.</span> <span class='ocrx_word' id='word_1_301' title='bbox 1458 2809 1494 2845; x_wconf 89' lang='lat'>1.</span> <span class='ocrx_word' id='word_1_302' title='bbox 1524 2804 1567 2858; x_wconf 53' lang='grc' dir='ltr'>ᾗ.</span> <span class='ocrx_word' id='word_1_303' title='bbox 1593 2811 1630 2846; x_wconf 92' lang='grc'>1.</span> <span class='ocrx_word' id='word_1_304' title='bbox 1653 2812 1694 2848; x_wconf 84' lang='lat'>2.</span> 
     </span>
     <span class='ocr_line' id='line_1_37' title="bbox 127 2868 1692 2928; baseline 0.007 -23"><span class='ocrx_word' id='word_1_305' title='bbox 127 2868 268 2907; x_wconf 87' lang='lat' dir='ltr'>Virtus</span> <span class='ocrx_word' id='word_1_306' title='bbox 296 2879 426 2911; x_wconf 84' lang='lat' dir='ltr'>autem</span> <span class='ocrx_word' id='word_1_307' title='bbox 459 2874 492 2912; x_wconf 90' lang='lat' dir='ltr'>si</span> <span class='ocrx_word' id='word_1_308' title='bbox 521 2887 564 2912; x_wconf 86' lang='lat' dir='ltr'>ea</span> <span class='ocrx_word' id='word_1_309' title='bbox 591 2879 669 2922; x_wconf 87' lang='lat' dir='ltr'>est,</span> <span class='ocrx_word' id='word_1_310' title='bbox 700 2885 801 2923; x_wconf 85' lang='lat' dir='ltr'>quae</span> <span class='ocrx_word' id='word_1_311' title='bbox 827 2871 980 2921; x_wconf 81' lang='lat' dir='ltr'>omnia,</span> <span class='ocrx_word' id='word_1_312' title='bbox 1009 2885 1109 2923; x_wconf 88' lang='lat' dir='ltr'>quae</span> <span class='ocrx_word' id='word_1_313' title='bbox 1139 2872 1278 2911; x_wconf 86' lang='lat' dir='ltr'>cadere</span> <span class='ocrx_word' id='word_1_314' title='bbox 1305 2872 1350 2911; x_wconf 88' lang='lat' dir='ltr'>in</span> <span class='ocrx_word' id='word_1_315' title='bbox 1375 2871 1572 2914; x_wconf 86' lang='lat' dir='ltr'>hominem</span> <span class='ocrx_word' id='word_1_316' title='bbox 1592 2889 1692 2928; x_wconf 85' lang='lat' dir='ltr'>pos-</span> 
     </span>
    </p>
   </div>
  </div>
 </body>
</html>
