1811 3069
141 45 194 88 52
657 46 1184 90 LIBER1.9‚19.10,20.

370 138 373 140 ’
404 135 571 185 Egregie
599 131 771 170 cordatus
801 131 930 178 homo,
966 132 1081 169 Catus
1110 131 1245 169 Aelius
1274 132 1429 169 Sextus.

151 216 217 252 19.
261 207 520 263 Empedocles
563 205 733 246 animum
774 217 863 244 esse
903 210 1040 244 censet
1082 203 1189 243 cordi
1230 203 1420 243 suffusum
1462 199 1706 255 sanguinem.

1608 273 1712 314 Aliis

148 371 221 398 nec
243 371 311 397 cor
329 356 452 410 ipsum
472 354 613 409 placet,
647 366 720 392 nec
744 351 896 392 cerebri
920 351 1107 405 quandam
1131 357 1280 405 partem
1304 363 1393 391 esse
1415 349 1611 399 animum3
1644 347 1712 389 sed

148 283 249 325 Aliis
272 297 362 337 pars
389 281 577 336 quaedam
604 278 757 319 cerebri
783 277 868 318 visa
893 284 954 318 est
977 277 1095 317 animi
1118 276 1372 331 principatum
1395 283 1548 316 tenere.

150 431 213 471 alii
240 430 280 470 in
313 428 454 478 corde,
488 427 551 467 alii
583 426 624 466 in
655 425 817 466 cerebro
853 425 1038 465 dixerunt
1070 423 1189 464 animi
1219 437 1307 464 esse
1338 424 1471 465 sedem
1500 430 1539 464 et
1567 423 1710 463 locum.

150 504 335 545 Animum
359 509 488 543 autem
513 500 577 541 alii
598 499 788 550 animam,
835 506 877 539 ut
899 500 981 539 fere
1001 498 1126 539 nostri
1148 498 1348 538 declarant
1375 496 1580 547 *nomine3
1625 510 1715 536 nam

153 586 192 619 et
218 590 351 632 uslere
380 576 589 624 animam,
620 581 659 614 et
686 573 844 628 efflare
874 572 1060 622 diciums,
1095 578 1133 612 et
1160 573 1400 622 mzimosos,
1431 577 1471 611 et
1499 570 1604 612 bene
1628 570 1720 611 (11ιί-

153 657 290 693 malos
313 683 324 702 ‚
358 657 397 690 et
417 663 470 690 es
495 649 629 689 animi
648 648 858 688 sententia
872 662 888 694 ,·
917 647 1001 701 ipse
1023 652 1153 686 autem
1181 645 1334 686 unimus
1363 645 1411 686 ab
1440 644 1572 686 anima
1594 644 1719 685 dictus

154 734 230 767 est.
293 723 446 765 Zenoni
472 720 608 763 Stoico
635 721 786 761 animus
811 720 912 775 ignis
937 720 1108 760 videtur.

269 796 327 838 X.
389 795 470 837 Sed
506 796 600 837 haec
635 794 812 849 quidem,
860 807 958 848 quae
986 793 1093 844 (lixi,
1139 806 1230 844 eor,
1276 792 1572 847 [sanguinem,]
1612 804 1722 832 cere-

1427 872 1496 907 20.
1533 864 1584 906 Ut
1614 864 1723 905 multi

158 955 248 989 ante
281 952 464 994 veteres,
504 943 682 998 proxime
714 948 842 982 autem
863 939 1156 991 Aristoxenus,
1200 940 1372 980 musicus
1399 939 1576 994 idemque
1601 939 1723 994 philo-

157 875 295 923 11111111,
329 871 521 919 animam,
554 869 710 923 ignem,
742 868 884 922 vulg03
918 867 1066 921 reliqua
1094 868 1178 908 sere
1207 866 1365 920 singuli.

159 1021 324 1076 sophus,
370 1018 490 1073 ipsius
511 1016 686 1072 corporis
708 1014 963 1055 intentionem
987 1014 1205 1068 quandam3
1250 1013 1358 1054 velut
1383 1013 1422 1052 in
1443 1020 1560 1054 cantu
1583 1020 1622 1053 et
1642 1013 1724 1054 fidi-

160 1096 231 1136 bus
253 1106 349 1148 qnae
367 1090 566 1132 harmonia
584 1090 738 1140 (licitur,
762 1088 818 1129 sio
838 1101 892 1129 ex
911 1086 1086 1141 corporis
1107 1085 1224 1127 totius
1247 1093 1386 1127 natura
1403 1093 1442 1127 et
1456 1086 1580 1141 figura
1594 1086 1725 1129 varios

163 1175 290 1210 motus
318 1166 441 1216 cieri,
485 1171 668 1219 tanquam
697 1163 737 1203 in
761 1169 876 1202 cantu
905 1176 1041 1202 sonos.
1102 1160 1178 1201 Hic
1203 1161 1249 1201 ab
1273 1160 1438 1201 artificio
1463 1174 1535 1201 suo
1561 1175 1638 1201 non
1665 1175 1727 1201 re-

163 1242 304 1291 cessit,
339 1247 378 1280 et
407 1247 536 1279 tamen
566 1238 665 1278 dixit
695 1236 860 1291 aliquid,
894 1235 994 1290 quod
1020 1234 1143 1290 ipsum
1177 1234 1289 1289 quale
1323 1241 1451 1286 esset,
1493 1240 1578 1274 erat
1609 1235 1729 1275 multo

165 1322 255 1357 ante
282 1321 320 1354 et
344 1313 484 1353 (lictum
517 1318 553 1352 et
580 1312 830 1367 explanatum
858 1324 881 1350 a
908 1308 1089 1349 Platone.

165 1400 242 1434 213.
279 1398 400 1430 Plinius
421 1398 460 1428 H.
481 1398 522 1428 N.
544 1397 615 1434 VH,
638 1396 691 1429 31.
717 1403 750 1427 et
771 1398 848 1427 Aur.
868 1394 931 1425 Vi-

168 1454 241 1478 ctor
259 1444 300 1475 (le
322 1443 380 1475 vir.
404 1442 450 1473 ill.
468 1441 521 1474 44.
543 1448 688 1473 narrant.
735 1441 850 1472 Traxit
871 1451 932 1471 au-

166 1498 235 1523 tem
254 1490 320 1521 hoc
342 1499 526 1531 cognomen
545 1499 563 1518 a
580 1486 765 1530 prudentia,
790 1498 853 1528 qua
871 1497 932 1516 ex-

171 1536 328 1573 cellebat3
353 1541 481 1565 veteres
499 1532 585 1564 enim
602 1534 758 1564 corculum
778 1531 933 1563 dicebant

169 1581 326 1614 solertem
350 1586 382 1611 et
401 1585 553 1615 acutum,
579 1577 626 1608 uti
647 1584 787 1608 testatur
806 1577 934 1608 Festus.

240 1628 367 1667 Eyre9ie
400 1624 560 1665 cordatus]
596 1624 654 1654 Est
686 1634 797 1654 versus
824 1621 932 1653 Ennii.

175 1674 329 1706 Cordazus
348 1676 397 1702 est
415 1669 556 1711 sapiens,
576 1680 613 1711 pl
618 1668 719 1699 ndens
741 1666 934 1710 (geistvoll).

172 1719 224 1750 Ita
245 1715 429 1760 appellatus
450 1721 500 1746 est
522 1713 683 1746 Cat.Ae1.
717 1715 834 1744 Sextus
852 1723 935 1755 pio-

173 1770 248 1807 pter
273 1762 351 1793 iurls
384 1759 487 1792 civilis
520 1759 699 1790 scientiam.
760 1761 854 1790 Catus
886 1763 936 1789 est

174 1815 306 1846 acutus,
331 1806 453 1844 solers,
478 1816 616 1847 ο11111115
643 1803 732 1846 quod
748 1803 893 1839 verbum,
917 1814 935 1834 a

174 1852 325 1890 sabinis,
359 1852 406 1883 uti
429 1857 545 1882 auctor
571 1856 619 1881 est
640 1850 747 1881 Warro
768 1849 796 1880 L
816 1848 856 1879 L.
877 1848 937 1889 VI,

173 1898 206 1931 3.
230 1896 318 1928 med.
342 1907 374 1938 p
388 1895 442 1928 90.
473 1895 543 1938 Rip.
552 1919 559 1933 ‚
586 1894 739 1933 ductum,
766 1893 938 1936 antiquio-

174 1943 261 1974 ribus
301 1940 390 1972 Latii
427 1939 641 1983 scriptoribus
679 1940 937 1982 frequentatum,

174 1986 276 2020 Tullii
293 1992 402 2017 aetate
422 1995 487 2016 non
507 1984 572 2015 iam
593 1997 626 2016 m
647 1996 705 2016 usu
724 1984 797 2015 fuit.
845 1985 938 2023 Qua-

175 2038 315 2083 propter
341 2030 383 2061 de
403 2031 506 2072 Legg.
528 2030 553 2060 I.
576 2030 637 2068 16
671 2027 726 2061 45).
760 2029 822 2060 ait:
858 2029 938 2068 Quis

175 2077 275 2120 igitur
295 2075 513 2118 prudentem,
539 2080 589 2111 et,
615 2078 647 2105 ut
671 2077 715 2105 ita
735 2076 861 2113 dicam,
886 2084 939 2105 ca-

175 2127 252 2161 tum,
275 2133 343 2152 non
367 2132 406 2151 ex
426 2119 525 2162 ipsius
544 2119 670 2157 habitu,
693 2118 752 2150 sed
773 2130 812 2150 ex
832 2099 940 2162 aliqua

175 2179 212 2199 re
236 2173 371 2198 externa
393 2163 543 2196 iudicet?

241 2212 361 2253 Aelius]
381 2209 656 2242 pronuntiabatur
674 2211 782 2240 Aeliu’.
814 2207 940 2239 Audia—

178 2269 248 2290 mus
275 2256 469 2288 Ciceronem
498 2254 532 2285 111
556 2257 645 2286 Orat.
669 2252 732 2292 40¹,
767 2252 848 2286 161:
890 2254 941 2284 Ita

180 2315 248 2335 non
274 2308 354 2334 erat
394 2300 534 2332 offensio
569 2299 602 2330 in
634 2278 803 2337 versibus,
844 2309 941 2341 quam

179 2359 268 2380 nunc
290 2346 419 2389 fugiunt
437 2352 558 2388 poetae
581 2343 670 2376 novi.
709 2345 759 2374 Ita
781 2343 867 2374 enim
886 2342 939 2375 lo-

179 2393 377 2438 quebamur:
403 2393 463 2430 Qui
481 2395 523 2422 est
540 2392 675 2421 omnibu’
688 2391 844 2428 princeps,
862 2399 940 2427 non,

180 2441 321 2471 omnibus
342 2438 496 2477 princeps.
540 2436 583 2466 Et
602 2437 667 2466 vila
689 2435 746 2464 illa
769 2435 878 2473 diynu’
898 2435 942 2464 lo-

179 2494 284 2525 coque.
339 2482 390 2514 Cf.
425 2492 522 2523 supra
555 2480 656 2518 αἱ),
692 2478 751 2510 10:
792 2480 943 2518 Sisyphus

178 2536 290 2561 versat
314 2528 474 2570 (Sisyphu’
493 2523 766 2567 pronuntiatum).

250 2573 300 2606 19.
336 2573 534 2612 Empedocles
559 2589 601 2593 —
627 2567 824 2611 sanquinem]
859 2569 941 2599 Sto—

179 2619 280 2651 baeus
314 2617 383 2650 Ecl.
414 2616 513 2670 Phys.
545 2614 620 2647 Vol
638 2615 677 2645 H.
711 2612 856 2655 p.101o
885 2613 937 2644 ed.

178 2665 328 2696 Heeren·
362 2661 447 2714 αἷμα
473 2659 537 2704 γὰρ
569 2655 755 2701 ἇνδρώποις
778 2655 939 2700 περικάρ-

180 2707 251 2744 διόν
282 2708 354 2742 ἐστι
387 2703 510 2749 νόημα.
567 2703 733 2737 Ciceronis
766 2689 867 2734 verba
896 2703 944 2735 ita

180 2753 373 2796 accipienda
392 2752 557 2790 videntur,
581 2757 617 2781 ut
636 2747 853 2792 Empedocles
875 2760 943 2781 non

180 2798 289 2841 ipsum
309 2798 502 2841 sanguinem
522 2796 665 2828 animum
687 2806 757 2826 esse
776 2793 942 2833 statuerit,

181 2843 269 2874 sed
260 2855 293 2874 m
312 2843 468 2886 sanguine
489 2841 590 2875 animi
608 2840 732 2873 sedem.
781 2838 832 2870 Cf.
855 2839 944 2871 infra

188 2899 216 2920 C·
231 2888 280 2920 11
306 2895 389 2921 extr.

241 2934 343 2966 animi
369 2934 584 2975 principatum
614 2929 728 2974 tenere]
757 2927 942 2973 Ἡγεμονι-

1150 1306 1402 1349 Xenocrates
1428 1308 1545 1349 animi
1569 1308 1730 1363 figuram

965 1392 1034 1428 κόν.
1082 1394 1125 1425 N.
1156 1394 1197 1425 D.
1234 1395 1257 1425 Ι.
1290 1394 1350 1432 15,
1385 1392 1448 1426 39:
1496 1392 1564 1424 eius
1602 1392 1728 1435 (animi)

965 1440 1066 1482 ipsius
1090 1439 1327 1482 principatum,
1352 1438 1408 1482 qui
1430 1438 1464 1470 in
1486 1444 1598 1470 mente
1619 1444 1653 1469 et
1672 1449 1730 1470 ra—

966 1492 1057 1517 tione
1081 1492 1237 1516 versatur.

1035 1532 1090 1562 alii
1121 1532 1152 1562 in
1183 1532 1294 1570 corde,
1329 1532 1387 1561 alii
1407 1531 1440 1561 in
1472 1529 1607 1570 cerebro]
1645 1527 1732 1560 Illud

965 1575 1156 1607 statuebant
1191 1575 1317 1613 Stoici,
1358 1574 1512 1618 Epicurei
1547 1574 1733 1616 medicique

967 1620 1136 1657 nonnulli3
1172 1620 1237 1651 hoc
1259 1620 1492 1660 Erasistratus,
1529 1618 1731 1663 Herophilus

970 1673 1002 1698 et
1022 1665 1243 1709 Pythagorici.

1036 1716 1071 1743 ιιι
1095 1713 1156 1751 sere
1187 1714 1283 1743 nostri
1314 1713 1476 1744 declarant
1506 1711 1642 1752 nomine]
1679 1709 1734 1741 Sic

969 1757 1052 1789 bene
1087 1755 1190 1787 edidit
1216 1758 1342 1797 Wolfius
1366 1768 1383 1788 e
1406 1756 1605 1788 coniectura.
1651 1755 1733 1788 Plu-

969 1802 1042 1834 111111
1077 1801 1174 1833 codd.
1211 1801 1391 1844 optimique
1424 1801 1581 1833 exhibent
1611 1804 1644 1832 ut
1671 1802 1735 1842 sere

970 1850 1067 1880 nostri
1102 1849 1263 1878 declarant
1294 1857 1415 1879 nomen.
1475 1845 1647 1878 Sententia
1684 1852 1735 1877 est

971 1893 1072 1924 haec:
1105 1892 1251 1923 Fuerunt
1275 1891 1482 1934 philosophi,
1508 1891 1562 1934 qui
1585 1891 1736 1923 dicerent

971 1940 1112 1970 animum
1142 1936 1222 1968 nihil
1252 1936 1339 1968 aliud
1361 1949 1451 1974 esse,
1487 1937 1549 1968 nisi
1572 1939 1735 1968 unimam:

972 1995 1075 2026 eaque
1095 1982 1258 2013 sententia
1277 1981 1462 2014 confirmari
1478 1981 1608 2013 videtur
1624 1981 1735 2024 lingua

972 2029 1094 2068 latina,
1119 2039 1201 2071 quae
1221 2027 1339 2062 multas
1360 2027 1460 2059 habet
1481 2026 1677 2064 locutiones,
1701 2026 1736 2058 in

974 2073 1088 2117 quibus
1122 2084 1244 2104 nomen
1277 2075 1402 2105 animae
1433 2072 1522 2104 idem
1559 2071 1735 2114 significat,

974 2119 1062 2162 quod
1088 2121 1222 2150 animus.

1042 2166 1156 2195 Zenoni
1178 2183 1223 2186 »-
1246 2165 1371 2195 animus
1388 2165 1471 2204 ignis
1492 2161 1628 2206 videtur]
1652 2163 1737 2203 lynis

973 2207 1200 2249 intelligitur.
1191 2219 1249 2240 τνε
1254 2208 1323 2248 ῦμα
1345 2207 1513 2251 ἔνξῑερμο).

1046 2253 1124 2284 cip.
1143 2253 1188 2283 X.
1227 2254 1289 2283 Sed
1311 2255 1386 2284 haec
1407 2255 1532 2293 quidem
1552 2271 1597 2276 —
1627 2252 1735 2296 vulyo]

976 2299 1064 2337 Quas
1086 2297 1194 2328 adhue
1214 2296 1312 2328 attuli
1335 2296 1376 2328 de
1397 2297 1497 2328 animi
1521 2303 1635 2329 natura
1659 2297 1738 2340 opi-

974 2344 1107 2381 niones,
1134 2353 1187 2373 eas
1206 2353 1271 2374 non
1291 2342 1392 2374 modo
1411 2342 1530 2385 singuli
1546 2341 1737 2385 philosophi

974 2387 1204 2431 protulerunt,
1235 2386 1295 2418 sed
1314 2387 1413 2420 etiam
1435 2387 1549 2430 vulgus
1570 2387 1737 2430 sequitur;

977 2445 1054 2476 quas
1082 2439 1192 2464 autem
1215 2444 1302 2464 nunc
1325 2432 1359 2464 in
1382 2432 1525 2464 medium
1549 2433 1737 2476 prolaturus

974 2491 1055 2515 sum,
1076 2489 1133 2509 eae
1154 2478 1225 2509 fere
1242 2477 1446 2520 singulorum
1464 2478 1739 2521 philosophorum

974 2523 1128 2567 propriae
1144 2529 1230 2554 sunt.
1280 2523 1328 2554 Ad
1353 2535 1384 2555 v.
1405 2526 1500 2564 vulgo
1519 2522 1740 2567 supplendum

975 2576 1024 2600 est
1039 2571 1216 2609 opinantur.
1248 2568 1454 2600 Vocabulum
1467 2571 1650 2609 sanguinem
1662 2569 1739 2600 Ma-

973 2614 1082 2645 nutius
1094 2626 1132 2645 ex
1144 2625 1208 2646 uno
1219 2613 1293 2645 cod.
1305 2610 1446 2651 addidit3
1460 2613 1491 2644 in
1506 2614 1622 2645 ceteris
1635 2613 1738 2645 abest.

1041 2660 1096 2691 20.
1131 2663 1165 2691 uc
1183 2661 1275 2690 mulli
1292 2662 1363 2690 ame
1381 2657 1509 2700 veteres]
1535 2658 1739 2690 Vocabulum

974 2708 1008 2736 ut
1030 2703 1232 2746 interpretor
1253 2705 1387 2743 exempli
1408 2712 1542 2742 caussa,
1574 2705 1670 2735 veluti
1692 2704 1738 2746 (so

974 2760 1046 2781 zum
1064 2747 1246 2790 Beispiele).-
1271 2747 1374 2779 veluti
1393 2747 1488 2779 multi
1510 2753 1637 2779 veteres
1659 2748 1739 2791 phi-

976 2794 1109 2837 losophi
1141 2805 1231 2825 suam
1263 2792 1398 2843 quisque
1428 2791 1471 2823 de
1498 2791 1598 2825 animi
1622 2799 1739 2826 natura

975 2839 1184 2882 protulerunt
1205 2836 1416 2881 opinionem,
1447 2836 1597 2880 proxime
1627 2844 1739 2870 autem

975 2887 1031 2916 Ar.
1053 2883 1197 2915 animum
1218 2882 1318 2926 ipsius
1346 2881 1495 2926 corporis
1517 2881 1739 2916 intentionem

975 2929 1138 2973 quandam
1161 2939 1233 2960 esse
1256 2926 1400 2960 dicebat.
