<?xml version="1.0" encoding="UTF-8"?>
<!DOCTYPE html PUBLIC "-//W3C//DTD XHTML 1.0 Transitional//EN"
    "http://www.w3.org/TR/xhtml1/DTD/xhtml1-transitional.dtd">
<html xmlns="http://www.w3.org/1999/xhtml" xml:lang="en" lang="en">
 <head>
  <title>
</title>
<meta http-equiv="Content-Type" content="text/html;charset=utf-8" />
  <meta name='ocr-system' content='tesseract 3.04.00' />
  <meta name='ocr-capabilities' content='ocr_page ocr_carea ocr_par ocr_line ocrx_word'/>
</head>
<body>
  <div class='ocr_page' id='page_1' title='image "./tusculanarumdi00ciceuoft_0348.png"; bbox 0 0 1843 3085; ppageno 0'>
   <div class='ocr_carea' id='block_1_1' title="bbox 198 65 282 109">
    <p class='ocr_par' dir='ltr' id='par_1_1' title="bbox 198 65 282 109">
     <span class='ocr_line' id='line_1_1' title="bbox 198 65 282 109; baseline -0.024 0"><span class='ocrx_word' id='word_1_1' title='bbox 198 65 282 109; x_wconf 77' lang='lat'><strong>338</strong></span> 
     </span>
    </p>
   </div>
   <div class='ocr_carea' id='block_1_2' title="bbox 575 187 598 217">
    <p class='ocr_par' dir='ltr' id='par_1_2' title="bbox 575 187 598 217">
     <span class='ocr_line' id='line_1_2' title="bbox 575 187 598 217; baseline -0.043 0"><span class='ocrx_word' id='word_1_2' title='bbox 575 187 598 217; x_wconf 85' lang='lat' dir='ltr'><strong>l.</strong></span> 
     </span>
    </p>
   </div>
   <div class='ocr_carea' id='block_1_3' title="bbox 176 238 966 338">
    <p class='ocr_par' dir='ltr' id='par_1_3' title="bbox 176 238 966 338">
     <span class='ocr_line' id='line_1_3' title="bbox 176 238 966 286; baseline -0.014 -6"><span class='ocrx_word' id='word_1_3' title='bbox 176 257 183 266; x_wconf 61' lang='lat'>⁸</span> <span class='ocrx_word' id='word_1_4' title='bbox 206 249 325 286; x_wconf 82' lang='lat' dir='ltr'><strong>Ibycus,</strong></span> <span class='ocrx_word' id='word_1_5' title='bbox 348 256 366 276; x_wconf 89' lang='lat' dir='ltr'><strong>e</strong></span> <span class='ocrx_word' id='word_1_6' title='bbox 389 243 527 286; x_wconf 78' lang='lat' dir='ltr'><strong>Rhegio,</strong></span> <span class='ocrx_word' id='word_1_7' title='bbox 552 239 666 272; x_wconf 89' lang='lat' dir='ltr'><strong>Italiae</strong></span> <span class='ocrx_word' id='word_1_8' title='bbox 685 238 852 271; x_wconf 86' lang='lat' dir='ltr'><strong>inferioris</strong></span> <span class='ocrx_word' id='word_1_9' title='bbox 876 238 966 277; x_wconf 86' lang='lat' dir='ltr'><strong>urbe,</strong></span> 
     </span>
     <span class='ocr_line' id='line_1_4' title="bbox 253 284 966 338; baseline -0.011 -15"><span class='ocrx_word' id='word_1_10' title='bbox 253 289 439 338; x_wconf 30' lang='lat' dir='ltr'><strong>oriundus,</strong></span> <span class='ocrx_word' id='word_1_11' title='bbox 453 291 555 331; x_wconf 70' lang='lat' dir='ltr'><strong>poeta</strong></span> <span class='ocrx_word' id='word_1_12' title='bbox 579 285 720 329; x_wconf 86' lang='lat' dir='ltr'><strong>lyricus,</strong></span> <span class='ocrx_word' id='word_1_13' title='bbox 748 296 775 316; x_wconf 91' lang='lat' dir='ltr'><strong>c.</strong></span> <span class='ocrx_word' id='word_1_14' title='bbox 795 295 824 316; x_wconf 84' lang='lat' dir='ltr'><strong>a.</strong></span> <span class='ocrx_word' id='word_1_15' title='bbox 842 284 918 318; x_wconf 78' lang='lat'><strong>570.</strong></span> <span class='ocrx_word' id='word_1_16' title='bbox 935 295 966 315; x_wconf 85' lang='lat' dir='ltr'><strong>a.</strong></span> 
     </span>
    </p>
   </div>
   <div class='ocr_carea' id='block_1_4' title="bbox 207 332 936 421">
    <p class='ocr_par' dir='ltr' id='par_1_4' title="bbox 207 332 936 421">
     <span class='ocr_line' id='line_1_5' title="bbox 254 332 546 372; baseline -0.014 -5"><span class='ocrx_word' id='word_1_17' title='bbox 254 336 328 367; x_wconf 87' lang='lat' dir='ltr'>Chr.</span> <span class='ocrx_word' id='word_1_18' title='bbox 354 353 396 358; x_wconf 94' lang='lat'><strong>—-</strong></span> <span class='ocrx_word' id='word_1_19' title='bbox 426 336 468 372; x_wconf 71' lang='lat' dir='ltr'><strong>-k,</strong></span> <span class='ocrx_word' id='word_1_20' title='bbox 493 332 546 366; x_wconf 76' lang='lat'><strong>71.</strong></span> 
     </span>
     <span class='ocr_line' id='line_1_6' title="bbox 207 373 936 421; baseline -0.011 -7"><span class='ocrx_word' id='word_1_21' title='bbox 207 383 321 420; x_wconf 82' lang='lat' dir='ltr'><strong>India,</strong></span> <span class='ocrx_word' id='word_1_22' title='bbox 342 379 457 421; x_wconf 85' lang='lat' dir='ltr'><strong>ingens</strong></span> <span class='ocrx_word' id='word_1_23' title='bbox 479 377 574 409; x_wconf 84' lang='lat' dir='ltr'><strong>Asiae</strong></span> <span class='ocrx_word' id='word_1_24' title='bbox 595 375 697 418; x_wconf 81' lang='lat' dir='ltr'><strong>regio.</strong></span> <span class='ocrx_word' id='word_1_25' title='bbox 735 375 777 414; x_wconf 76' lang='grc' dir='ltr'><strong>ἴ),</strong></span> <span class='ocrx_word' id='word_1_26' title='bbox 801 374 855 408; x_wconf 81' lang='lat'><strong>77.</strong></span> <span class='ocrx_word' id='word_1_27' title='bbox 881 373 902 408; x_wconf 75' lang='grc' dir='ltr'>Τ</span> <span class='ocrx_word' id='word_1_28' title='bbox 929 397 936 404; x_wconf 90' lang='grc'><strong>.</strong></span> 
     </span>
    </p>
   </div>
   <div class='ocr_carea' id='block_1_5' title="bbox 210 419 987 467">
    <p class='ocr_par' dir='ltr' id='par_1_5' title="bbox 210 419 987 467">
     <span class='ocr_line' id='line_1_7' title="bbox 210 419 987 467; baseline -0.013 -8"><span class='ocrx_word' id='word_1_29' title='bbox 210 429 275 467; x_wconf 82' lang='grc' dir='ltr'><em>Ῐηο,</em></span> <span class='ocrx_word' id='word_1_30' title='bbox 301 423 415 456; x_wconf 86' lang='lat' dir='ltr'><strong>Cadmi</strong></span> <span class='ocrx_word' id='word_1_31' title='bbox 433 430 466 455; x_wconf 84' lang='lat' dir='ltr'><strong>et</strong></span> <span class='ocrx_word' id='word_1_32' title='bbox 483 421 682 454; x_wconf 82' lang='lat' dir='ltr'>Hermiones</span> <span class='ocrx_word' id='word_1_33' title='bbox 701 419 777 452; x_wconf 90' lang='lat' dir='ltr'><strong>filia.</strong></span> <span class='ocrx_word' id='word_1_34' title='bbox 824 420 987 459; x_wconf 20' lang='lat' dir='ltr'><strong>Uxorem,</strong></span> 
     </span>
    </p>
   </div>
   <div class='ocr_carea' id='block_1_6' title="bbox 218 465 983 2225">
    <p class='ocr_par' dir='ltr' id='par_1_6' title="bbox 252 465 980 1360">
     <span class='ocr_line' id='line_1_8' title="bbox 256 465 970 507; baseline -0.01 -5"><span class='ocrx_word' id='word_1_35' title='bbox 256 482 328 502; x_wconf 86' lang='lat' dir='ltr'><strong>eam</strong></span> <span class='ocrx_word' id='word_1_36' title='bbox 346 468 440 501; x_wconf 80' lang='lat' dir='ltr'><strong>duxit</strong></span> <span class='ocrx_word' id='word_1_37' title='bbox 457 467 626 507; x_wconf 83' lang='lat' dir='ltr'>Athamas,</span> <span class='ocrx_word' id='word_1_38' title='bbox 650 477 707 498; x_wconf 82' lang='lat' dir='ltr'><strong>rex</strong></span> <span class='ocrx_word' id='word_1_39' title='bbox 723 465 970 503; x_wconf 84' lang='lat' dir='ltr'><strong>Thebanorum,</strong></span> 
     </span>
     <span class='ocr_line' id='line_1_9' title="bbox 252 510 971 559; baseline -0.011 -11"><span class='ocrx_word' id='word_1_40' title='bbox 252 524 428 559; x_wconf 75' lang='lat' dir='ltr'>postquam</span> <span class='ocrx_word' id='word_1_41' title='bbox 443 512 612 556; x_wconf 76' lang='lat' dir='ltr'><strong>Nephele,</strong></span> <span class='ocrx_word' id='word_1_42' title='bbox 639 523 679 543; x_wconf 76' lang='lat' dir='ltr'><strong>ex</strong></span> <span class='ocrx_word' id='word_1_43' title='bbox 702 522 766 554; x_wconf 86' lang='lat' dir='ltr'><strong>qna</strong></span> <span class='ocrx_word' id='word_1_44' title='bbox 785 510 841 542; x_wconf 91' lang='lat' dir='ltr'><strong>ille</strong></span> <span class='ocrx_word' id='word_1_45' title='bbox 861 510 971 552; x_wconf 89' lang='lat' dir='ltr'><strong>Phry—</strong></span> 
     </span>
     <span class='ocr_line' id='line_1_10' title="bbox 254 554 972 600; baseline -0.01 -8"><span class='ocrx_word' id='word_1_46' title='bbox 254 572 331 592; x_wconf 84' lang='lat' dir='ltr'><strong>xum</strong></span> <span class='ocrx_word' id='word_1_47' title='bbox 351 567 384 591; x_wconf 88' lang='lat' dir='ltr'><strong>et</strong></span> <span class='ocrx_word' id='word_1_48' title='bbox 402 559 522 590; x_wconf 78' lang='lat' dir='ltr'><strong>Hellen</strong></span> <span class='ocrx_word' id='word_1_49' title='bbox 539 563 729 600; x_wconf 81' lang='lat' dir='ltr'>susceperat</span> <span class='ocrx_word' id='word_1_50' title='bbox 741 582 748 596; x_wconf 90' lang='lat'><strong>,</strong></span> <span class='ocrx_word' id='word_1_51' title='bbox 772 554 891 587; x_wconf 84' lang='lat' dir='ltr'><strong>Bacchi</strong></span> <span class='ocrx_word' id='word_1_52' title='bbox 914 556 972 586; x_wconf 85' lang='lat' dir='ltr'><strong>fu·—</strong></span> 
     </span>
     <span class='ocr_line' id='line_1_11' title="bbox 255 600 969 647; baseline -0.011 -9"><span class='ocrx_word' id='word_1_53' title='bbox 255 617 329 638; x_wconf 89' lang='lat' dir='ltr'><strong>rore</strong></span> <span class='ocrx_word' id='word_1_54' title='bbox 369 604 494 647; x_wconf 83' lang='lat' dir='ltr'><strong>agitata</strong></span> <span class='ocrx_word' id='word_1_55' title='bbox 534 603 568 634; x_wconf 91' lang='lat' dir='ltr'><strong>in</strong></span> <span class='ocrx_word' id='word_1_56' title='bbox 610 602 708 634; x_wconf 84' lang='lat' dir='ltr'><strong>silvas</strong></span> <span class='ocrx_word' id='word_1_57' title='bbox 745 613 780 632; x_wconf 88' lang='lat' dir='ltr'><strong>se</strong></span> <span class='ocrx_word' id='word_1_58' title='bbox 818 600 969 632; x_wconf 89' lang='lat' dir='ltr'><strong>contulit.</strong></span> 
     </span>
     <span class='ocr_line' id='line_1_12' title="bbox 256 647 971 694; baseline -0.01 -11"><span class='ocrx_word' id='word_1_59' title='bbox 256 653 316 683; x_wconf 89' lang='lat' dir='ltr'><strong>Ino</strong></span> <span class='ocrx_word' id='word_1_60' title='bbox 338 650 507 694; x_wconf 83' lang='lat' dir='ltr'><strong>privignos</strong></span> <span class='ocrx_word' id='word_1_61' title='bbox 536 647 625 691; x_wconf 87' lang='lat' dir='ltr'><strong>apud</strong></span> <span class='ocrx_word' id='word_1_62' title='bbox 654 654 783 690; x_wconf 86' lang='lat' dir='ltr'><strong>patrem</strong></span> <span class='ocrx_word' id='word_1_63' title='bbox 817 656 971 677; x_wconf 85' lang='lat' dir='ltr'><strong>accusans</strong></span> 
     </span>
     <span class='ocr_line' id='line_1_13' title="bbox 257 690 972 738; baseline -0.01 -10"><span class='ocrx_word' id='word_1_64' title='bbox 257 708 296 729; x_wconf 89' lang='lat' dir='ltr'><strong>eo</strong></span> <span class='ocrx_word' id='word_1_65' title='bbox 312 695 482 738; x_wconf 79' lang='lat' dir='ltr'><strong>compulit,</strong></span> <span class='ocrx_word' id='word_1_66' title='bbox 503 700 539 725; x_wconf 95' lang='lat' dir='ltr'><strong>ut</strong></span> <span class='ocrx_word' id='word_1_67' title='bbox 555 703 736 725; x_wconf 87' lang='lat' dir='ltr'><strong>conscenso</strong></span> <span class='ocrx_word' id='word_1_68' title='bbox 753 702 853 723; x_wconf 83' lang='lat' dir='ltr'><strong>aureo</strong></span> <span class='ocrx_word' id='word_1_69' title='bbox 870 690 972 722; x_wconf 86' lang='lat' dir='ltr'><strong>ariete</strong></span> 
     </span>
     <span class='ocr_line' id='line_1_14' title="bbox 257 739 972 785; baseline -0.011 -11"><span class='ocrx_word' id='word_1_70' title='bbox 257 743 336 785; x_wconf 87' lang='lat' dir='ltr'><strong>fuga</strong></span> <span class='ocrx_word' id='word_1_71' title='bbox 349 741 410 772; x_wconf 88' lang='lat' dir='ltr'><strong>sibi</strong></span> <span class='ocrx_word' id='word_1_72' title='bbox 425 739 644 771; x_wconf 79' lang='lat' dir='ltr'><strong>consulerent.</strong></span> <span class='ocrx_word' id='word_1_73' title='bbox 671 740 777 777; x_wconf 83' lang='lat' dir='ltr'><strong>Quam</strong></span> <span class='ocrx_word' id='word_1_74' title='bbox 791 748 860 768; x_wconf 82' lang='lat' dir='ltr'><strong>rem</strong></span> <span class='ocrx_word' id='word_1_75' title='bbox 876 748 972 778; x_wconf 73' lang='lat' dir='ltr'><strong>aegre</strong></span> 
     </span>
     <span class='ocr_line' id='line_1_15' title="bbox 260 781 973 819; baseline -0.011 0"><span class='ocrx_word' id='word_1_76' title='bbox 260 788 369 819; x_wconf 75' lang='lat' dir='ltr'><strong>serens</strong></span> <span class='ocrx_word' id='word_1_77' title='bbox 392 787 472 817; x_wconf 82' lang='lat' dir='ltr'><strong>Iuno</strong></span> <span class='ocrx_word' id='word_1_78' title='bbox 495 783 686 815; x_wconf 81' lang='lat' dir='ltr'><strong>Athamanti</strong></span> <span class='ocrx_word' id='word_1_79' title='bbox 706 782 807 813; x_wconf 86' lang='lat' dir='ltr'><strong>furias</strong></span> <span class='ocrx_word' id='word_1_80' title='bbox 826 781 973 819; x_wconf 85' lang='lat' dir='ltr'><strong>immisit,</strong></span> 
     </span>
     <span class='ocr_line' id='line_1_16' title="bbox 260 827 971 876; baseline -0.008 -13"><span class='ocrx_word' id='word_1_81' title='bbox 260 844 343 876; x_wconf 87' lang='lat' dir='ltr'><strong>quae</strong></span> <span class='ocrx_word' id='word_1_82' title='bbox 364 831 398 862; x_wconf 90' lang='lat' dir='ltr'><strong>in</strong></span> <span class='ocrx_word' id='word_1_83' title='bbox 409 836 537 862; x_wconf 78' lang='lat' dir='ltr'>tantam</span> <span class='ocrx_word' id='word_1_84' title='bbox 553 840 627 860; x_wconf 88' lang='lat' dir='ltr'><strong>eum</strong></span> <span class='ocrx_word' id='word_1_85' title='bbox 640 828 821 870; x_wconf 85' lang='lat' dir='ltr'><strong>adegerunt</strong></span> <span class='ocrx_word' id='word_1_86' title='bbox 836 827 971 865; x_wconf 86' lang='lat' dir='ltr'><strong>rabiem,</strong></span> 
     </span>
     <span class='ocr_line' id='line_1_17' title="bbox 260 872 975 919; baseline -0.01 -10"><span class='ocrx_word' id='word_1_87' title='bbox 260 885 314 915; x_wconf 85' lang='lat' dir='ltr'><strong>ut,</strong></span> <span class='ocrx_word' id='word_1_88' title='bbox 351 887 449 919; x_wconf 85' lang='lat' dir='ltr'><strong>quum</strong></span> <span class='ocrx_word' id='word_1_89' title='bbox 470 877 530 907; x_wconf 87' lang='lat' dir='ltr'><strong>Ino</strong></span> <span class='ocrx_word' id='word_1_90' title='bbox 563 885 636 906; x_wconf 90' lang='lat' dir='ltr'><strong>cum</strong></span> <span class='ocrx_word' id='word_1_91' title='bbox 660 873 732 904; x_wconf 86' lang='lat' dir='ltr'><strong>filiis</strong></span> <span class='ocrx_word' id='word_1_92' title='bbox 754 872 906 904; x_wconf 82' lang='lat' dir='ltr'>Learcho</span> <span class='ocrx_word' id='word_1_93' title='bbox 941 877 975 902; x_wconf 86' lang='lat' dir='ltr'><strong>et</strong></span> 
     </span>
     <span class='ocr_line' id='line_1_18' title="bbox 261 916 974 959; baseline -0.011 -5"><span class='ocrx_word' id='word_1_94' title='bbox 261 922 432 954; x_wconf 78' lang='lat' dir='ltr'><strong>Melicerta</strong></span> <span class='ocrx_word' id='word_1_95' title='bbox 457 920 498 952; x_wconf 85' lang='lat' dir='ltr'><strong>ad</strong></span> <span class='ocrx_word' id='word_1_96' title='bbox 527 931 562 950; x_wconf 87' lang='lat' dir='ltr'><strong>se</strong></span> <span class='ocrx_word' id='word_1_97' title='bbox 585 918 796 951; x_wconf 80' lang='lat' dir='ltr'><strong>accedentem</strong></span> <span class='ocrx_word' id='word_1_98' title='bbox 819 916 974 959; x_wconf 88' lang='lat' dir='ltr'><strong>adspice-—</strong></span> 
     </span>
     <span class='ocr_line' id='line_1_19' title="bbox 262 963 973 1005; baseline -0.01 -6"><span class='ocrx_word' id='word_1_99' title='bbox 262 974 312 999; x_wconf 87' lang='lat' dir='ltr'><strong>ret</strong></span> <span class='ocrx_word' id='word_1_100' title='bbox 326 993 333 1005; x_wconf 91' lang='lat'><strong>,</strong></span> <span class='ocrx_word' id='word_1_101' title='bbox 367 967 453 998; x_wconf 64' lang='lat' dir='ltr'><strong>haur</strong></span> <span class='ocrx_word' id='word_1_102' title='bbox 474 965 642 1001; x_wconf 77' lang='lat' dir='ltr'><strong>leaenam,</strong></span> <span class='ocrx_word' id='word_1_103' title='bbox 679 963 763 993; x_wconf 80' lang='lat' dir='ltr'><strong>filios</strong></span> <span class='ocrx_word' id='word_1_104' title='bbox 784 968 894 993; x_wconf 87' lang='lat' dir='ltr'><strong>antem</strong></span> <span class='ocrx_word' id='word_1_105' title='bbox 916 972 973 992; x_wconf 84' lang='lat' dir='ltr'><strong>ca-</strong></span> 
     </span>
     <span class='ocr_line' id='line_1_20' title="bbox 260 1007 977 1050; baseline -0.01 -6"><span class='ocrx_word' id='word_1_106' title='bbox 260 1012 348 1044; x_wconf 90' lang='lat' dir='ltr'><strong>tulos</strong></span> <span class='ocrx_word' id='word_1_107' title='bbox 379 1011 614 1045; x_wconf 69' lang='lat' dir='ltr'><strong>arbitraretur,</strong></span> <span class='ocrx_word' id='word_1_108' title='bbox 653 1013 849 1050; x_wconf 80' lang='lat' dir='ltr'><strong>raptumque</strong></span> <span class='ocrx_word' id='word_1_109' title='bbox 871 1007 977 1038; x_wconf 88' lang='lat' dir='ltr'><strong>Lear-</strong></span> 
     </span>
     <span class='ocr_line' id='line_1_21' title="bbox 263 1052 979 1094; baseline -0.01 -5"><span class='ocrx_word' id='word_1_110' title='bbox 263 1058 359 1089; x_wconf 88' lang='lat' dir='ltr'><strong>chum</strong></span> <span class='ocrx_word' id='word_1_111' title='bbox 380 1067 459 1087; x_wconf 82' lang='lat' dir='ltr'><strong>saxo</strong></span> <span class='ocrx_word' id='word_1_112' title='bbox 481 1054 644 1092; x_wconf 75' lang='lat' dir='ltr'><strong>illideret,</strong></span> <span class='ocrx_word' id='word_1_113' title='bbox 680 1052 769 1083; x_wconf 89' lang='lat' dir='ltr'><strong>idem</strong></span> <span class='ocrx_word' id='word_1_114' title='bbox 793 1052 979 1094; x_wconf 88' lang='lat' dir='ltr'><strong>exemplum</strong></span> 
     </span>
     <span class='ocr_line' id='line_1_22' title="bbox 260 1097 978 1139; baseline -0.01 -5"><span class='ocrx_word' id='word_1_115' title='bbox 260 1103 294 1134; x_wconf 89' lang='lat' dir='ltr'><strong>in</strong></span> <span class='ocrx_word' id='word_1_116' title='bbox 322 1113 422 1133; x_wconf 79' lang='lat' dir='ltr'><strong>uxore</strong></span> <span class='ocrx_word' id='word_1_117' title='bbox 446 1099 610 1137; x_wconf 77' lang='lat' dir='ltr'><strong>editurus,</strong></span> <span class='ocrx_word' id='word_1_118' title='bbox 648 1098 709 1129; x_wconf 87' lang='lat' dir='ltr'><strong>nisi</strong></span> <span class='ocrx_word' id='word_1_119' title='bbox 741 1097 798 1128; x_wconf 80' lang='lat' dir='ltr'><strong>illa</strong></span> <span class='ocrx_word' id='word_1_120' title='bbox 822 1103 978 1139; x_wconf 89' lang='lat' dir='ltr'><strong>correpto</strong></span> 
     </span>
     <span class='ocr_line' id='line_1_23' title="bbox 261 1142 980 1179; baseline -0.01 0"><span class='ocrx_word' id='word_1_121' title='bbox 261 1147 431 1179; x_wconf 81' lang='lat' dir='ltr'><strong>Melicerta</strong></span> <span class='ocrx_word' id='word_1_122' title='bbox 451 1155 601 1177; x_wconf 82' lang='lat' dir='ltr'><strong>unacum</strong></span> <span class='ocrx_word' id='word_1_123' title='bbox 622 1143 679 1174; x_wconf 91' lang='lat' dir='ltr'><strong>illo</strong></span> <span class='ocrx_word' id='word_1_124' title='bbox 699 1143 731 1174; x_wconf 92' lang='lat' dir='ltr'><strong>in</strong></span> <span class='ocrx_word' id='word_1_125' title='bbox 750 1154 840 1174; x_wconf 84' lang='lat' dir='ltr'><strong>mare</strong></span> <span class='ocrx_word' id='word_1_126' title='bbox 860 1153 895 1173; x_wconf 89' lang='lat' dir='ltr'><strong>se</strong></span> <span class='ocrx_word' id='word_1_127' title='bbox 917 1142 980 1173; x_wconf 90' lang='lat' dir='ltr'><strong>ab-</strong></span> 
     </span>
     <span class='ocr_line' id='line_1_24' title="bbox 262 1188 980 1230; baseline -0.008 -6"><span class='ocrx_word' id='word_1_128' title='bbox 262 1192 411 1230; x_wconf 76' lang='lat' dir='ltr'><strong>iecisset,</strong></span> <span class='ocrx_word' id='word_1_129' title='bbox 437 1191 490 1221; x_wconf 84' lang='lat' dir='ltr'><strong>ubi</strong></span> <span class='ocrx_word' id='word_1_130' title='bbox 514 1190 545 1221; x_wconf 88' lang='lat' dir='ltr'><strong>in</strong></span> <span class='ocrx_word' id='word_1_131' title='bbox 572 1189 666 1220; x_wconf 75' lang='lat' dir='ltr'><strong>deam</strong></span> <span class='ocrx_word' id='word_1_132' title='bbox 687 1188 847 1219; x_wconf 84' lang='lat' dir='ltr'><strong>marinam</strong></span> <span class='ocrx_word' id='word_1_133' title='bbox 868 1194 980 1218; x_wconf 89' lang='lat' dir='ltr'><strong>trans—</strong></span> 
     </span>
     <span class='ocr_line' id='line_1_25' title="bbox 265 1232 979 1276; baseline -0.008 -7"><span class='ocrx_word' id='word_1_134' title='bbox 265 1239 409 1269; x_wconf 66' lang='lat' dir='ltr'><strong>fmmata</strong></span> <span class='ocrx_word' id='word_1_135' title='bbox 438 1244 470 1267; x_wconf 81' lang='lat' dir='ltr'><strong>et</strong></span> <span class='ocrx_word' id='word_1_136' title='bbox 505 1234 694 1266; x_wconf 81' lang='lat' dir='ltr'><strong>Leucothea</strong></span> <span class='ocrx_word' id='word_1_137' title='bbox 718 1233 818 1276; x_wconf 43' lang='lat' dir='ltr'><strong>(apud</strong></span> <span class='ocrx_word' id='word_1_138' title='bbox 841 1232 979 1264; x_wconf 86' lang='lat' dir='ltr'><strong>Latinos</strong></span> 
     </span>
     <span class='ocr_line' id='line_1_26' title="bbox 264 1277 979 1318; baseline -0.01 -3"><span class='ocrx_word' id='word_1_139' title='bbox 264 1284 404 1315; x_wconf 50' lang='lat' dir='ltr'><strong>Matutae</strong></span> <span class='ocrx_word' id='word_1_140' title='bbox 428 1288 544 1312; x_wconf 75' lang='lat' dir='ltr'><strong>vocata</strong></span> <span class='ocrx_word' id='word_1_141' title='bbox 564 1286 623 1311; x_wconf 81' lang='lat' dir='ltr'><strong>est.</strong></span> <span class='ocrx_word' id='word_1_142' title='bbox 651 1282 678 1318; x_wconf 90' lang='lat' dir='ltr'><strong>l,</strong></span> <span class='ocrx_word' id='word_1_143' title='bbox 697 1282 758 1312; x_wconf 58' lang='lat'><strong>25:</strong></span> <span class='ocrx_word' id='word_1_144' title='bbox 787 1277 979 1310; x_wconf 87' lang='lat' dir='ltr'><strong>ubiv.Adn.</strong></span> 
     </span>
     <span class='ocr_line' id='line_1_27' title="bbox 267 1330 514 1360; baseline -0.004 -2"><span class='ocrx_word' id='word_1_145' title='bbox 267 1330 336 1360; x_wconf 68' lang='lat' dir='ltr'><strong>(Jfr.</strong></span> <span class='ocrx_word' id='word_1_146' title='bbox 355 1330 514 1359; x_wconf 72' lang='lat' dir='ltr'><strong>Athamas.</strong></span> 
     </span>
    </p>

    <p class='ocr_par' dir='ltr' id='par_1_7' title="bbox 222 1368 980 1451">
     <span class='ocr_line' id='line_1_28' title="bbox 222 1368 980 1410; baseline -0.011 -4"><span class='ocrx_word' id='word_1_147' title='bbox 222 1376 303 1406; x_wconf 76' lang='lat' dir='ltr'><strong>Iovis</strong></span> <span class='ocrx_word' id='word_1_148' title='bbox 324 1375 464 1410; x_wconf 70' lang='lat' dir='ltr'><strong>satelles,</strong></span> <span class='ocrx_word' id='word_1_149' title='bbox 491 1370 620 1408; x_wconf 86' lang='lat' dir='ltr'><strong>vultur,</strong></span> <span class='ocrx_word' id='word_1_150' title='bbox 646 1368 701 1410; x_wconf 90' lang='lat' dir='ltr'><strong>qui</strong></span> <span class='ocrx_word' id='word_1_151' title='bbox 722 1368 813 1399; x_wconf 85' lang='lat' dir='ltr'><strong>iecur</strong></span> <span class='ocrx_word' id='word_1_152' title='bbox 841 1369 980 1399; x_wconf 89' lang='lat' dir='ltr'><strong>Prome-</strong></span> 
     </span>
     <span class='ocr_line' id='line_1_29' title="bbox 264 1415 692 1451; baseline -0.009 -2"><span class='ocrx_word' id='word_1_153' title='bbox 264 1418 331 1449; x_wconf 83' lang='lat' dir='ltr'><strong>thei</strong></span> <span class='ocrx_word' id='word_1_154' title='bbox 357 1415 545 1447; x_wconf 80' lang='lat' dir='ltr'><strong>dilaniabat.</strong></span> <span class='ocrx_word' id='word_1_155' title='bbox 570 1418 610 1451; x_wconf 64' lang='lat'><strong>2,</strong></span> <span class='ocrx_word' id='word_1_156' title='bbox 638 1416 692 1446; x_wconf 64' lang='lat'><strong>⁴54.</strong></span> 
     </span>
    </p>

    <p class='ocr_par' dir='ltr' id='par_1_8' title="bbox 221 1457 983 2132">
     <span class='ocr_line' id='line_1_30' title="bbox 221 1457 982 1504; baseline -0.012 -8"><span class='ocrx_word' id='word_1_157' title='bbox 221 1465 380 1504; x_wconf 60' lang='lat' dir='ltr'><strong>Iphigenia</strong></span> <span class='ocrx_word' id='word_1_158' title='bbox 394 1486 402 1501; x_wconf 96' lang='lat'><strong>,</strong></span> <span class='ocrx_word' id='word_1_159' title='bbox 431 1461 495 1492; x_wconf 80' lang='lat' dir='ltr'><strong>filia</strong></span> <span class='ocrx_word' id='word_1_160' title='bbox 514 1457 768 1502; x_wconf 73' lang='lat' dir='ltr'><strong>Agamemnonis</strong></span> <span class='ocrx_word' id='word_1_161' title='bbox 789 1463 822 1488; x_wconf 87' lang='lat' dir='ltr'><strong>et</strong></span> <span class='ocrx_word' id='word_1_162' title='bbox 845 1457 982 1500; x_wconf 80' lang='lat' dir='ltr'><strong>Clytae-</strong></span> 
     </span>
     <span class='ocr_line' id='line_1_31' title="bbox 268 1503 981 1546; baseline -0.01 -7"><span class='ocrx_word' id='word_1_163' title='bbox 268 1515 442 1539; x_wconf 83' lang='lat' dir='ltr'><strong>mnestrae.</strong></span> <span class='ocrx_word' id='word_1_164' title='bbox 492 1507 599 1544; x_wconf 85' lang='lat' dir='ltr'><strong>Quum</strong></span> <span class='ocrx_word' id='word_1_165' title='bbox 622 1507 824 1546; x_wconf 78' lang='lat' dir='ltr'><strong>Agamemno</strong></span> <span class='ocrx_word' id='word_1_166' title='bbox 855 1503 888 1533; x_wconf 94' lang='lat' dir='ltr'><strong>in</strong></span> <span class='ocrx_word' id='word_1_167' title='bbox 911 1505 981 1533; x_wconf 88' lang='lat' dir='ltr'><strong>Au—</strong></span> 
     </span>
     <span class='ocr_line' id='line_1_32' title="bbox 264 1547 983 1591; baseline -0.008 -7"><span class='ocrx_word' id='word_1_168' title='bbox 264 1553 330 1585; x_wconf 89' lang='lat' dir='ltr'><strong>lide</strong></span> <span class='ocrx_word' id='word_1_169' title='bbox 364 1562 496 1583; x_wconf 81' lang='lat' dir='ltr'><strong>cervum</strong></span> <span class='ocrx_word' id='word_1_170' title='bbox 518 1550 641 1581; x_wconf 84' lang='lat' dir='ltr'><strong>Dianae</strong></span> <span class='ocrx_word' id='word_1_171' title='bbox 669 1548 858 1591; x_wconf 84' lang='lat' dir='ltr'><strong>imprudens</strong></span> <span class='ocrx_word' id='word_1_172' title='bbox 891 1547 983 1579; x_wconf 87' lang='lat' dir='ltr'><strong>occi—</strong></span> 
     </span>
     <span class='ocr_line' id='line_1_33' title="bbox 266 1592 982 1637; baseline -0.008 -8"><span class='ocrx_word' id='word_1_173' title='bbox 266 1598 379 1637; x_wconf 82' lang='lat' dir='ltr'><strong>disset,</strong></span> <span class='ocrx_word' id='word_1_174' title='bbox 406 1598 473 1627; x_wconf 83' lang='lat' dir='ltr'><strong>Dea</strong></span> <span class='ocrx_word' id='word_1_175' title='bbox 486 1595 655 1637; x_wconf 78' lang='lat' dir='ltr'><strong>indignata</strong></span> <span class='ocrx_word' id='word_1_176' title='bbox 669 1594 841 1626; x_wconf 81' lang='lat' dir='ltr'><strong>contrariis</strong></span> <span class='ocrx_word' id='word_1_177' title='bbox 854 1592 982 1624; x_wconf 79' lang='lat' dir='ltr'><strong>{latibus</strong></span> 
     </span>
     <span class='ocr_line' id='line_1_34' title="bbox 267 1638 982 1683; baseline -0.008 -8"><span class='ocrx_word' id='word_1_178' title='bbox 267 1645 469 1675; x_wconf 84' lang='lat' dir='ltr'><strong>Graecorum</strong></span> <span class='ocrx_word' id='word_1_179' title='bbox 501 1639 747 1683; x_wconf 77' lang='lat' dir='ltr'><strong>expeditionem</strong></span> <span class='ocrx_word' id='word_1_180' title='bbox 779 1639 820 1670; x_wconf 90' lang='lat' dir='ltr'><strong>ad</strong></span> <span class='ocrx_word' id='word_1_181' title='bbox 847 1638 982 1670; x_wconf 82' lang='lat' dir='ltr'><strong>Troiam</strong></span> 
     </span>
     <span class='ocr_line' id='line_1_35' title="bbox 267 1684 981 1726; baseline -0.008 -6"><span class='ocrx_word' id='word_1_182' title='bbox 267 1696 317 1720; x_wconf 87' lang='lat' dir='ltr'><strong>est</strong></span> <span class='ocrx_word' id='word_1_183' title='bbox 341 1693 517 1719; x_wconf 87' lang='lat' dir='ltr'><strong>remorata.</strong></span> <span class='ocrx_word' id='word_1_184' title='bbox 567 1687 638 1724; x_wconf 81' lang='lat' dir='ltr'><strong>Qua</strong></span> <span class='ocrx_word' id='word_1_185' title='bbox 670 1684 710 1715; x_wconf 88' lang='lat' dir='ltr'><strong>de</strong></span> <span class='ocrx_word' id='word_1_186' title='bbox 746 1696 782 1715; x_wconf 85' lang='lat' dir='ltr'><strong>re</strong></span> <span class='ocrx_word' id='word_1_187' title='bbox 803 1695 901 1726; x_wconf 86' lang='lat' dir='ltr'><strong>quum</strong></span> <span class='ocrx_word' id='word_1_188' title='bbox 919 1695 981 1714; x_wconf 81' lang='lat' dir='ltr'><strong>va—</strong></span> 
     </span>
     <span class='ocr_line' id='line_1_36' title="bbox 265 1732 981 1772; baseline -0.008 -7"><span class='ocrx_word' id='word_1_189' title='bbox 265 1741 314 1765; x_wconf 91' lang='lat' dir='ltr'><strong>tes</strong></span> <span class='ocrx_word' id='word_1_190' title='bbox 335 1732 560 1768; x_wconf 85' lang='lat' dir='ltr'><strong>consulerent,</strong></span> <span class='ocrx_word' id='word_1_191' title='bbox 583 1741 777 1772; x_wconf 85' lang='lat' dir='ltr'><strong>responsum</strong></span> <span class='ocrx_word' id='word_1_192' title='bbox 799 1735 867 1767; x_wconf 87' lang='lat' dir='ltr'><strong>est,</strong></span> <span class='ocrx_word' id='word_1_193' title='bbox 890 1732 981 1771; x_wconf 62' lang='lat' dir='ltr'><strong>Aga·</strong></span> 
     </span>
     <span class='ocr_line' id='line_1_37' title="bbox 263 1774 979 1818; baseline -0.008 -8"><span class='ocrx_word' id='word_1_194' title='bbox 263 1777 447 1810; x_wconf 89' lang='lat' dir='ltr'><strong>memnonis</strong></span> <span class='ocrx_word' id='word_1_195' title='bbox 481 1775 639 1818; x_wconf 84' lang='lat' dir='ltr'><strong>sanguine</strong></span> <span class='ocrx_word' id='word_1_196' title='bbox 673 1774 769 1806; x_wconf 87' lang='lat' dir='ltr'><strong>deam</strong></span> <span class='ocrx_word' id='word_1_197' title='bbox 802 1786 872 1805; x_wconf 70' lang='lat' dir='ltr'><strong>csse</strong></span> <span class='ocrx_word' id='word_1_198' title='bbox 904 1774 979 1816; x_wconf 90' lang='lat' dir='ltr'><strong>pla—</strong></span> 
     </span>
     <span class='ocr_line' id='line_1_38' title="bbox 267 1818 980 1863; baseline -0.01 -7"><span class='ocrx_word' id='word_1_199' title='bbox 267 1823 417 1856; x_wconf 89' lang='lat' dir='ltr'><strong>candam.</strong></span> <span class='ocrx_word' id='word_1_200' title='bbox 455 1822 574 1854; x_wconf 87' lang='lat' dir='ltr'><strong>Missus</strong></span> <span class='ocrx_word' id='word_1_201' title='bbox 591 1820 691 1863; x_wconf 81' lang='lat' dir='ltr'><strong>igitur</strong></span> <span class='ocrx_word' id='word_1_202' title='bbox 710 1819 823 1851; x_wconf 78' lang='lat' dir='ltr'><strong>Ulixes</strong></span> <span class='ocrx_word' id='word_1_203' title='bbox 844 1818 980 1861; x_wconf 81' lang='lat' dir='ltr'><strong>Iphige-</strong></span> 
     </span>
     <span class='ocr_line' id='line_1_39' title="bbox 261 1864 981 1904; baseline -0.008 -3"><span class='ocrx_word' id='word_1_204' title='bbox 261 1869 352 1902; x_wconf 85' lang='lat' dir='ltr'><strong>niam</strong></span> <span class='ocrx_word' id='word_1_205' title='bbox 381 1874 453 1899; x_wconf 88' lang='lat' dir='ltr'><strong>astu</strong></span> <span class='ocrx_word' id='word_1_206' title='bbox 484 1879 503 1899; x_wconf 91' lang='lat' dir='ltr'><strong>a</strong></span> <span class='ocrx_word' id='word_1_207' title='bbox 534 1873 640 1897; x_wconf 88' lang='lat' dir='ltr'><strong>matre</strong></span> <span class='ocrx_word' id='word_1_208' title='bbox 668 1864 822 1904; x_wconf 77' lang='lat' dir='ltr'><strong>abduxit,</strong></span> <span class='ocrx_word' id='word_1_209' title='bbox 860 1864 981 1895; x_wconf 84' lang='lat' dir='ltr'><strong>Achilli</strong></span> 
     </span>
     <span class='ocr_line' id='line_1_40' title="bbox 264 1909 978 1956; baseline -0.008 -10"><span class='ocrx_word' id='word_1_210' title='bbox 264 1926 336 1946; x_wconf 87' lang='lat' dir='ltr'><strong>eam</strong></span> <span class='ocrx_word' id='word_1_211' title='bbox 354 1920 529 1956; x_wconf 85' lang='lat' dir='ltr'><strong>nupturam</strong></span> <span class='ocrx_word' id='word_1_212' title='bbox 546 1911 714 1952; x_wconf 84' lang='lat' dir='ltr'><strong>simulans,</strong></span> <span class='ocrx_word' id='word_1_213' title='bbox 739 1921 903 1952; x_wconf 83' lang='lat' dir='ltr'><strong>quumque</strong></span> <span class='ocrx_word' id='word_1_214' title='bbox 914 1909 978 1941; x_wconf 89' lang='lat' dir='ltr'><strong>iam</strong></span> 
     </span>
     <span class='ocr_line' id='line_1_41' title="bbox 262 1954 980 1994; baseline -0.008 -3"><span class='ocrx_word' id='word_1_215' title='bbox 262 1958 465 1991; x_wconf 84' lang='lat' dir='ltr'><strong>immolanda</strong></span> <span class='ocrx_word' id='word_1_216' title='bbox 497 1963 601 1994; x_wconf 88' lang='lat' dir='ltr'><strong>essct,</strong></span> <span class='ocrx_word' id='word_1_217' title='bbox 647 1955 709 1986; x_wconf 85' lang='lat' dir='ltr'><strong>dea</strong></span> <span class='ocrx_word' id='word_1_218' title='bbox 748 1955 815 1986; x_wconf 89' lang='lat' dir='ltr'><strong>eins</strong></span> <span class='ocrx_word' id='word_1_219' title='bbox 847 1954 980 1986; x_wconf 86' lang='lat' dir='ltr'><strong>miserta</strong></span> 
     </span>
     <span class='ocr_line' id='line_1_42' title="bbox 263 2000 980 2046; baseline -0.008 -10"><span class='ocrx_word' id='word_1_220' title='bbox 263 2015 392 2037; x_wconf 87' lang='lat' dir='ltr'><strong>cervam</strong></span> <span class='ocrx_word' id='word_1_221' title='bbox 421 2014 483 2046; x_wconf 90' lang='lat' dir='ltr'><strong>pro</strong></span> <span class='ocrx_word' id='word_1_222' title='bbox 517 2013 555 2034; x_wconf 87' lang='lat' dir='ltr'><strong>ea</strong></span> <span class='ocrx_word' id='word_1_223' title='bbox 587 2000 779 2044; x_wconf 85' lang='lat' dir='ltr'><strong>supposuit,</strong></span> <span class='ocrx_word' id='word_1_224' title='bbox 819 2000 980 2042; x_wconf 72' lang='lat' dir='ltr'><strong>virginem</strong></span> 
     </span>
     <span class='ocr_line' id='line_1_43' title="bbox 262 2045 979 2089; baseline -0.006 -9"><span class='ocrx_word' id='word_1_225' title='bbox 262 2056 371 2081; x_wconf 87' lang='lat' dir='ltr'><strong>autem</strong></span> <span class='ocrx_word' id='word_1_226' title='bbox 392 2048 426 2080; x_wconf 90' lang='lat' dir='ltr'><strong>in</strong></span> <span class='ocrx_word' id='word_1_227' title='bbox 447 2047 622 2080; x_wconf 86' lang='lat' dir='ltr'><strong>Tauricam</strong></span> <span class='ocrx_word' id='word_1_228' title='bbox 641 2045 807 2089; x_wconf 82' lang='lat' dir='ltr'><strong>regionem</strong></span> <span class='ocrx_word' id='word_1_229' title='bbox 830 2051 979 2077; x_wconf 83' lang='lat' dir='ltr'><strong>transtu-</strong></span> 
     </span>
     <span class='ocr_line' id='line_1_44' title="bbox 260 2092 487 2132; baseline -0.004 -7"><span class='ocrx_word' id='word_1_230' title='bbox 260 2093 311 2125; x_wconf 87' lang='lat' dir='ltr'><strong>lit.</strong></span> <span class='ocrx_word' id='word_1_231' title='bbox 348 2095 385 2132; x_wconf 91' lang='lat' dir='ltr'><strong>l,</strong></span> <span class='ocrx_word' id='word_1_232' title='bbox 413 2092 487 2125; x_wconf 86' lang='grc'>116.</span> 
     </span>
    </p>

    <p class='ocr_par' dir='ltr' id='par_1_9' title="bbox 218 2136 977 2225">
     <span class='ocr_line' id='line_1_45' title="bbox 218 2136 977 2177; baseline -0.007 -6"><span class='ocrx_word' id='word_1_233' title='bbox 218 2141 384 2177; x_wconf 77' lang='lat' dir='ltr'><strong>Isocrates,</strong></span> <span class='ocrx_word' id='word_1_234' title='bbox 426 2138 541 2169; x_wconf 88' lang='lat' dir='ltr'><strong>rhetor</strong></span> <span class='ocrx_word' id='word_1_235' title='bbox 579 2147 723 2168; x_wconf 88' lang='lat' dir='ltr'><strong>summus</strong></span> <span class='ocrx_word' id='word_1_236' title='bbox 764 2136 977 2172; x_wconf 83' lang='lat' dir='ltr'><strong>Graecorum,</strong></span> 
     </span>
     <span class='ocr_line' id='line_1_46' title="bbox 261 2181 976 2225; baseline -0.006 -10"><span class='ocrx_word' id='word_1_237' title='bbox 261 2182 470 2215; x_wconf 87' lang='lat' dir='ltr'><strong>Atheniensis</strong></span> <span class='ocrx_word' id='word_1_238' title='bbox 483 2207 491 2223; x_wconf 90' lang='lat'>‚</span> <span class='ocrx_word' id='word_1_239' title='bbox 518 2182 662 2225; x_wconf 85' lang='lat' dir='ltr'><strong>Gorgiae</strong></span> <span class='ocrx_word' id='word_1_240' title='bbox 680 2181 858 2224; x_wconf 87' lang='lat' dir='ltr'><strong>discipulus</strong></span> <span class='ocrx_word' id='word_1_241' title='bbox 871 2206 878 2217; x_wconf 83' lang='lat'><strong>,</strong></span> <span class='ocrx_word' id='word_1_242' title='bbox 905 2193 931 2212; x_wconf 92' lang='lat' dir='ltr'><strong>c.</strong></span> <span class='ocrx_word' id='word_1_243' title='bbox 949 2192 976 2211; x_wconf 79' lang='lat' dir='ltr'><strong>a.</strong></span> 
     </span>
    </p>
   </div>
   <div class='ocr_carea' id='block_1_7' title="bbox 261 2227 650 2266">
    <p class='ocr_par' dir='ltr' id='par_1_10' title="bbox 261 2227 650 2266">
     <span class='ocr_line' id='line_1_47' title="bbox 261 2227 650 2266; baseline -0.005 -6"><span class='ocrx_word' id='word_1_244' title='bbox 261 2227 338 2260; x_wconf 77' lang='lat'><strong>400.</strong></span> <span class='ocrx_word' id='word_1_245' title='bbox 353 2239 382 2259; x_wconf 88' lang='lat' dir='ltr'><strong>a.</strong></span> <span class='ocrx_word' id='word_1_246' title='bbox 402 2227 477 2258; x_wconf 90' lang='lat' dir='ltr'><strong>Chr.</strong></span> <span class='ocrx_word' id='word_1_247' title='bbox 495 2245 541 2251; x_wconf 88' lang='lat'>—</span> <span class='ocrx_word' id='word_1_248' title='bbox 566 2228 594 2266; x_wconf 86' lang='lat'><strong>1,</strong></span> <span class='ocrx_word' id='word_1_249' title='bbox 619 2227 650 2260; x_wconf 78' lang='lat'><strong>7.</strong></span> 
     </span>
    </p>
   </div>
   <div class='ocr_carea' id='block_1_8' title="bbox 578 2307 618 2336">
    <p class='ocr_par' dir='ltr' id='par_1_11' title="bbox 578 2307 618 2336">
     <span class='ocr_line' id='line_1_48' title="bbox 578 2307 618 2336; baseline 0 0"><span class='ocrx_word' id='word_1_250' title='bbox 578 2307 618 2336; x_wconf 90' lang='lat' dir='ltr'><strong>K.</strong></span> 
     </span>
    </p>
   </div>
   <div class='ocr_carea' id='block_1_9' title="bbox 216 2359 978 2444">
    <p class='ocr_par' dir='ltr' id='par_1_12' title="bbox 216 2359 978 2444">
     <span class='ocr_line' id='line_1_49' title="bbox 216 2359 978 2404; baseline -0.008 -7"><span class='ocrx_word' id='word_1_251' title='bbox 216 2364 510 2404; x_wconf 67' lang='lat' dir='ltr'><strong>Karthaginienses,</strong></span> <span class='ocrx_word' id='word_1_252' title='bbox 533 2359 659 2391; x_wconf 82' lang='lat' dir='ltr'><strong>incolae</strong></span> <span class='ocrx_word' id='word_1_253' title='bbox 680 2360 897 2403; x_wconf 73' lang='lat' dir='ltr'><strong>CarthaginiS,</strong></span> <span class='ocrx_word' id='word_1_254' title='bbox 921 2372 978 2392; x_wconf 86' lang='lat' dir='ltr'><strong>nr-</strong></span> 
     </span>
     <span class='ocr_line' id='line_1_50' title="bbox 259 2403 978 2444; baseline -0.003 -3"><span class='ocrx_word' id='word_1_255' title='bbox 259 2409 310 2441; x_wconf 90' lang='lat' dir='ltr'><strong>bis</strong></span> <span class='ocrx_word' id='word_1_256' title='bbox 328 2409 362 2440; x_wconf 90' lang='lat' dir='ltr'><strong>in</strong></span> <span class='ocrx_word' id='word_1_257' title='bbox 385 2406 497 2439; x_wconf 77' lang='lat' dir='ltr'><strong>Africa</strong></span> <span class='ocrx_word' id='word_1_258' title='bbox 516 2405 608 2444; x_wconf 86' lang='lat' dir='ltr'><strong>sitae,</strong></span> <span class='ocrx_word' id='word_1_259' title='bbox 639 2403 709 2437; x_wconf 68' lang='lat'><strong>146.</strong></span> <span class='ocrx_word' id='word_1_260' title='bbox 727 2418 754 2438; x_wconf 92' lang='lat' dir='ltr'><strong>a.</strong></span> <span class='ocrx_word' id='word_1_261' title='bbox 772 2406 846 2438; x_wconf 86' lang='lat' dir='ltr'><strong>Chr.</strong></span> <span class='ocrx_word' id='word_1_262' title='bbox 869 2417 887 2437; x_wconf 87' lang='lat' dir='ltr'><strong>a</strong></span> <span class='ocrx_word' id='word_1_263' title='bbox 907 2407 978 2439; x_wconf 86' lang='lat' dir='ltr'><strong>Ro-</strong></span> 
     </span>
    </p>
   </div>
   <div class='ocr_carea' id='block_1_10' title="bbox 261 2449 674 2490">
    <p class='ocr_par' dir='ltr' id='par_1_13' title="bbox 261 2449 674 2490">
     <span class='ocr_line' id='line_1_51' title="bbox 261 2449 674 2490; baseline -0.012 -4"><span class='ocrx_word' id='word_1_264' title='bbox 261 2453 366 2486; x_wconf 86' lang='lat' dir='ltr'><strong>manis</strong></span> <span class='ocrx_word' id='word_1_265' title='bbox 390 2452 530 2484; x_wconf 85' lang='lat' dir='ltr'><strong>deletae.</strong></span> <span class='ocrx_word' id='word_1_266' title='bbox 553 2451 573 2483; x_wconf 78' lang='lat'>5</span> <span class='ocrx_word' id='word_1_267' title='bbox 588 2475 597 2490; x_wconf 91' lang='lat'><strong>,</strong></span> <span class='ocrx_word' id='word_1_268' title='bbox 621 2449 674 2482; x_wconf 77' lang='lat'><strong>53.</strong></span> 
     </span>
    </p>
   </div>
   <div class='ocr_carea' id='block_1_11' title="bbox 576 2531 613 2561">
    <p class='ocr_par' dir='ltr' id='par_1_14' title="bbox 576 2531 613 2561">
     <span class='ocr_line' id='line_1_52' title="bbox 576 2531 613 2561; baseline 0 0"><span class='ocrx_word' id='word_1_269' title='bbox 576 2531 613 2561; x_wconf 88' lang='lat' dir='ltr'><strong>L.</strong></span> 
     </span>
    </p>
   </div>
   <div class='ocr_carea' id='block_1_12' title="bbox 212 2584 974 2988">
    <p class='ocr_par' dir='ltr' id='par_1_15' title="bbox 215 2584 829 2628">
     <span class='ocr_line' id='line_1_53' title="bbox 215 2584 829 2628; baseline -0.015 -5"><span class='ocrx_word' id='word_1_270' title='bbox 215 2591 408 2623; x_wconf 77' lang='lat' dir='ltr'><strong>Lacedaemo</strong></span> <span class='ocrx_word' id='word_1_271' title='bbox 422 2612 432 2627; x_wconf 92' lang='lat'><strong>,</strong></span> <span class='ocrx_word' id='word_1_272' title='bbox 454 2586 488 2618; x_wconf 90' lang='lat' dir='ltr'><strong>in</strong></span> <span class='ocrx_word' id='word_1_273' title='bbox 507 2585 735 2628; x_wconf 83' lang='lat' dir='ltr'><strong>Peloponneso</strong></span> <span class='ocrx_word' id='word_1_274' title='bbox 757 2584 829 2615; x_wconf 78' lang='lat' dir='ltr'><strong>sira.</strong></span> 
     </span>
    </p>

    <p class='ocr_par' dir='ltr' id='par_1_16' title="bbox 215 2629 974 2765">
     <span class='ocr_line' id='line_1_54' title="bbox 215 2629 974 2676; baseline -0.013 -7"><span class='ocrx_word' id='word_1_275' title='bbox 215 2637 376 2676; x_wconf 68' lang='lat' dir='ltr'><strong>Lacydes,</strong></span> <span class='ocrx_word' id='word_1_276' title='bbox 415 2633 620 2676; x_wconf 78' lang='lat' dir='ltr'><strong>Cyrenaeus,</strong></span> <span class='ocrx_word' id='word_1_277' title='bbox 658 2629 893 2673; x_wconf 76' lang='lat' dir='ltr'><strong>philosophuS,</strong></span> <span class='ocrx_word' id='word_1_278' title='bbox 920 2630 974 2672; x_wconf 86' lang='lat' dir='ltr'><strong>qni</strong></span> 
     </span>
     <span class='ocr_line' id='line_1_55' title="bbox 259 2674 973 2717; baseline -0.01 -5"><span class='ocrx_word' id='word_1_279' title='bbox 259 2679 442 2717; x_wconf 86' lang='lat' dir='ltr'><strong>Arcesilae,</strong></span> <span class='ocrx_word' id='word_1_280' title='bbox 478 2687 583 2708; x_wconf 89' lang='lat' dir='ltr'><strong>novae</strong></span> <span class='ocrx_word' id='word_1_281' title='bbox 611 2674 797 2707; x_wconf 68' lang='lat' dir='ltr'><strong>acad&#39;emiae</strong></span> <span class='ocrx_word' id='word_1_282' title='bbox 819 2675 973 2713; x_wconf 87' lang='lat' dir='ltr'><strong>auctoris,</strong></span> 
     </span>
     <span class='ocr_line' id='line_1_56' title="bbox 256 2721 579 2765; baseline -0.015 -8"><span class='ocrx_word' id='word_1_283' title='bbox 256 2724 405 2757; x_wconf 85' lang='lat' dir='ltr'><strong>scholam</strong></span> <span class='ocrx_word' id='word_1_284' title='bbox 424 2721 579 2765; x_wconf 85' lang='lat' dir='ltr'><strong>suscepit.</strong></span> 
     </span>
    </p>

    <p class='ocr_par' dir='ltr' id='par_1_17' title="bbox 214 2764 971 2858">
     <span class='ocr_line' id='line_1_57' title="bbox 214 2764 971 2809; baseline -0.011 -6"><span class='ocrx_word' id='word_1_285' title='bbox 214 2772 341 2803; x_wconf 83' lang='lat' dir='ltr'><strong>Laelius</strong></span> <span class='ocrx_word' id='word_1_286' title='bbox 361 2771 394 2801; x_wconf 88' lang='lat' dir='ltr'><strong>C.</strong></span> <span class='ocrx_word' id='word_1_287' title='bbox 407 2792 416 2808; x_wconf 91' lang='lat'><strong>,</strong></span> <span class='ocrx_word' id='word_1_288' title='bbox 451 2765 649 2809; x_wconf 79' lang='lat' dir='ltr'><strong>cognomine</strong></span> <span class='ocrx_word' id='word_1_289' title='bbox 671 2764 826 2809; x_wconf 83' lang='lat' dir='ltr'><strong>Sapiens,</strong></span> <span class='ocrx_word' id='word_1_290' title='bbox 851 2764 971 2796; x_wconf 87' lang='lat' dir='ltr'><strong>amicus</strong></span> 
     </span>
     <span class='ocr_line' id='line_1_58' title="bbox 257 2810 765 2858; baseline -0.01 -12"><span class='ocrx_word' id='word_1_291' title='bbox 257 2813 421 2858; x_wconf 91' lang='lat' dir='ltr'><strong>Scipionis</strong></span> <span class='ocrx_word' id='word_1_292' title='bbox 444 2811 593 2844; x_wconf 76' lang='lat' dir='ltr'><strong>Africani</strong></span> <span class='ocrx_word' id='word_1_293' title='bbox 614 2810 765 2843; x_wconf 89' lang='lat' dir='ltr'><strong>Minoris.</strong></span> 
     </span>
    </p>

    <p class='ocr_par' dir='ltr' id='par_1_18' title="bbox 212 2856 970 2941">
     <span class='ocr_line' id='line_1_59' title="bbox 212 2856 970 2896; baseline -0.008 -3"><span class='ocrx_word' id='word_1_294' title='bbox 212 2862 338 2893; x_wconf 82' lang='lat' dir='ltr'><strong>Laelius</strong></span> <span class='ocrx_word' id='word_1_295' title='bbox 356 2861 395 2890; x_wconf 89' lang='lat' dir='ltr'><strong>D.</strong></span> <span class='ocrx_word' id='word_1_296' title='bbox 441 2859 580 2896; x_wconf 89' lang='lat' dir='ltr'><strong>Orator,</strong></span> <span class='ocrx_word' id='word_1_297' title='bbox 612 2856 662 2888; x_wconf 82' lang='lat' dir='ltr'><strong>vir</strong></span> <span class='ocrx_word' id='word_1_298' title='bbox 682 2856 806 2894; x_wconf 82' lang='lat' dir='ltr'><strong>bonus,</strong></span> <span class='ocrx_word' id='word_1_299' title='bbox 841 2861 874 2886; x_wconf 83' lang='lat' dir='ltr'><strong>et</strong></span> <span class='ocrx_word' id='word_1_300' title='bbox 895 2866 970 2887; x_wconf 89' lang='lat' dir='ltr'><strong>me-</strong></span> 
     </span>
     <span class='ocr_line' id='line_1_60' title="bbox 255 2901 680 2941; baseline -0.012 -4"><span class='ocrx_word' id='word_1_301' title='bbox 255 2903 412 2936; x_wconf 87' lang='lat' dir='ltr'><strong>diocriter</strong></span> <span class='ocrx_word' id='word_1_302' title='bbox 435 2902 561 2934; x_wconf 89' lang='lat' dir='ltr'><strong>doctus.</strong></span> <span class='ocrx_word' id='word_1_303' title='bbox 587 2901 625 2941; x_wconf 91' lang='lat'><strong>1,</strong></span> <span class='ocrx_word' id='word_1_304' title='bbox 649 2901 680 2933; x_wconf 85' lang='lat'><strong>5.</strong></span> 
     </span>
    </p>

    <p class='ocr_par' dir='ltr' id='par_1_19' title="bbox 212 2944 902 2988">
     <span class='ocr_line' id='line_1_61' title="bbox 212 2944 902 2988; baseline -0.006 -8"><span class='ocrx_word' id='word_1_305' title='bbox 212 2950 327 2987; x_wconf 81' lang='lat' dir='ltr'><strong>Laius,</strong></span> <span class='ocrx_word' id='word_1_306' title='bbox 350 2959 407 2979; x_wconf 86' lang='lat' dir='ltr'><strong>rex</strong></span> <span class='ocrx_word' id='word_1_307' title='bbox 428 2947 617 2979; x_wconf 85' lang='lat' dir='ltr'><strong>Thebarum</strong></span> <span class='ocrx_word' id='word_1_308' title='bbox 630 2971 638 2981; x_wconf 81' lang='lat'><strong>,</strong></span> <span class='ocrx_word' id='word_1_309' title='bbox 661 2952 756 2988; x_wconf 88' lang='lat' dir='ltr'><strong>pater</strong></span> <span class='ocrx_word' id='word_1_310' title='bbox 776 2944 902 2988; x_wconf 89' lang='lat' dir='ltr'><strong>Oedipi.</strong></span> 
     </span>
    </p>
   </div>
   <div class='ocr_carea' id='block_1_13' title="bbox 757 67 1204 112">
    <p class='ocr_par' dir='ltr' id='par_1_20' title="bbox 757 67 1204 112">
     <span class='ocr_line' id='line_1_62' title="bbox 757 67 1204 112; baseline -0.009 -10"><span class='ocrx_word' id='word_1_311' title='bbox 757 69 901 102; x_wconf 79' lang='lat' dir='ltr'>INDEX</span> <span class='ocrx_word' id='word_1_312' title='bbox 918 67 1204 112; x_wconf 35' lang='lat' dir='ltr'><strong>,HISTomcus</strong></span> 
     </span>
    </p>
   </div>
   <div class='ocr_carea' id='block_1_14' title="bbox 1001 144 1772 593">
    <p class='ocr_par' dir='ltr' id='par_1_21' title="bbox 1001 144 1765 235">
     <span class='ocr_line' id='line_1_63' title="bbox 1001 144 1765 189; baseline -0.003 -9"><span class='ocrx_word' id='word_1_313' title='bbox 1001 149 1216 188; x_wconf 80' lang='lat' dir='ltr'><strong>Lampsacus,</strong></span> <span class='ocrx_word' id='word_1_314' title='bbox 1249 145 1327 178; x_wconf 84' lang='lat' dir='ltr'><strong>urbs</strong></span> <span class='ocrx_word' id='word_1_315' title='bbox 1351 145 1466 184; x_wconf 80' lang='lat' dir='ltr'><strong>Asiae,</strong></span> <span class='ocrx_word' id='word_1_316' title='bbox 1490 144 1534 176; x_wconf 86' lang='lat' dir='ltr'><strong>ad</strong></span> <span class='ocrx_word' id='word_1_317' title='bbox 1556 144 1765 189; x_wconf 84' lang='lat' dir='ltr'><strong>Hellespon-</strong></span> 
     </span>
     <span class='ocr_line' id='line_1_64' title="bbox 1046 187 1562 235; baseline -0.004 -11"><span class='ocrx_word' id='word_1_318' title='bbox 1046 199 1116 224; x_wconf 87' lang='lat' dir='ltr'><strong>tum</strong></span> <span class='ocrx_word' id='word_1_319' title='bbox 1133 192 1168 224; x_wconf 89' lang='lat' dir='ltr'><strong>in</strong></span> <span class='ocrx_word' id='word_1_320' title='bbox 1189 191 1298 235; x_wconf 85' lang='lat' dir='ltr'><strong>Mysia</strong></span> <span class='ocrx_word' id='word_1_321' title='bbox 1318 190 1393 222; x_wconf 88' lang='lat' dir='ltr'><strong>sita.</strong></span> <span class='ocrx_word' id='word_1_322' title='bbox 1419 191 1458 230; x_wconf 90' lang='lat'><strong>1,</strong></span> <span class='ocrx_word' id='word_1_323' title='bbox 1486 187 1562 222; x_wconf 80' lang='lat'><strong>104.</strong></span> 
     </span>
    </p>

    <p class='ocr_par' dir='ltr' id='par_1_22' title="bbox 1007 234 1772 500">
     <span class='ocr_line' id='line_1_65' title="bbox 1007 234 1772 279; baseline -0.003 -9"><span class='ocrx_word' id='word_1_324' title='bbox 1007 238 1206 277; x_wconf 84' lang='lat' dir='ltr'><strong>Laomedon,</strong></span> <span class='ocrx_word' id='word_1_325' title='bbox 1239 235 1322 268; x_wconf 88' lang='lat' dir='ltr'><strong>filius</strong></span> <span class='ocrx_word' id='word_1_326' title='bbox 1342 235 1404 277; x_wconf 88' lang='lat' dir='ltr'><strong>Ili,</strong></span> <span class='ocrx_word' id='word_1_327' title='bbox 1429 241 1526 279; x_wconf 87' lang='lat' dir='ltr'><strong>pater</strong></span> <span class='ocrx_word' id='word_1_328' title='bbox 1545 234 1687 274; x_wconf 83' lang='lat' dir='ltr'><strong>Priami,</strong></span> <span class='ocrx_word' id='word_1_329' title='bbox 1713 246 1772 268; x_wconf 85' lang='lat' dir='ltr'><strong>rex</strong></span> 
     </span>
     <span class='ocr_line' id='line_1_66' title="bbox 1048 279 1767 324; baseline -0.003 -10"><span class='ocrx_word' id='word_1_330' title='bbox 1048 282 1231 320; x_wconf 89' lang='lat' dir='ltr'><strong>Troianus,</strong></span> <span class='ocrx_word' id='word_1_331' title='bbox 1269 281 1464 324; x_wconf 86' lang='lat' dir='ltr'><strong>Neptunum</strong></span> <span class='ocrx_word' id='word_1_332' title='bbox 1497 285 1532 312; x_wconf 89' lang='lat' dir='ltr'><strong>et</strong></span> <span class='ocrx_word' id='word_1_333' title='bbox 1567 279 1767 324; x_wconf 84' lang='lat' dir='ltr'><strong>Apollinem,</strong></span> 
     </span>
     <span class='ocr_line' id='line_1_67' title="bbox 1050 325 1769 371; baseline -0.004 -11"><span class='ocrx_word' id='word_1_334' title='bbox 1050 328 1105 371; x_wconf 87' lang='lat' dir='ltr'><strong>qui</strong></span> <span class='ocrx_word' id='word_1_335' title='bbox 1138 328 1225 358; x_wconf 90' lang='lat' dir='ltr'><strong>iussu</strong></span> <span class='ocrx_word' id='word_1_336' title='bbox 1260 327 1347 358; x_wconf 86' lang='lat' dir='ltr'><strong>lovis</strong></span> <span class='ocrx_word' id='word_1_337' title='bbox 1375 337 1488 358; x_wconf 88' lang='lat' dir='ltr'><strong>muros</strong></span> <span class='ocrx_word' id='word_1_338' title='bbox 1518 325 1683 358; x_wconf 86' lang='lat' dir='ltr'><strong>Troianos</strong></span> <span class='ocrx_word' id='word_1_339' title='bbox 1708 336 1769 357; x_wconf 84' lang='lat' dir='ltr'><strong>ex—</strong></span> 
     </span>
     <span class='ocr_line' id='line_1_68' title="bbox 1049 369 1769 414; baseline -0.001 -10"><span class='ocrx_word' id='word_1_340' title='bbox 1049 378 1250 411; x_wconf 76' lang='lat' dir='ltr'><strong>struxerant,</strong></span> <span class='ocrx_word' id='word_1_341' title='bbox 1274 371 1438 414; x_wconf 88' lang='lat' dir='ltr'><strong>promissa</strong></span> <span class='ocrx_word' id='word_1_342' title='bbox 1455 369 1609 403; x_wconf 87' lang='lat' dir='ltr'><strong>mercede</strong></span> <span class='ocrx_word' id='word_1_343' title='bbox 1630 370 1769 403; x_wconf 84' lang='lat' dir='ltr'><strong>frauda—</strong></span> 
     </span>
     <span class='ocr_line' id='line_1_69' title="bbox 1039 415 1771 461; baseline -0.001 -12"><span class='ocrx_word' id='word_1_344' title='bbox 1039 418 1117 449; x_wconf 78' lang='lat' dir='ltr'><strong>-vitz</strong></span> <span class='ocrx_word' id='word_1_345' title='bbox 1142 428 1242 461; x_wconf 85' lang='lat' dir='ltr'><strong>quare</strong></span> <span class='ocrx_word' id='word_1_346' title='bbox 1261 416 1385 449; x_wconf 83' lang='lat' dir='ltr'><strong>multae</strong></span> <span class='ocrx_word' id='word_1_347' title='bbox 1406 415 1437 449; x_wconf 90' lang='lat' dir='ltr'><strong>ei</strong></span> <span class='ocrx_word' id='word_1_348' title='bbox 1456 416 1571 449; x_wconf 86' lang='lat' dir='ltr'><strong>illatae</strong></span> <span class='ocrx_word' id='word_1_349' title='bbox 1591 421 1668 448; x_wconf 89' lang='lat' dir='ltr'><strong>sunt</strong></span> <span class='ocrx_word' id='word_1_350' title='bbox 1687 415 1771 449; x_wconf 85' lang='lat' dir='ltr'><strong>cala-</strong></span> 
     </span>
     <span class='ocr_line' id='line_1_70' title="bbox 1050 461 1338 500; baseline 0 -6"><span class='ocrx_word' id='word_1_351' title='bbox 1050 464 1193 495; x_wconf 85' lang='lat' dir='ltr'><strong>mitates.</strong></span> <span class='ocrx_word' id='word_1_352' title='bbox 1222 462 1259 500; x_wconf 88' lang='lat'><strong>1,</strong></span> <span class='ocrx_word' id='word_1_353' title='bbox 1283 461 1338 495; x_wconf 85' lang='lat'><strong>65.</strong></span> 
     </span>
    </p>

    <p class='ocr_par' dir='ltr' id='par_1_23' title="bbox 1004 505 1714 549">
     <span class='ocr_line' id='line_1_71' title="bbox 1004 505 1714 549; baseline -0.001 -8"><span class='ocrx_word' id='word_1_354' title='bbox 1004 511 1130 549; x_wconf 81' lang='lat' dir='ltr'><strong>Latini,</strong></span> <span class='ocrx_word' id='word_1_355' title='bbox 1155 507 1242 540; x_wconf 81' lang='lat' dir='ltr'><strong>Latii</strong></span> <span class='ocrx_word' id='word_1_356' title='bbox 1260 506 1400 539; x_wconf 85' lang='lat' dir='ltr'><strong>incolae.</strong></span> <span class='ocrx_word' id='word_1_357' title='bbox 1438 507 1477 546; x_wconf 90' lang='lat'><strong>1,</strong></span> <span class='ocrx_word' id='word_1_358' title='bbox 1501 505 1557 540; x_wconf 83' lang='lat'><strong>89.</strong></span> <span class='ocrx_word' id='word_1_359' title='bbox 1592 505 1634 545; x_wconf 82' lang='lat'><strong>3,</strong></span> <span class='ocrx_word' id='word_1_360' title='bbox 1658 506 1714 541; x_wconf 78' lang='lat'><strong>27.</strong></span> 
     </span>
    </p>

    <p class='ocr_par' dir='ltr' id='par_1_24' title="bbox 1002 551 1581 593">
     <span class='ocr_line' id='line_1_72' title="bbox 1002 551 1581 593; baseline -0.005 -7"><span class='ocrx_word' id='word_1_361' title='bbox 1002 556 1153 593; x_wconf 77' lang='lat' dir='ltr'><strong>Latmus,</strong></span> <span class='ocrx_word' id='word_1_362' title='bbox 1177 564 1273 585; x_wconf 90' lang='lat' dir='ltr'><strong>mons</strong></span> <span class='ocrx_word' id='word_1_363' title='bbox 1298 551 1422 583; x_wconf 88' lang='lat' dir='ltr'><strong>Cariae.</strong></span> <span class='ocrx_word' id='word_1_364' title='bbox 1461 554 1498 591; x_wconf 88' lang='lat'><strong>1,</strong></span> <span class='ocrx_word' id='word_1_365' title='bbox 1524 551 1581 584; x_wconf 76' lang='lat'><strong>9⁴2.</strong></span> 
     </span>
    </p>
   </div>
   <div class='ocr_carea' id='block_1_15' title="bbox 1005 607 1773 788">
    <p class='ocr_par' dir='ltr' id='par_1_25' title="bbox 1005 607 1773 692">
     <span class='ocr_line' id='line_1_73' title="bbox 1005 607 1773 648; baseline -0.001 -6"><span class='ocrx_word' id='word_1_366' title='bbox 1005 612 1163 642; x_wconf 77' lang='lat' dir='ltr'><strong>Lentulus.</strong></span> <span class='ocrx_word' id='word_1_367' title='bbox 1195 610 1235 641; x_wconf 87' lang='lat' dir='ltr'><strong>L.</strong></span> <span class='ocrx_word' id='word_1_368' title='bbox 1261 607 1391 642; x_wconf 78' lang='lat' dir='ltr'><strong>Cornel.</strong></span> <span class='ocrx_word' id='word_1_369' title='bbox 1412 607 1595 648; x_wconf 88' lang='lat' dir='ltr'><strong>Lentulus,</strong></span> <span class='ocrx_word' id='word_1_370' title='bbox 1635 607 1713 641; x_wconf 82' lang='lat'><strong>200.</strong></span> <span class='ocrx_word' id='word_1_371' title='bbox 1743 619 1773 641; x_wconf 81' lang='lat' dir='ltr'><strong>a.</strong></span> 
     </span>
     <span class='ocr_line' id='line_1_74' title="bbox 1053 654 1497 692; baseline -0.007 -5"><span class='ocrx_word' id='word_1_372' title='bbox 1053 655 1127 687; x_wconf 90' lang='lat' dir='ltr'><strong>Chr.</strong></span> <span class='ocrx_word' id='word_1_373' title='bbox 1149 654 1274 686; x_wconf 88' lang='lat' dir='ltr'><strong>consul.</strong></span> <span class='ocrx_word' id='word_1_374' title='bbox 1300 654 1342 692; x_wconf 82' lang='lat'><strong>3,</strong></span> <span class='ocrx_word' id='word_1_375' title='bbox 1367 654 1421 686; x_wconf 84' lang='lat'><strong>51.</strong></span> <span class='ocrx_word' id='word_1_376' title='bbox 1494 686 1497 687; x_wconf 19' lang='lat'><em>⁷</em></span> 
     </span>
    </p>

    <p class='ocr_par' dir='ltr' id='par_1_26' title="bbox 1007 697 1688 788">
     <span class='ocr_line' id='line_1_75' title="bbox 1007 697 1688 740; baseline -0.004 -8"><span class='ocrx_word' id='word_1_377' title='bbox 1007 702 1181 740; x_wconf 78' lang='lat' dir='ltr'><strong>Leonidas,</strong></span> <span class='ocrx_word' id='word_1_378' title='bbox 1228 697 1569 731; x_wconf 87' lang='lat' dir='ltr'><strong>Lacedaemoniorum</strong></span> <span class='ocrx_word' id='word_1_379' title='bbox 1602 697 1688 736; x_wconf 86' lang='lat' dir='ltr'><strong>dux,</strong></span> 
     </span>
     <span class='ocr_line' id='line_1_76' title="bbox 1050 742 1688 788; baseline -0.006 -10"><span class='ocrx_word' id='word_1_380' title='bbox 1050 744 1285 788; x_wconf 84' lang='lat' dir='ltr'><strong>Thermopylis</strong></span> <span class='ocrx_word' id='word_1_381' title='bbox 1306 743 1383 777; x_wconf 63' lang='lat'><strong>450.</strong></span> <span class='ocrx_word' id='word_1_382' title='bbox 1403 756 1431 776; x_wconf 93' lang='lat' dir='ltr'><strong>a.</strong></span> <span class='ocrx_word' id='word_1_383' title='bbox 1457 743 1533 776; x_wconf 91' lang='lat' dir='ltr'><strong>Chr.</strong></span> <span class='ocrx_word' id='word_1_384' title='bbox 1558 742 1688 775; x_wconf 86' lang='lat' dir='ltr'><strong>cecidit.</strong></span> 
     </span>
    </p>
   </div>
   <div class='ocr_carea' id='block_1_16' title="bbox 1006 798 1775 978">
    <p class='ocr_par' dir='ltr' id='par_1_27' title="bbox 1006 798 1775 924">
     <span class='ocr_line' id='line_1_77' title="bbox 1006 798 1773 842; baseline -0.004 -8"><span class='ocrx_word' id='word_1_385' title='bbox 1006 804 1143 842; x_wconf 81' lang='lat' dir='ltr'><strong>Lepidus</strong></span> <span class='ocrx_word' id='word_1_386' title='bbox 1167 803 1208 833; x_wconf 80' lang='lat' dir='ltr'><strong>M.</strong></span> <span class='ocrx_word' id='word_1_387' title='bbox 1229 802 1378 833; x_wconf 84' lang='lat' dir='ltr'><strong>Porcina.</strong></span> <span class='ocrx_word' id='word_1_388' title='bbox 1397 799 1512 832; x_wconf 92' lang='lat' dir='ltr'><strong>consul</strong></span> <span class='ocrx_word' id='word_1_389' title='bbox 1537 798 1610 833; x_wconf 81' lang='lat'><strong>138.</strong></span> <span class='ocrx_word' id='word_1_390' title='bbox 1633 810 1663 831; x_wconf 90' lang='lat' dir='ltr'><strong>a.</strong></span> <span class='ocrx_word' id='word_1_391' title='bbox 1685 798 1773 837; x_wconf 91' lang='lat' dir='ltr'><strong>Chr.,</strong></span> 
     </span>
     <span class='ocr_line' id='line_1_78' title="bbox 1051 845 1775 879; baseline -0.001 -2"><span class='ocrx_word' id='word_1_392' title='bbox 1051 858 1195 879; x_wconf 84' lang='lat' dir='ltr'><strong>summus</strong></span> <span class='ocrx_word' id='word_1_393' title='bbox 1217 852 1332 878; x_wconf 91' lang='lat' dir='ltr'><strong>orator</strong></span> <span class='ocrx_word' id='word_1_394' title='bbox 1347 845 1513 878; x_wconf 89' lang='lat' dir='ltr'><strong>secundae</strong></span> <span class='ocrx_word' id='word_1_395' title='bbox 1531 850 1700 877; x_wconf 87' lang='lat' dir='ltr'><strong>oratorum</strong></span> <span class='ocrx_word' id='word_1_396' title='bbox 1715 856 1775 877; x_wconf 89' lang='lat' dir='ltr'><strong>ae-</strong></span> 
     </span>
     <span class='ocr_line' id='line_1_79' title="bbox 1053 885 1548 924; baseline -0.014 0"><span class='ocrx_word' id='word_1_397' title='bbox 1053 893 1142 924; x_wconf 81' lang='lat' dir='ltr'><strong>tatis.</strong></span> <span class='ocrx_word' id='word_1_398' title='bbox 1534 885 1548 917; x_wconf 61' lang='grc' dir='ltr'>Ϊ</span> 
     </span>
    </p>

    <p class='ocr_par' dir='ltr' id='par_1_28' title="bbox 1009 934 1775 978">
     <span class='ocr_line' id='line_1_80' title="bbox 1009 934 1775 978; baseline -0.003 -10"><span class='ocrx_word' id='word_1_399' title='bbox 1009 939 1132 976; x_wconf 82' lang='lat' dir='ltr'><strong>Lerna,</strong></span> <span class='ocrx_word' id='word_1_400' title='bbox 1164 935 1253 968; x_wconf 82' lang='lat' dir='ltr'><strong>lacus</strong></span> <span class='ocrx_word' id='word_1_401' title='bbox 1287 935 1322 967; x_wconf 92' lang='lat' dir='ltr'><strong>in</strong></span> <span class='ocrx_word' id='word_1_402' title='bbox 1345 934 1460 978; x_wconf 79' lang='lat' dir='ltr'><strong>argivo</strong></span> <span class='ocrx_word' id='word_1_403' title='bbox 1487 946 1588 978; x_wconf 84' lang='lat' dir='ltr'><strong>agro,</strong></span> <span class='ocrx_word' id='word_1_404' title='bbox 1623 934 1775 968; x_wconf 89' lang='lat' dir='ltr'><strong>Herculis</strong></span> 
     </span>
    </p>
   </div>
   <div class='ocr_carea' id='block_1_17' title="bbox 1739 697 1773 729">
    <p class='ocr_par' dir='ltr' id='par_1_29' title="bbox 1739 697 1773 729">
     <span class='ocr_line' id='line_1_81' title="bbox 1739 697 1773 729; baseline 0.029 -1"><span class='ocrx_word' id='word_1_405' title='bbox 1739 697 1773 729; x_wconf 89' lang='lat' dir='ltr'><strong>in</strong></span> 
     </span>
    </p>
   </div>
   <div class='ocr_carea' id='block_1_18' title="bbox 1057 979 1793 1025">
    <p class='ocr_par' dir='ltr' id='par_1_30' title="bbox 1057 979 1793 1025">
     <span class='ocr_line' id='line_1_82' title="bbox 1057 979 1793 1025; baseline -0.001 -12"><span class='ocrx_word' id='word_1_406' title='bbox 1057 982 1171 1014; x_wconf 85' lang='lat' dir='ltr'><strong>labore</strong></span> <span class='ocrx_word' id='word_1_407' title='bbox 1183 1006 1191 1021; x_wconf 89' lang='lat'><strong>,</strong></span> <span class='ocrx_word' id='word_1_408' title='bbox 1217 980 1273 1025; x_wconf 92' lang='lat' dir='ltr'><strong>qui</strong></span> <span class='ocrx_word' id='word_1_409' title='bbox 1290 980 1323 1012; x_wconf 93' lang='lat' dir='ltr'><strong>in</strong></span> <span class='ocrx_word' id='word_1_410' title='bbox 1345 991 1386 1012; x_wconf 91' lang='lat' dir='ltr'><strong>eo</strong></span> <span class='ocrx_word' id='word_1_411' title='bbox 1407 979 1549 1024; x_wconf 88' lang='lat' dir='ltr'><strong>hydrum</strong></span> <span class='ocrx_word' id='word_1_412' title='bbox 1569 979 1775 1012; x_wconf 84' lang='lat' dir='ltr'><strong>interemisse</strong></span> <span class='ocrx_word' id='word_1_413' title='bbox 1791 1000 1793 1003; x_wconf 68' lang='grc'><strong><em>»</em></strong></span> 
     </span>
    </p>
   </div>
   <div class='ocr_carea' id='block_1_19' title="bbox 1013 1024 1778 1339">
    <p class='ocr_par' dir='ltr' id='par_1_31' title="bbox 1057 1024 1776 1104">
     <span class='ocr_line' id='line_1_83' title="bbox 1057 1024 1776 1066; baseline -0.001 -7"><span class='ocrx_word' id='word_1_414' title='bbox 1057 1027 1196 1065; x_wconf 88' lang='lat' dir='ltr'><strong>dicitnr,</strong></span> <span class='ocrx_word' id='word_1_415' title='bbox 1222 1024 1420 1058; x_wconf 87' lang='lat' dir='ltr'><strong>notissimus.</strong></span> <span class='ocrx_word' id='word_1_416' title='bbox 1454 1026 1497 1066; x_wconf 78' lang='lat'><strong>2,</strong></span> <span class='ocrx_word' id='word_1_417' title='bbox 1517 1026 1573 1058; x_wconf 75' lang='lat'><strong>22.</strong></span> <span class='ocrx_word' id='word_1_418' title='bbox 1623 1024 1692 1057; x_wconf 84' lang='lat' dir='ltr'><strong>cfr.</strong></span> <span class='ocrx_word' id='word_1_419' title='bbox 1710 1027 1776 1065; x_wconf 80' lang='lat' dir='ltr'><strong>Hy-</strong></span> 
     </span>
     <span class='ocr_line' id='line_1_84' title="bbox 1057 1074 1275 1104; baseline -0.009 0"><span class='ocrx_word' id='word_1_420' title='bbox 1057 1074 1118 1104; x_wconf 83' lang='lat' dir='ltr'><strong>dra</strong></span> <span class='ocrx_word' id='word_1_421' title='bbox 1138 1074 1275 1104; x_wconf 82' lang='lat' dir='ltr'><strong>lernaea.</strong></span> 
     </span>
    </p>

    <p class='ocr_par' dir='ltr' id='par_1_32' title="bbox 1013 1115 1778 1339">
     <span class='ocr_line' id='line_1_85' title="bbox 1013 1115 1774 1155; baseline -0.003 -5"><span class='ocrx_word' id='word_1_422' title='bbox 1013 1120 1164 1150; x_wconf 84' lang='lat' dir='ltr'><strong>Lesbiaci.</strong></span> <span class='ocrx_word' id='word_1_423' title='bbox 1210 1116 1265 1148; x_wconf 86' lang='lat' dir='ltr'><strong>Sic</strong></span> <span class='ocrx_word' id='word_1_424' title='bbox 1285 1122 1447 1148; x_wconf 89' lang='lat' dir='ltr'><strong>vocantur</strong></span> <span class='ocrx_word' id='word_1_425' title='bbox 1471 1115 1548 1148; x_wconf 88' lang='lat' dir='ltr'><strong>libri</strong></span> <span class='ocrx_word' id='word_1_426' title='bbox 1572 1115 1774 1155; x_wconf 84' lang='lat' dir='ltr'><strong>Dicaearchi,</strong></span> 
     </span>
     <span class='ocr_line' id='line_1_86' title="bbox 1058 1160 1776 1206; baseline -0.003 -12"><span class='ocrx_word' id='word_1_427' title='bbox 1058 1163 1092 1194; x_wconf 90' lang='lat' dir='ltr'><strong>in</strong></span> <span class='ocrx_word' id='word_1_428' title='bbox 1117 1162 1233 1206; x_wconf 89' lang='lat' dir='ltr'><strong>quibus</strong></span> <span class='ocrx_word' id='word_1_429' title='bbox 1257 1168 1372 1194; x_wconf 87' lang='lat' dir='ltr'><strong>contra</strong></span> <span class='ocrx_word' id='word_1_430' title='bbox 1392 1160 1679 1201; x_wconf 77' lang='lat' dir='ltr'><strong>immortalitatem</strong></span> <span class='ocrx_word' id='word_1_431' title='bbox 1700 1160 1776 1193; x_wconf 87' lang='lat' dir='ltr'><strong>ani-</strong></span> 
     </span>
     <span class='ocr_line' id='line_1_87' title="bbox 1059 1205 1776 1251; baseline 0 -13"><span class='ocrx_word' id='word_1_432' title='bbox 1059 1208 1103 1239; x_wconf 88' lang='lat' dir='ltr'><strong>mi</strong></span> <span class='ocrx_word' id='word_1_433' title='bbox 1127 1206 1300 1246; x_wconf 87' lang='lat' dir='ltr'><strong>disseruit,</strong></span> <span class='ocrx_word' id='word_1_434' title='bbox 1326 1208 1402 1251; x_wconf 81' lang='lat' dir='ltr'><strong>quia</strong></span> <span class='ocrx_word' id='word_1_435' title='bbox 1423 1206 1459 1238; x_wconf 89' lang='lat' dir='ltr'><strong>in</strong></span> <span class='ocrx_word' id='word_1_436' title='bbox 1477 1206 1516 1238; x_wconf 92' lang='lat' dir='ltr'><strong>iis</strong></span> <span class='ocrx_word' id='word_1_437' title='bbox 1537 1205 1647 1239; x_wconf 72' lang='lat' dir='ltr'><strong>sermo</strong></span> <span class='ocrx_word' id='word_1_438' title='bbox 1668 1206 1776 1238; x_wconf 89' lang='lat' dir='ltr'><strong>habe-</strong></span> 
     </span>
     <span class='ocr_line' id='line_1_88' title="bbox 1058 1251 1778 1296; baseline -0.003 -11"><span class='ocrx_word' id='word_1_439' title='bbox 1058 1259 1112 1285; x_wconf 90' lang='lat' dir='ltr'><strong>tur</strong></span> <span class='ocrx_word' id='word_1_440' title='bbox 1132 1252 1320 1296; x_wconf 88' lang='lat' dir='ltr'><strong>Mytilenis,</strong></span> <span class='ocrx_word' id='word_1_441' title='bbox 1346 1264 1429 1296; x_wconf 88' lang='lat' dir='ltr'><strong>quae</strong></span> <span class='ocrx_word' id='word_1_442' title='bbox 1450 1258 1499 1284; x_wconf 89' lang='lat' dir='ltr'><strong>est</strong></span> <span class='ocrx_word' id='word_1_443' title='bbox 1521 1252 1597 1284; x_wconf 89' lang='lat' dir='ltr'><strong>urbs</strong></span> <span class='ocrx_word' id='word_1_444' title='bbox 1616 1252 1652 1283; x_wconf 91' lang='lat' dir='ltr'><strong>in</strong></span> <span class='ocrx_word' id='word_1_445' title='bbox 1672 1251 1778 1284; x_wconf 88' lang='lat' dir='ltr'><strong>insula</strong></span> 
     </span>
     <span class='ocr_line' id='line_1_89' title="bbox 1060 1298 1337 1339; baseline -0.007 -9"><span class='ocrx_word' id='word_1_446' title='bbox 1060 1298 1183 1331; x_wconf 88' lang='lat' dir='ltr'><strong>Lesbo.</strong></span> <span class='ocrx_word' id='word_1_447' title='bbox 1219 1298 1235 1330; x_wconf 92' lang='lat'>1</span> <span class='ocrx_word' id='word_1_448' title='bbox 1250 1323 1259 1339; x_wconf 95' lang='lat'>‚</span> <span class='ocrx_word' id='word_1_449' title='bbox 1284 1298 1337 1331; x_wconf 79' lang='grc'><strong>77.</strong></span> 
     </span>
    </p>
   </div>
   <div class='ocr_carea' id='block_1_20' title="bbox 1014 1341 1776 1386">
    <p class='ocr_par' dir='ltr' id='par_1_33' title="bbox 1014 1341 1776 1386">
     <span class='ocr_line' id='line_1_90' title="bbox 1014 1341 1776 1386; baseline -0.001 -11"><span class='ocrx_word' id='word_1_450' title='bbox 1014 1345 1175 1376; x_wconf 80' lang='lat' dir='ltr'><strong>Leucadia</strong></span> <span class='ocrx_word' id='word_1_451' title='bbox 1193 1355 1238 1375; x_wconf 91' lang='lat' dir='ltr'><strong>sc.</strong></span> <span class='ocrx_word' id='word_1_452' title='bbox 1258 1342 1380 1385; x_wconf 83' lang='lat' dir='ltr'><strong>puella,</strong></span> <span class='ocrx_word' id='word_1_453' title='bbox 1405 1342 1425 1374; x_wconf 89' lang='lat' dir='ltr'><strong>i.</strong></span> <span class='ocrx_word' id='word_1_454' title='bbox 1445 1353 1475 1374; x_wconf 88' lang='lat' dir='ltr'><strong>e.</strong></span> <span class='ocrx_word' id='word_1_455' title='bbox 1494 1341 1605 1386; x_wconf 90' lang='lat' dir='ltr'><strong>puella</strong></span> <span class='ocrx_word' id='word_1_456' title='bbox 1627 1353 1667 1374; x_wconf 85' lang='lat' dir='ltr'><strong>ex</strong></span> <span class='ocrx_word' id='word_1_457' title='bbox 1683 1343 1776 1374; x_wconf 84' lang='lat' dir='ltr'><strong>Leu-</strong></span> 
     </span>
    </p>
   </div>
   <div class='ocr_carea' id='block_1_21' title="bbox 1063 1387 1803 1429">
    <p class='ocr_par' dir='ltr' id='par_1_34' title="bbox 1063 1387 1803 1429">
     <span class='ocr_line' id='line_1_91' title="bbox 1063 1387 1803 1429; baseline -0.003 -9"><span class='ocrx_word' id='word_1_458' title='bbox 1063 1388 1156 1420; x_wconf 87' lang='lat' dir='ltr'><strong>cadia</strong></span> <span class='ocrx_word' id='word_1_459' title='bbox 1173 1413 1180 1426; x_wconf 89' lang='lat'><strong>,</strong></span> <span class='ocrx_word' id='word_1_460' title='bbox 1207 1388 1291 1420; x_wconf 86' lang='lat' dir='ltr'><strong>Ionii</strong></span> <span class='ocrx_word' id='word_1_461' title='bbox 1314 1387 1410 1419; x_wconf 86' lang='lat' dir='ltr'><strong>maris</strong></span> <span class='ocrx_word' id='word_1_462' title='bbox 1433 1387 1558 1428; x_wconf 87' lang='lat' dir='ltr'><strong>insula,</strong></span> <span class='ocrx_word' id='word_1_463' title='bbox 1582 1399 1705 1420; x_wconf 87' lang='lat' dir='ltr'><strong>nomen</strong></span> <span class='ocrx_word' id='word_1_464' title='bbox 1726 1387 1778 1419; x_wconf 83' lang='lat' dir='ltr'><strong>sa-</strong></span> <span class='ocrx_word' id='word_1_465' title='bbox 1800 1426 1803 1429; x_wconf 86' lang='lat'><strong>.</strong></span> 
     </span>
    </p>
   </div>
   <div class='ocr_carea' id='block_1_22' title="bbox 1012 1432 1778 1928">
    <p class='ocr_par' dir='ltr' id='par_1_35' title="bbox 1061 1432 1777 1476">
     <span class='ocr_line' id='line_1_92' title="bbox 1061 1432 1777 1476; baseline 0 -11"><span class='ocrx_word' id='word_1_466' title='bbox 1061 1434 1157 1465; x_wconf 77' lang='lat' dir='ltr'><strong>bulae</strong></span> <span class='ocrx_word' id='word_1_467' title='bbox 1181 1446 1199 1464; x_wconf 83' lang='lat' dir='ltr'><strong>a</strong></span> <span class='ocrx_word' id='word_1_468' title='bbox 1226 1432 1352 1466; x_wconf 89' lang='lat' dir='ltr'><strong>comico</strong></span> <span class='ocrx_word' id='word_1_469' title='bbox 1377 1433 1529 1475; x_wconf 87' lang='lat' dir='ltr'><strong>Turpilio</strong></span> <span class='ocrx_word' id='word_1_470' title='bbox 1558 1433 1777 1476; x_wconf 85' lang='lat' dir='ltr'><strong>conscriptae.</strong></span> 
     </span>
    </p>

    <p class='ocr_par' dir='ltr' id='par_1_36' title="bbox 1015 1477 1778 1612">
     <span class='ocr_line' id='line_1_93' title="bbox 1015 1477 1776 1522; baseline 0.001 -12"><span class='ocrx_word' id='word_1_471' title='bbox 1015 1480 1173 1519; x_wconf 80' lang='lat' dir='ltr'><strong>Leucata,</strong></span> <span class='ocrx_word' id='word_1_472' title='bbox 1208 1478 1474 1522; x_wconf 86' lang='lat' dir='ltr'><strong>promontorium</strong></span> <span class='ocrx_word' id='word_1_473' title='bbox 1497 1477 1623 1510; x_wconf 83' lang='lat' dir='ltr'><strong>insulae</strong></span> <span class='ocrx_word' id='word_1_474' title='bbox 1645 1479 1776 1511; x_wconf 88' lang='lat' dir='ltr'><strong>Leuca-</strong></span> 
     </span>
     <span class='ocr_line' id='line_1_94' title="bbox 1062 1523 1778 1567; baseline 0 -12"><span class='ocrx_word' id='word_1_475' title='bbox 1062 1524 1157 1566; x_wconf 84' lang='lat' dir='ltr'><strong>diae,</strong></span> <span class='ocrx_word' id='word_1_476' title='bbox 1206 1536 1223 1554; x_wconf 91' lang='lat' dir='ltr'><strong>e</strong></span> <span class='ocrx_word' id='word_1_477' title='bbox 1256 1535 1321 1567; x_wconf 89' lang='lat' dir='ltr'><strong>quo</strong></span> <span class='ocrx_word' id='word_1_478' title='bbox 1358 1523 1494 1567; x_wconf 88' lang='lat' dir='ltr'><strong>Sappho</strong></span> <span class='ocrx_word' id='word_1_479' title='bbox 1532 1523 1576 1556; x_wconf 91' lang='lat' dir='ltr'><strong>ob</strong></span> <span class='ocrx_word' id='word_1_480' title='bbox 1609 1523 1778 1556; x_wconf 87' lang='lat' dir='ltr'><strong>infelicem</strong></span> 
     </span>
     <span class='ocr_line' id='line_1_95' title="bbox 1062 1566 1776 1612; baseline 0.003 -12"><span class='ocrx_word' id='word_1_481' title='bbox 1062 1581 1210 1601; x_wconf 87' lang='lat' dir='ltr'><strong>amorem</strong></span> <span class='ocrx_word' id='word_1_482' title='bbox 1221 1569 1255 1600; x_wconf 92' lang='lat' dir='ltr'><strong>in</strong></span> <span class='ocrx_word' id='word_1_483' title='bbox 1266 1580 1355 1601; x_wconf 86' lang='lat' dir='ltr'><strong>mare</strong></span> <span class='ocrx_word' id='word_1_484' title='bbox 1365 1580 1400 1600; x_wconf 90' lang='lat' dir='ltr'><strong>se</strong></span> <span class='ocrx_word' id='word_1_485' title='bbox 1412 1568 1652 1612; x_wconf 82' lang='lat' dir='ltr'><strong>praecipitavit.</strong></span> <span class='ocrx_word' id='word_1_486' title='bbox 1677 1566 1709 1607; x_wconf 74' lang='lat'><strong>4,</strong></span> <span class='ocrx_word' id='word_1_487' title='bbox 1723 1567 1776 1602; x_wconf 73' lang='lat'><strong>41.</strong></span> 
     </span>
    </p>

    <p class='ocr_par' dir='ltr' id='par_1_37' title="bbox 1016 1609 1407 1646">
     <span class='ocr_line' id='line_1_96' title="bbox 1016 1609 1407 1646; baseline 0 0"><span class='ocrx_word' id='word_1_488' title='bbox 1016 1609 1199 1646; x_wconf 61' lang='lat' dir='ltr'><strong>Leucotheaess</strong></span> <span class='ocrx_word' id='word_1_489' title='bbox 1245 1614 1320 1646; x_wconf 84' lang='lat' dir='ltr'><strong>Vid.</strong></span> <span class='ocrx_word' id='word_1_490' title='bbox 1343 1616 1407 1646; x_wconf 82' lang='lat' dir='ltr'><strong>Ino.</strong></span> 
     </span>
    </p>

    <p class='ocr_par' dir='ltr' id='par_1_38' title="bbox 1014 1659 1778 1743">
     <span class='ocr_line' id='line_1_97' title="bbox 1014 1659 1778 1703; baseline 0.001 -12"><span class='ocrx_word' id='word_1_491' title='bbox 1014 1661 1167 1699; x_wconf 78' lang='lat' dir='ltr'><strong>Leuctra,</strong></span> <span class='ocrx_word' id='word_1_492' title='bbox 1190 1659 1280 1691; x_wconf 76' lang='lat' dir='ltr'><strong>vicus</strong></span> <span class='ocrx_word' id='word_1_493' title='bbox 1302 1659 1479 1697; x_wconf 83' lang='lat' dir='ltr'><strong>Boeotiae,</strong></span> <span class='ocrx_word' id='word_1_494' title='bbox 1495 1659 1547 1691; x_wconf 58' lang='lat' dir='ltr'><strong>*acl</strong></span> <span class='ocrx_word' id='word_1_495' title='bbox 1567 1670 1664 1703; x_wconf 88' lang='lat' dir='ltr'><strong>quem</strong></span> <span class='ocrx_word' id='word_1_496' title='bbox 1685 1660 1778 1702; x_wconf 88' lang='lat' dir='ltr'><strong>Epa—</strong></span> 
     </span>
     <span class='ocr_line' id='line_1_98' title="bbox 1059 1703 1774 1743; baseline 0 -8"><span class='ocrx_word' id='word_1_497' title='bbox 1059 1704 1233 1736; x_wconf 90' lang='lat' dir='ltr'><strong>minondas</strong></span> <span class='ocrx_word' id='word_1_498' title='bbox 1249 1703 1529 1736; x_wconf 85' lang='lat' dir='ltr'><strong>Lacedaemonios</strong></span> <span class='ocrx_word' id='word_1_499' title='bbox 1542 1704 1633 1737; x_wconf 86' lang='lat' dir='ltr'><strong>vicit.</strong></span> <span class='ocrx_word' id='word_1_500' title='bbox 1656 1705 1686 1743; x_wconf 84' lang='lat'><strong>1,</strong></span> <span class='ocrx_word' id='word_1_501' title='bbox 1701 1704 1774 1738; x_wconf 90' lang='grc'>110.</span> 
     </span>
    </p>

    <p class='ocr_par' dir='ltr' id='par_1_39' title="bbox 1014 1748 1775 1834">
     <span class='ocr_line' id='line_1_99' title="bbox 1014 1748 1775 1788; baseline -0.001 -6"><span class='ocrx_word' id='word_1_502' title='bbox 1014 1751 1105 1782; x_wconf 82' lang='lat' dir='ltr'><strong>Liber</strong></span> <span class='ocrx_word' id='word_1_503' title='bbox 1126 1749 1146 1780; x_wconf 92' lang='lat' dir='ltr'><strong>i.</strong></span> <span class='ocrx_word' id='word_1_504' title='bbox 1170 1761 1197 1780; x_wconf 92' lang='lat' dir='ltr'><strong>e.</strong></span> <span class='ocrx_word' id='word_1_505' title='bbox 1225 1749 1388 1788; x_wconf 83' lang='lat' dir='ltr'><strong>Bacchus,</strong></span> <span class='ocrx_word' id='word_1_506' title='bbox 1424 1748 1507 1781; x_wconf 88' lang='lat' dir='ltr'><strong>filius</strong></span> <span class='ocrx_word' id='word_1_507' title='bbox 1533 1749 1620 1782; x_wconf 91' lang='lat' dir='ltr'><strong>Iovis</strong></span> <span class='ocrx_word' id='word_1_508' title='bbox 1651 1756 1686 1782; x_wconf 89' lang='lat' dir='ltr'><strong>et</strong></span> <span class='ocrx_word' id='word_1_509' title='bbox 1712 1751 1775 1781; x_wconf 78' lang='lat' dir='ltr'><strong>Se·-</strong></span> 
     </span>
     <span class='ocr_line' id='line_1_100' title="bbox 1060 1794 1330 1834; baseline -0.004 -8"><span class='ocrx_word' id='word_1_510' title='bbox 1060 1794 1177 1826; x_wconf 81' lang='lat' dir='ltr'><strong>melae.</strong></span> <span class='ocrx_word' id='word_1_511' title='bbox 1213 1795 1250 1834; x_wconf 87' lang='lat' dir='ltr'><strong>l,</strong></span> <span class='ocrx_word' id='word_1_512' title='bbox 1275 1795 1330 1827; x_wconf 63' lang='lat'><strong>28.</strong></span> 
     </span>
    </p>

    <p class='ocr_par' dir='ltr' id='par_1_40' title="bbox 1012 1839 1775 1928">
     <span class='ocr_line' id='line_1_101' title="bbox 1012 1839 1775 1882; baseline 0 -11"><span class='ocrx_word' id='word_1_513' title='bbox 1012 1841 1125 1880; x_wconf 83' lang='lat' dir='ltr'><strong>Libya,</strong></span> <span class='ocrx_word' id='word_1_514' title='bbox 1149 1839 1240 1882; x_wconf 86' lang='lat' dir='ltr'><strong>regio</strong></span> <span class='ocrx_word' id='word_1_515' title='bbox 1258 1839 1390 1871; x_wconf 82' lang='lat' dir='ltr'><strong>Africae</strong></span> <span class='ocrx_word' id='word_1_516' title='bbox 1403 1839 1585 1878; x_wconf 80' lang='lat' dir='ltr'><strong>maritima3</strong></span> <span class='ocrx_word' id='word_1_517' title='bbox 1607 1851 1671 1882; x_wconf 89' lang='lat' dir='ltr'><strong>pro</strong></span> <span class='ocrx_word' id='word_1_518' title='bbox 1687 1839 1775 1872; x_wconf 79' lang='lat' dir='ltr'><strong>Afri-</strong></span> 
     </span>
     <span class='ocr_line' id='line_1_102' title="bbox 1061 1882 1713 1928; baseline 0.002 -11"><span class='ocrx_word' id='word_1_519' title='bbox 1061 1897 1097 1917; x_wconf 87' lang='lat' dir='ltr'><strong>ca</strong></span> <span class='ocrx_word' id='word_1_520' title='bbox 1119 1885 1189 1928; x_wconf 90' lang='lat' dir='ltr'><strong>ipsa</strong></span> <span class='ocrx_word' id='word_1_521' title='bbox 1209 1884 1339 1928; x_wconf 89' lang='lat' dir='ltr'><strong>saepius</strong></span> <span class='ocrx_word' id='word_1_522' title='bbox 1360 1885 1441 1928; x_wconf 92' lang='lat' dir='ltr'><strong>poni</strong></span> <span class='ocrx_word' id='word_1_523' title='bbox 1464 1885 1561 1918; x_wconf 83' lang='lat' dir='ltr'><strong>solet.</strong></span> <span class='ocrx_word' id='word_1_524' title='bbox 1597 1886 1634 1925; x_wconf 90' lang='lat'><strong>1,</strong></span> <span class='ocrx_word' id='word_1_525' title='bbox 1659 1882 1713 1918; x_wconf 73' lang='lat'><strong>45.</strong></span> 
     </span>
    </p>
   </div>
   <div class='ocr_carea' id='block_1_23' title="bbox 1006 1942 1776 2887">
    <p class='ocr_par' dir='ltr' id='par_1_41' title="bbox 1011 1942 1776 2165">
     <span class='ocr_line' id='line_1_103' title="bbox 1011 1942 1774 1985; baseline 0.001 -12"><span class='ocrx_word' id='word_1_526' title='bbox 1011 1943 1132 1974; x_wconf 80' lang='lat' dir='ltr'><strong>Livius.</strong></span> <span class='ocrx_word' id='word_1_527' title='bbox 1180 1944 1222 1974; x_wconf 81' lang='lat' dir='ltr'><strong>M.</strong></span> <span class='ocrx_word' id='word_1_528' title='bbox 1235 1943 1344 1974; x_wconf 79' lang='lat' dir='ltr'><strong>Livius</strong></span> <span class='ocrx_word' id='word_1_529' title='bbox 1365 1942 1570 1982; x_wconf 78' lang='lat' dir='ltr'><strong>Andronicus,</strong></span> <span class='ocrx_word' id='word_1_530' title='bbox 1592 1945 1694 1985; x_wconf 71' lang='lat' dir='ltr'><strong>poeta</strong></span> <span class='ocrx_word' id='word_1_531' title='bbox 1713 1953 1774 1974; x_wconf 89' lang='lat' dir='ltr'><strong>co—</strong></span> 
     </span>
     <span class='ocr_line' id='line_1_104' title="bbox 1058 1986 1776 2026; baseline 0 -8"><span class='ocrx_word' id='word_1_532' title='bbox 1058 1987 1176 2026; x_wconf 89' lang='lat' dir='ltr'><strong>micus,</strong></span> <span class='ocrx_word' id='word_1_533' title='bbox 1212 1986 1429 2026; x_wconf 87' lang='lat' dir='ltr'><strong>Tarentinus,</strong></span> <span class='ocrx_word' id='word_1_534' title='bbox 1459 1986 1597 2018; x_wconf 91' lang='lat' dir='ltr'><strong>libertus</strong></span> <span class='ocrx_word' id='word_1_535' title='bbox 1618 1987 1666 2019; x_wconf 91' lang='lat' dir='ltr'><strong>M.</strong></span> <span class='ocrx_word' id='word_1_536' title='bbox 1688 1986 1776 2019; x_wconf 84' lang='lat' dir='ltr'><strong>Livii</strong></span> 
     </span>
     <span class='ocr_line' id='line_1_105' title="bbox 1059 2031 1773 2072; baseline 0.001 -9"><span class='ocrx_word' id='word_1_537' title='bbox 1059 2031 1273 2072; x_wconf 87' lang='lat' dir='ltr'><strong>Salinatoris,</strong></span> <span class='ocrx_word' id='word_1_538' title='bbox 1311 2031 1400 2063; x_wconf 89' lang='lat' dir='ltr'><strong>cuius</strong></span> <span class='ocrx_word' id='word_1_539' title='bbox 1426 2031 1548 2063; x_wconf 90' lang='lat' dir='ltr'><strong>liberos</strong></span> <span class='ocrx_word' id='word_1_540' title='bbox 1569 2031 1773 2064; x_wconf 87' lang='lat' dir='ltr'><strong>instituebat.</strong></span> 
     </span>
     <span class='ocr_line' id='line_1_106' title="bbox 1060 2077 1773 2121; baseline 0.001 -13"><span class='ocrx_word' id='word_1_541' title='bbox 1060 2077 1136 2109; x_wconf 88' lang='lat' dir='ltr'><strong>Eius</strong></span> <span class='ocrx_word' id='word_1_542' title='bbox 1160 2088 1297 2121; x_wconf 88' lang='lat' dir='ltr'><strong>operum</strong></span> <span class='ocrx_word' id='word_1_543' title='bbox 1315 2083 1444 2109; x_wconf 88' lang='lat' dir='ltr'><strong>restant</strong></span> <span class='ocrx_word' id='word_1_544' title='bbox 1459 2077 1693 2110; x_wconf 83' lang='lat' dir='ltr'><strong>tantummodo</strong></span> <span class='ocrx_word' id='word_1_545' title='bbox 1711 2077 1773 2110; x_wconf 85' lang='lat' dir='ltr'><strong>ali-</strong></span> 
     </span>
     <span class='ocr_line' id='line_1_107' title="bbox 1057 2116 1607 2165; baseline 0.002 -12"><span class='ocrx_word' id='word_1_546' title='bbox 1057 2129 1140 2165; x_wconf 82' lang='lat' dir='ltr'><strong>quot</strong></span> <span class='ocrx_word' id='word_1_547' title='bbox 1162 2123 1359 2165; x_wconf 86' lang='lat' dir='ltr'><strong>fragmenta.</strong></span> <span class='ocrx_word' id='word_1_548' title='bbox 1425 2116 1446 2135; x_wconf 74' lang='lat'>⁸</span> <span class='ocrx_word' id='word_1_549' title='bbox 1604 2152 1607 2154; x_wconf 89' lang='lat'><strong>.</strong></span> 
     </span>
    </p>

    <p class='ocr_par' dir='ltr' id='par_1_42' title="bbox 1012 2167 1775 2297">
     <span class='ocr_line' id='line_1_108' title="bbox 1012 2167 1774 2211; baseline 0 -11"><span class='ocrx_word' id='word_1_550' title='bbox 1012 2169 1192 2208; x_wconf 83' lang='lat' dir='ltr'><strong>Locrensis,</strong></span> <span class='ocrx_word' id='word_1_551' title='bbox 1228 2179 1246 2200; x_wconf 91' lang='lat' dir='ltr'><strong>e</strong></span> <span class='ocrx_word' id='word_1_552' title='bbox 1270 2167 1405 2207; x_wconf 84' lang='lat' dir='ltr'><strong>Locris,</strong></span> <span class='ocrx_word' id='word_1_553' title='bbox 1438 2167 1563 2211; x_wconf 88' lang='lat' dir='ltr'><strong>oppido</strong></span> <span class='ocrx_word' id='word_1_554' title='bbox 1584 2167 1698 2200; x_wconf 86' lang='lat' dir='ltr'><strong>Italiae</strong></span> <span class='ocrx_word' id='word_1_555' title='bbox 1719 2168 1774 2200; x_wconf 91' lang='lat' dir='ltr'><strong>in-</strong></span> 
     </span>
     <span class='ocr_line' id='line_1_109' title="bbox 1059 2212 1775 2256; baseline 0.003 -12"><span class='ocrx_word' id='word_1_556' title='bbox 1059 2213 1190 2245; x_wconf 84' lang='lat' dir='ltr'><strong>ferioris</strong></span> <span class='ocrx_word' id='word_1_557' title='bbox 1210 2213 1281 2245; x_wconf 83' lang='lat' dir='ltr'><strong>sive</strong></span> <span class='ocrx_word' id='word_1_558' title='bbox 1302 2212 1460 2245; x_wconf 86' lang='lat' dir='ltr'><strong>Graeciae</strong></span> <span class='ocrx_word' id='word_1_559' title='bbox 1476 2224 1634 2256; x_wconf 80' lang='lat' dir='ltr'><strong>magnae,</strong></span> <span class='ocrx_word' id='word_1_560' title='bbox 1660 2212 1775 2246; x_wconf 87' lang='lat' dir='ltr'><strong>oriun-</strong></span> 
     </span>
     <span class='ocr_line' id='line_1_110' title="bbox 1058 2257 1283 2297; baseline 0 -7"><span class='ocrx_word' id='word_1_561' title='bbox 1058 2257 1129 2290; x_wconf 62' lang='lat' dir='ltr'><strong>dus</strong></span> <span class='ocrx_word' id='word_1_562' title='bbox 1165 2259 1206 2297; x_wconf 83' lang='lat'><strong>5,</strong></span> <span class='ocrx_word' id='word_1_563' title='bbox 1230 2258 1283 2290; x_wconf 77' lang='lat'><strong>59.</strong></span> 
     </span>
    </p>

    <p class='ocr_par' dir='ltr' id='par_1_43' title="bbox 1006 2302 1773 2387">
     <span class='ocr_line' id='line_1_111' title="bbox 1006 2302 1773 2347; baseline 0 -12"><span class='ocrx_word' id='word_1_564' title='bbox 1006 2304 1154 2343; x_wconf 84' lang='lat' dir='ltr'><strong>Lucani,</strong></span> <span class='ocrx_word' id='word_1_565' title='bbox 1187 2303 1316 2336; x_wconf 88' lang='lat' dir='ltr'><strong>incolae</strong></span> <span class='ocrx_word' id='word_1_566' title='bbox 1335 2302 1501 2336; x_wconf 85' lang='lat' dir='ltr'><strong>Lucaniae</strong></span> <span class='ocrx_word' id='word_1_567' title='bbox 1513 2328 1521 2344; x_wconf 93' lang='lat'><strong>,</strong></span> <span class='ocrx_word' id='word_1_568' title='bbox 1555 2303 1699 2347; x_wconf 84' lang='lat' dir='ltr'><strong>regionis</strong></span> <span class='ocrx_word' id='word_1_569' title='bbox 1718 2303 1773 2336; x_wconf 91' lang='lat' dir='ltr'><strong>in—</strong></span> 
     </span>
     <span class='ocr_line' id='line_1_112' title="bbox 1059 2348 1489 2387; baseline 0.005 -8"><span class='ocrx_word' id='word_1_570' title='bbox 1059 2348 1189 2380; x_wconf 85' lang='lat' dir='ltr'><strong>ferioris</strong></span> <span class='ocrx_word' id='word_1_571' title='bbox 1211 2348 1336 2380; x_wconf 86' lang='lat' dir='ltr'><strong>Italiae.</strong></span> <span class='ocrx_word' id='word_1_572' title='bbox 1372 2351 1388 2381; x_wconf 93' lang='lat'>1</span> <span class='ocrx_word' id='word_1_573' title='bbox 1402 2373 1410 2387; x_wconf 91' lang='lat'><strong>,</strong></span> <span class='ocrx_word' id='word_1_574' title='bbox 1434 2348 1489 2381; x_wconf 82' lang='grc'><strong>89.</strong></span> 
     </span>
    </p>

    <p class='ocr_par' dir='ltr' id='par_1_44' title="bbox 1011 2395 1771 2662">
     <span class='ocr_line' id='line_1_113' title="bbox 1011 2395 1771 2438; baseline 0.001 -13"><span class='ocrx_word' id='word_1_575' title='bbox 1011 2395 1152 2426; x_wconf 84' lang='lat' dir='ltr'><strong>Lucilius</strong></span> <span class='ocrx_word' id='word_1_576' title='bbox 1172 2395 1205 2426; x_wconf 90' lang='lat' dir='ltr'><strong>C.</strong></span> <span class='ocrx_word' id='word_1_577' title='bbox 1232 2396 1408 2426; x_wconf 86' lang='lat' dir='ltr'><strong>Suessanus</strong></span> <span class='ocrx_word' id='word_1_578' title='bbox 1423 2395 1647 2433; x_wconf 86' lang='lat' dir='ltr'><strong>Auruncanus,</strong></span> <span class='ocrx_word' id='word_1_579' title='bbox 1673 2405 1771 2438; x_wconf 86' lang='lat' dir='ltr'><strong>eques</strong></span> 
     </span>
     <span class='ocr_line' id='line_1_114' title="bbox 1056 2438 1771 2482; baseline 0.001 -12"><span class='ocrx_word' id='word_1_580' title='bbox 1056 2439 1153 2471; x_wconf 87' lang='lat' dir='ltr'><strong>Rom.</strong></span> <span class='ocrx_word' id='word_1_581' title='bbox 1170 2450 1306 2482; x_wconf 85' lang='lat' dir='ltr'><strong>magnus</strong></span> <span class='ocrx_word' id='word_1_582' title='bbox 1323 2438 1502 2480; x_wconf 74' lang='lat' dir='ltr'><strong>avunculus</strong></span> <span class='ocrx_word' id='word_1_583' title='bbox 1518 2440 1634 2482; x_wconf 86' lang='lat' dir='ltr'><strong>Pomp.</strong></span> <span class='ocrx_word' id='word_1_584' title='bbox 1646 2440 1693 2471; x_wconf 91' lang='lat' dir='ltr'><strong>M.</strong></span> <span class='ocrx_word' id='word_1_585' title='bbox 1711 2439 1771 2471; x_wconf 88' lang='lat' dir='ltr'><strong>sub</strong></span> 
     </span>
     <span class='ocr_line' id='line_1_115' title="bbox 1058 2483 1770 2527; baseline 0.001 -12"><span class='ocrx_word' id='word_1_586' title='bbox 1058 2484 1214 2526; x_wconf 87' lang='lat' dir='ltr'><strong>Scipione</strong></span> <span class='ocrx_word' id='word_1_587' title='bbox 1237 2484 1310 2516; x_wconf 88' lang='lat' dir='ltr'><strong>Afr.</strong></span> <span class='ocrx_word' id='word_1_588' title='bbox 1335 2483 1538 2516; x_wconf 88' lang='lat' dir='ltr'><strong>Numantino</strong></span> <span class='ocrx_word' id='word_1_589' title='bbox 1561 2484 1650 2516; x_wconf 91' lang='lat' dir='ltr'><strong>bello</strong></span> <span class='ocrx_word' id='word_1_590' title='bbox 1672 2495 1770 2527; x_wconf 90' lang='lat' dir='ltr'><strong>eques</strong></span> 
     </span>
     <span class='ocr_line' id='line_1_116' title="bbox 1056 2526 1771 2572; baseline 0 -12"><span class='ocrx_word' id='word_1_591' title='bbox 1056 2529 1212 2561; x_wconf 89' lang='lat' dir='ltr'><strong>militavit</strong></span> <span class='ocrx_word' id='word_1_592' title='bbox 1229 2535 1263 2561; x_wconf 87' lang='lat' dir='ltr'><strong>et</strong></span> <span class='ocrx_word' id='word_1_593' title='bbox 1277 2528 1421 2572; x_wconf 89' lang='lat' dir='ltr'><strong>Neapoli</strong></span> <span class='ocrx_word' id='word_1_594' title='bbox 1439 2540 1515 2561; x_wconf 89' lang='lat' dir='ltr'><strong>ann.</strong></span> <span class='ocrx_word' id='word_1_595' title='bbox 1531 2526 1576 2562; x_wconf 75' lang='grc'><strong>46</strong></span> <span class='ocrx_word' id='word_1_596' title='bbox 1591 2535 1687 2560; x_wconf 89' lang='lat' dir='ltr'><strong>natus</strong></span> <span class='ocrx_word' id='word_1_597' title='bbox 1706 2529 1771 2561; x_wconf 90' lang='lat' dir='ltr'><strong>ob—</strong></span> 
     </span>
     <span class='ocr_line' id='line_1_117' title="bbox 1055 2574 1770 2617; baseline 0.006 -13"><span class='ocrx_word' id='word_1_598' title='bbox 1055 2575 1102 2607; x_wconf 87' lang='lat' dir='ltr'><strong>iit.</strong></span> <span class='ocrx_word' id='word_1_599' title='bbox 1162 2574 1301 2617; x_wconf 84' lang='lat' dir='ltr'><strong>Scripsit</strong></span> <span class='ocrx_word' id='word_1_600' title='bbox 1332 2576 1466 2617; x_wconf 87' lang='lat' dir='ltr'><strong>Satyras</strong></span> <span class='ocrx_word' id='word_1_601' title='bbox 1495 2585 1578 2613; x_wconf 83' lang='lat' dir='ltr'><strong>xxx,</strong></span> <span class='ocrx_word' id='word_1_602' title='bbox 1622 2574 1770 2617; x_wconf 81' lang='lat' dir='ltr'><strong>EpodOS,</strong></span> 
     </span>
     <span class='ocr_line' id='line_1_118' title="bbox 1055 2617 1657 2662; baseline 0.002 -12"><span class='ocrx_word' id='word_1_603' title='bbox 1055 2620 1205 2662; x_wconf 75' lang='lat' dir='ltr'><strong>Hymnos</strong></span> <span class='ocrx_word' id='word_1_604' title='bbox 1228 2626 1262 2651; x_wconf 88' lang='lat' dir='ltr'><strong>et</strong></span> <span class='ocrx_word' id='word_1_605' title='bbox 1285 2618 1509 2651; x_wconf 84' lang='lat' dir='ltr'><strong>Comoediam·</strong></span> <span class='ocrx_word' id='word_1_606' title='bbox 1532 2617 1573 2656; x_wconf 84' lang='lat'><strong>3,</strong></span> <span class='ocrx_word' id='word_1_607' title='bbox 1603 2617 1657 2651; x_wconf 85' lang='lat'><strong>31.</strong></span> 
     </span>
    </p>

    <p class='ocr_par' dir='ltr' id='par_1_45' title="bbox 1007 2672 1768 2887">
     <span class='ocr_line' id='line_1_119' title="bbox 1007 2672 1768 2717; baseline 0.004 -12"><span class='ocrx_word' id='word_1_608' title='bbox 1007 2676 1111 2715; x_wconf 83' lang='lat' dir='ltr'><strong>Lyco,</strong></span> <span class='ocrx_word' id='word_1_609' title='bbox 1145 2672 1299 2714; x_wconf 86' lang='lat' dir='ltr'><strong>Troade,</strong></span> <span class='ocrx_word' id='word_1_610' title='bbox 1333 2674 1496 2717; x_wconf 87' lang='lat' dir='ltr'><strong>Phrygiae</strong></span> <span class='ocrx_word' id='word_1_611' title='bbox 1523 2673 1658 2706; x_wconf 91' lang='lat' dir='ltr'><strong>minoris</strong></span> <span class='ocrx_word' id='word_1_612' title='bbox 1687 2675 1768 2708; x_wconf 89' lang='lat' dir='ltr'><strong>urbe</strong></span> 
     </span>
     <span class='ocr_line' id='line_1_120' title="bbox 1051 2718 1768 2764; baseline 0.004 -14"><span class='ocrx_word' id='word_1_613' title='bbox 1051 2719 1232 2758; x_wconf 80' lang='lat' dir='ltr'><strong>maritima,</strong></span> <span class='ocrx_word' id='word_1_614' title='bbox 1257 2726 1372 2758; x_wconf 87' lang='lat' dir='ltr'><strong>natus,</strong></span> <span class='ocrx_word' id='word_1_615' title='bbox 1395 2718 1611 2762; x_wconf 86' lang='lat' dir='ltr'><strong>philosophus</strong></span> <span class='ocrx_word' id='word_1_616' title='bbox 1632 2720 1768 2764; x_wconf 85' lang='lat' dir='ltr'><strong>peripa-</strong></span> 
     </span>
     <span class='ocr_line' id='line_1_121' title="bbox 1050 2764 1768 2808; baseline 0.001 -12"><span class='ocrx_word' id='word_1_617' title='bbox 1050 2764 1190 2803; x_wconf 71' lang='lat' dir='ltr'><strong>teneus,</strong></span> <span class='ocrx_word' id='word_1_618' title='bbox 1226 2764 1310 2797; x_wconf 89' lang='lat' dir='ltr'><strong>adeo</strong></span> <span class='ocrx_word' id='word_1_619' title='bbox 1343 2765 1499 2806; x_wconf 89' lang='lat' dir='ltr'><strong>eloquens</strong></span> <span class='ocrx_word' id='word_1_620' title='bbox 1528 2771 1628 2808; x_wconf 88' lang='lat' dir='ltr'><strong>atque</strong></span> <span class='ocrx_word' id='word_1_621' title='bbox 1656 2765 1692 2797; x_wconf 88' lang='lat' dir='ltr'><strong>in</strong></span> <span class='ocrx_word' id='word_1_622' title='bbox 1712 2765 1768 2797; x_wconf 89' lang='lat' dir='ltr'><strong>di-</strong></span> 
     </span>
     <span class='ocr_line' id='line_1_122' title="bbox 1050 2808 1764 2853; baseline 0.001 -12"><span class='ocrx_word' id='word_1_623' title='bbox 1050 2809 1156 2841; x_wconf 82' lang='lat' dir='ltr'><strong>cendo</strong></span> <span class='ocrx_word' id='word_1_624' title='bbox 1178 2809 1304 2847; x_wconf 80' lang='lat' dir='ltr'><strong>suavis,</strong></span> <span class='ocrx_word' id='word_1_625' title='bbox 1339 2815 1376 2840; x_wconf 90' lang='lat' dir='ltr'><strong>ut</strong></span> <span class='ocrx_word' id='word_1_626' title='bbox 1398 2808 1505 2853; x_wconf 88' lang='lat' dir='ltr'><strong>Glyco</strong></span> <span class='ocrx_word' id='word_1_627' title='bbox 1526 2809 1764 2843; x_wconf 87' lang='lat' dir='ltr'><strong>nominaretur.</strong></span> 
     </span>
     <span class='ocr_line' id='line_1_123' title="bbox 1049 2853 1553 2887; baseline 0 -1"><span class='ocrx_word' id='word_1_628' title='bbox 1049 2856 1200 2887; x_wconf 86' lang='lat' dir='ltr'><strong>Mortuus</strong></span> <span class='ocrx_word' id='word_1_629' title='bbox 1220 2860 1270 2886; x_wconf 85' lang='lat' dir='ltr'><strong>est</strong></span> <span class='ocrx_word' id='word_1_630' title='bbox 1290 2865 1320 2886; x_wconf 89' lang='lat' dir='ltr'><strong>a.</strong></span> <span class='ocrx_word' id='word_1_631' title='bbox 1337 2853 1415 2887; x_wconf 83' lang='lat'><strong>225.</strong></span> <span class='ocrx_word' id='word_1_632' title='bbox 1431 2866 1460 2886; x_wconf 87' lang='lat' dir='ltr'><strong>a.</strong></span> <span class='ocrx_word' id='word_1_633' title='bbox 1477 2854 1553 2886; x_wconf 87' lang='lat' dir='ltr'><strong>Chr.</strong></span> 
     </span>
    </p>
   </div>
   <div class='ocr_carea' id='block_1_24' title="bbox 1003 2898 1768 2988">
    <p class='ocr_par' dir='ltr' id='par_1_46' title="bbox 1003 2898 1768 2988">
     <span class='ocr_line' id='line_1_124' title="bbox 1003 2898 1768 2943; baseline 0 -11"><span class='ocrx_word' id='word_1_634' title='bbox 1003 2901 1183 2940; x_wconf 75' lang='lat' dir='ltr'><strong>Lycur9us,</strong></span> <span class='ocrx_word' id='word_1_635' title='bbox 1225 2898 1564 2932; x_wconf 85' lang='lat' dir='ltr'><strong>Lacedaemoniorum</strong></span> <span class='ocrx_word' id='word_1_636' title='bbox 1595 2899 1768 2943; x_wconf 85' lang='lat' dir='ltr'><strong>legislator</strong></span> 
     </span>
     <span class='ocr_line' id='line_1_125' title="bbox 1050 2944 1305 2988; baseline -0.008 -10"><span class='ocrx_word' id='word_1_637' title='bbox 1050 2947 1140 2988; x_wconf 56' lang='lat' dir='ltr'><strong>(aaa.</strong></span> <span class='ocrx_word' id='word_1_638' title='bbox 1155 2956 1185 2977; x_wconf 87' lang='lat' dir='ltr'><strong>a.</strong></span> <span class='ocrx_word' id='word_1_639' title='bbox 1201 2944 1305 2987; x_wconf 51' lang='lat' dir='ltr'><strong>Cha).</strong></span> 
     </span>
    </p>
   </div>
   <div class='ocr_carea' id='block_1_25' title="bbox 1819 2678 1827 2818">
    <p class='ocr_par' dir='ltr' id='par_1_47' title="bbox 1819 2678 1827 2818">
     <span class='ocr_line' id='line_1_126' title="bbox 1819 2678 1827 2818; textangle 90"><span class='ocrx_word' id='word_1_640' title='bbox 1819 2755 1826 2818; x_wconf 40' lang='grc' dir='ltr'>μ-..Δ</span> <span class='ocrx_word' id='word_1_641' title='bbox 1821 2701 1826 2749; x_wconf 42' lang='grc' dir='ltr'>..μ-7</span> <span class='ocrx_word' id='word_1_642' title='bbox 1824 2678 1827 2697; x_wconf 72' lang='grc'>.-</span> 
     </span>
    </p>
   </div>
  </div>
 </body>
</html>
