1859 3149
645 47 818 82 LIBER
841 49 902 83 111.
925 48 967 91 5,
994 48 1046 85 10.
1069 49 1124 84 11.
1600 44 1681 90 177

81 146 197 178 cnam
227 130 475 188 appellarunt
507 129 751 181 insaniam,
796 137 1008 186 propterea
1040 130 1145 186 quod
1178 130 1221 173 in
1257 130 1489 188 perturbato
1525 134 1676 188 animo,

79 208 183 256 sicut
211 207 256 249 in
285 219 481 263 corpore,
514 204 666 246 sanitas
694 216 786 245 esse
817 218 896 245 non
929 213 1080 261 posset.

195 281 252 326 V.
307 287 375 326 m.
408 279 499 322 Nec
526 279 658 321 minus
681 279 775 320 illud
798 286 938 331 acute,
981 281 1083 343 quod
1111 280 1232 323 animi
1257 281 1507 324 affectionem
1530 283 1680 328 lumine

78 357 225 400 mentis
262 362 465 399 carentem
507 355 817 397 nominaverunt
850 356 1084 397 amentiam
1121 357 1365 412 eandemque
1401 357 1677 404 dementiam.

76 431 148 476 Ex
182 446 260 490 quo
281 431 579 487 intelligendum
618 437 702 481 est,
751 443 845 481 θος,
891 430 956 485 qui
991 430 1088 472 haec
1112 431 1232 473 rebus
1260 433 1421 474 nomina
1445 443 1678 490 posuerunt,

78 508 259 551 sensisse
278 506 354 549 hoc
372 506 475 548 idem
491 538 502 560 ,
535 505 638 562 quod
659 519 681 546 a
703 503 876 547 Socrate
897 512 1102 561 acceptum
1124 506 1335 561 diligenter
1357 506 1484 550 Stoici
1504 510 1682 554 retinue-

79 589 195 635 runt,
240 595 380 624 omnes
400 581 635 638 insipientes
670 593 760 622 esse
797 595 878 622 non
912 594 1049 622 sanos.
1114 579 1194 636 Qui
1222 589 1284 623 est
1317 583 1421 624 enim
1452 585 1607 627 animus
1639 586 1682 629 in

78 657 209 714 aliquo
228 657 391 709 morbo,
436 655 616 711 (morbos
640 663 771 698 autem
795 656 866 697 hos
891 655 1143 712 perturbatos
1169 663 1325 708 motus,
1374 664 1415 699 ut
1442 660 1557 702 modo
1579 661 1679 714 dixi,

79 732 302 790 philosophi
326 731 569 789 appellantg)
603 746 682 773 non
711 732 839 788 magis
871 738 933 773 est
957 745 1105 783 sanus,
1154 746 1271 786 quam
1299 732 1338 773 id
1368 747 1533 789 eorpus,
1578 737 1682 791 quod

78 808 120 850 in
140 807 280 850 morbo
302 815 379 850 est.
441 805 504 849 Ita
523 807 581 859 fit,
614 814 658 848 ut
674 807 870 864 sapientia
890 806 1040 848 sanitas
1061 806 1112 848 sit
1133 807 1270 859 animi,
1304 808 1530 864 insipientia
1551 819 1683 855 autem

79 883 193 940 quasi
214 882 408 925 insanitas
432 883 624 938 quaedam
640 914 652 934 ,
686 896 787 938 quae
813 889 875 923 est
897 882 1054 923 insania
1077 883 1293 938 eademque
1316 884 1538 937 dementia3
1584 888 1684 929 mul-

81 965 199 1015 toque
222 958 364 1000 melius
391 958 490 999 haec
514 965 648 999 notata
682 964 773 998 sunt
803 957 940 999 verbis
963 956 1148 1009 Latinis,
1197 973 1313 1013 quam
1339 958 1531 1002 Graecis:
1581 963 1684 1018 quod

79 1033 167 1075 aliis
190 1046 346 1089 quoque
378 1032 512 1074 multis
544 1032 643 1073 locis
666 1032 905 1088 reperietur.
968 1030 1049 1074 Sed
1082 1033 1119 1074 id
1151 1033 1272 1084 alias3
1319 1049 1450 1086 nunc,
1498 1038 1601 1092 quod
1623 1038 1683 1080 in—

80 1116 174 1151 stat.
239 1114 307 1150 11.
340 1106 487 1148 Totum
506 1107 629 1163 igitur
646 1106 708 1158 id,
743 1107 845 1162 quod
865 1107 1117 1161 quaerimus,
1153 1108 1243 1162 quid
1266 1115 1304 1149 et
1324 1110 1438 1164 quale
1459 1111 1534 1163 sit,
1567 1113 1683 1155 verbi

78 1184 142 1226 vis
170 1183 256 1239 ipsa
293 1182 482 1224 declarat.

79 1272 247 1315 quorum
271 1270 384 1298 mens
414 1264 546 1307 motu,
593 1257 704 1312 quasi
731 1257 894 1308 morbo,
940 1257 1169 1312 perturbata
1199 1258 1306 1298 nullo
1334 1259 1406 1310 si13
1454 1261 1519 1315 qui
1543 1270 1683 1304 contra

77 1332 212 1375 affecti
236 1332 340 1384 sint,
386 1331 459 1374 hos
488 1331 653 1373 insanos
673 1331 862 1388 appellari
897 1345 1064 1373 neeesse
1099 1339 1174 1373 est.
1238 1330 1377 1387 Itaque
1401 1334 1496 1376 nihil
1520 1337 1678 1390 melius,

78 1421 193 1465 quam
216 1407 321 1463 quod
344 1413 407 1448 est
426 1407 469 1448 in
494 1407 782 1449 consuetudine
806 1407 1005 1448 sermonis
1028 1405 1188 1459 Latini,
1224 1422 1341 1463 quum
1364 1409 1507 1452 exisse
1527 1425 1582 1452 ex
1600 1426 1684 1467 po-

555 1181 640 1223 Eos
674 1181 779 1223 enim
812 1195 932 1223 sanos
976 1182 1158 1237 quoniam
1196 1182 1363 1238 intelligi
1397 1199 1565 1228 neeesse
1601 1195 1679 1240 est,

77 1487 234 1526 testate
256 1482 422 1524 dicimus
455 1495 549 1534 eos,
591 1481 656 1537 qui
679 1482 863 1523 effrenati
895 1483 1077 1524 feruntur
1108 1490 1175 1524 aut
1198 1483 1386 1535 libidine,
1432 1492 1500 1526 aut
1523 1486 1683 1530 iracun-

78 1558 166 1611 dia3
210 1571 433 1614 quanquam
457 1557 544 1614 ipsa
564 1557 768 1599 iracundia
791 1557 963 1598 libidinis
989 1565 1048 1599 est
1076 1572 1181 1614 pars.
1247 1556 1316 1600 Sic
1342 1559 1445 1601 enim
1472 1560 1679 1605 delinitur:

82 1655 271 1690 quanquam
296 1642 410 1688 paullo
443 1649 522 1687 post
553 1643 627 1686 plus
650 1644 754 1676 semel
776 1643 865 1687 legi-
899 1644 993 1683 *ac-32,
1023 1641 1061 1678 ’.ὁ
1087 1641 1225 1685 saepti).
1275 1645 1366 1678 Infra
1391 1658 1418 1677 c.
1440 1646 1497 1683 15,
1518 1646 1582 1681 323:
1618 1660 1683 1691 pa-

79 1698 153 1725 tur:
179 1692 290 1732 quanti
311 1692 471 1730 aestimet,
495 1693 606 1731 quanti
628 1693 841 1723 aestimentur.
899 1702 973 1723 rere
993 1690 1081 1722 enim
1098 1698 1212 1723 censet
1228 1694 1374 1723 animum
1393 1695 1519 1724 rationi.
1544 1692 1586 1724 de
1603 1694 1683 1727 Nat.

85 1757 90 1761 -
150 1739 253 1770 omnis
273 1746 354 1778 quae
375 1739 419 1768 est
439 1737 477 1768 de
499 1738 566 1768 vita
588 1740 615 1768 et
636 1737 675 1768 de
695 1738 752 1780 m]
782 1736 861 1768 Phi-

80 1782 238 1827 losophia
272 1788 351 1826 post
375 1783 548 1814 Socratem
581 1781 614 1814 in
649 1789 718 1815 tres
752 1790 863 1827 partes

82 1828 189 1862 divisa
223 1835 315 1868 erat,
352 1827 585 1867 dialecticam,
622 1828 797 1871 physicam
830 1835 864 1861 et

82 1875 238 1919 ethicam.
278 1875 320 1908 V.
345 1885 406 1908 nos
427 1874 461 1906 in
485 1874 572 1907 libro
596 1873 629 1906 d.
655 1877 692 1907 de
711 1877 807 1907 Cicer.
832 1877 863 1906 in

78 1923 158 1963 phil.
180 1931 256 1954 mer.
278 1932 310 1964 p.
327 1922 360 1954 5.
410 1919 510 1961 Quod
538 1927 651 1952 autem
677 1920 764 1952 hanc
789 1927 861 1952 ter-

80 1967 163 2000 tiam
192 1966 428 2011 philosophiae
456 1972 587 2010 partem
613 1969 769 1999 Socrates
799 1965 863 1997 ad-

80 2013 225 2046 iunxisse
247 2011 391 2053 dicitur,
422 2024 454 2044 v.
477 2012 567 2044 infra
588 2012 629 2043 V.
652 2009 694 2051 4,
718 2011 771 2044 10.
796 2011 862 2043 ibi-

84 2071 149 2105 que
173 2069 246 2091 nos.

150 2103 184 2138 9.
213 2107 241 2137 et
261 2105 402 2135 omnium
422 2105 636 2144 insipientium
665 2105 766 2135 animi
783 2102 862 2147 ete]

82 2151 135 2183 De
152 2147 318 2193 particula
334 2153 361 2181 et
384 2148 416 2180 in
430 2149 660 2193 assumptione
677 2149 865 2182 conclusio-

81 2196 133 2229 nis
157 2194 269 2239 posita
292 2205 400 2239 comp.
422 2194 512 2227 infra
534 2207 561 2228 c.
579 2194 620 2234 7,
649 2196 709 2228 15:
745 2207 864 2228 munus

81 2249 196 2275 autem
217 2240 321 2273 animi
343 2247 394 2273 est
416 2241 548 2274 ratione
562 2240 649 2273 bene
667 2240 736 2280 uti3
761 2246 789 2274 et
806 2254 865 2274 sa-

81 2287 207 2332 pientis
221 2286 350 2320 animus
369 2287 418 2319 ita
433 2299 567 2332 semper
583 2287 723 2320 affectus
740 2295 802 2327 est,
828 2294 865 2320 ut

82 2333 214 2368 ratione
229 2333 356 2378 optime
368 2339 498 2366 utatur:
518 2345 687 2378 nunquam
698 2333 800 2378 igitur
815 2340 866 2366 est

81 2379 307 2426 perturbatus
334 2391 362 2412 c.
374 2378 408 2419 8,
432 2380 492 2414 18:
519 2384 546 2412 et
566 2387 644 2412 sunt
657 2379 714 2412 illa
727 2380 865 2424 sapien-

81 2427 138 2460 tis.
165 2426 202 2459 C.
216 2426 261 2458 N.
278 2426 319 2458 D.
339 2426 366 2457 I.
390 2423 456 2465 40,
485 2426 569 2459 11οτ
606 2426 767 2470 (beatum)
793 2427 864 2458 sine

81 2472 208 2506 virtute
232 2478 323 2504 certe
342 2471 436 2504 nullo
457 2472 583 2510 modo3
621 2472 726 2504 virtus
752 2480 865 2505 autem

81 2526 234 2557 aetuosa5
259 2521 288 2551 el
308 2517 390 2550 deus
420 2525 532 2550 vester
553 2517 636 2550 nihil
659 2530 781 2562 agens:
809 2530 864 2551 ex-

82 2563 159 2609 pers
190 2564 326 2597 virtutis
355 2563 468 2607 igitur.
516 2563 594 2596 Pari
625 2564 729 2597 modo
762 2565 865 2597 etiam

83 2614 175 2652 atque
197 2610 328 2654 saepius
347 2609 472 2654 legitur
493 2609 529 2642 in
549 2610 790 2655 assumptione,
815 2610 866 2643 uti

83 2654 172 2689 infra
195 2668 223 2690 c.
237 2656 271 2694 7,
288 2654 339 2688 14.

154 2701 234 2734 Gar.
246 2703 286 2734 V.
311 2702 364 2735 10.
398 2703 500 2735 animi
525 2722 571 2726 —
592 2704 718 2745 mentis]
756 2704 865 2746 Saepe

85 2748 211 2780 aruimus
230 2754 265 2780 et
283 2757 371 2780 mens
393 2747 586 2791 iunguntur.
623 2748 723 2788 Quod
740 2748 794 2780 ubi
815 2748 864 2789 fit,

84 2793 211 2825 animus
232 2792 398 2836 significat
418 2805 573 2837 graecum
600 2791 731 2838 θυμόν,
755 2806 866 2838 appe-

84 2836 182 2869 tendi
203 2837 288 2878 vim,
323 2843 407 2882 quae
437 2846 490 2872 est
522 2839 743 2873 affectionum
768 2841 865 2873 sedes

87 2881 216 2926 (nobis:
242 2885 303 2916 das
320 2887 465 2927 Gemstth,
488 2898 521 2918 v,
542 2885 668 2919 Adnot.
692 2885 727 2918 in
748 2887 791 2918 ΙΙ.
808 2886 863 2925 2¹2,

84 2927 176 2970 53.)‚
199 2937 287 2962 mens
310 2936 423 2963 autem
447 2931 618 2974 cogitandi
641 2932 729 2972 vim,
755 2932 866 2964 ratio-

85 2984 185 3015 nem,
211 2973 408 3017 consilinm,
443 2977 685 3021 cogitationem
721 2978 785 3020 (gr.
807 2975 865 3012 τὸν

902 1737 941 1769 Ι).
959 1738 1000 1768 ΙΙ.
1016 1737 1070 1769 59.
1089 1736 1182 1768 init.:
1206 1740 1350 1769 animum
1364 1738 1471 1781 ipsum
1491 1744 1684 1782 mentemque

900 1782 1066 1819 hominis,
1093 1783 1282 1821 rationem,
1309 1783 1505 1823 consilium,
1531 1785 1685 1840 pruden-

900 1828 992 1860 tiam.
1043 1827 1097 1859 Sic
1126 1828 1216 1871 apud
1241 1829 1425 1861 Homerum
1458 1842 1547 1865 κατα
1577 1831 1685 1875 φρένα

900 1873 958 1907 καὶ
979 1872 1068 1907 κατ’).
1091 1872 1198 1916 ‘suni-a
1225 1876 1324 1916 [Geist
1345 1877 1410 1908 unct
1430 1877 1538 1919 Herz).
1574 1879 1686 1919 Quum

900 1931 979 1952 vero
1011 1919 1193 1963 separatim
1225 1920 1309 1952 haec
1336 1921 1473 1954 nomina
1499 1931 1682 1966 ponuntur,

900 1965 1031 2009 utrique
1067 1972 1205 2010 utraque
1236 1966 1308 1998 fere
1344 1967 1392 1999 vis
1422 1968 1591 2003 tribuitur.
1640 1972 1682 2004 V.

905 2011 949 2043 ad
968 2012 1009 2043 11.
1029 2010 1073 2043 ‘22
1086 2037 1094 2051 ,
1123 2013 1178 2045 55.

970 2060 1046 2090 haec
1079 2060 1171 2090 rebus
1202 2061 1332 2091 nomina
1359 2063 1548 2104 posuerunt]
1574 2061 1619 2094 N.
1641 2063 1684 2095 D.

899 2104 926 2134 Ι.
953 2103 1012 2137 17:
1050 2110 1127 2135 sunt
1159 2103 1246 2137 enim
1270 2108 1360 2138 rebus
1387 2106 1483 2139 novis
1515 2119 1604 2140 nova
1625 2119 1684 2150 po-

898 2151 1003 2182 nenda
1029 2153 1169 2183 nomina.

970 2197 1034 2229 Sed
1058 2198 1091 2228 id
1116 2199 1219 2238 alias,·
1253 2208 1337 2230 nunc
1361 2198 1440 2242 ete]
1479 2198 1614 2232 Eadem*
1631 2200 1685 2233 el-

900 2241 993 2285 lipsis
1025 2241 1115 2274 infra
1140 2244 1205 2283 30,
1231 2242 1291 2276 73:
1332 2243 1399 2276 Sed
1422 2244 1464 2276 de
1489 2245 1556 2278 hoe
1581 2246 1684 2286 alias;

901 2299 988 2320 nunc
1020 2287 1104 2320 illud
1127 2288 1208 2320 satis
1240 2295 1291 2321 est
1324 2301 1394 2322 non
1425 2291 1610 2325 attribuere
1642 2292 1686 2324 ad

901 2333 1114 2367 amissionem
1131 2334 1315 2367 amicorum
1334 2336 1502 2370 miseriam
1521 2346 1684 2371 nostram.

901 2380 994 2413 Lael.
1018 2381 1051 2419 I,
1080 2381 1116 2414 1:
1154 2380 1222 2413 Sed
1244 2381 1286 2414 de
1306 2381 1373 2415 hoc
1392 2382 1493 2423 alias3
1519 2396 1607 2417 nunc
1627 2396 1685 2416 re-

902 2425 967 2459 deo
993 2426 1036 2458 ad
1061 2438 1231 2470 augurem.

972 2472 1024 2505 11.
1065 2474 1142 2514 quid
1175 2478 1203 2506 et
1237 2477 1330 2515 quale
1365 2475 1419 2519 sit]
1462 2477 1568 2518 Saepe
1601 2475 1686 2507 haec

899 2518 1012 2551 iuncta
1044 2519 1267 2563 reperiuntur.
1302 2520 1376 2552 Fin.
1401 2522 1427 2552 1.
1450 2532 1476 2552 c.
1496 2523 1554 2554 ll:
1595 2532 1686 2553 nunc

900 2571 1013 2596 autem
1029 2565 1219 2609 explicabo,
1241 2566 1397 2609 voluptas
1413 2566 1485 2609 ipsa
1503 2576 1584 2607 quae
1603 2577 1685 2608 qua-

899 2613 997 2652 lisque
1018 2614 1067 2644 sit.
1108 2611 1155 2643 Ib.
1179 2624 1207 2644 c.
1227 2611 1270 2646 9:
1299 2612 1526 2649 constituam,
1553 2614 1630 2652 quid
1650 2618 1685 2645 el:

899 2659 992 2698 quale
1016 2657 1060 2689 sit
1081 2657 1137 2697 id,
1173 2657 1215 2690 de
1248 2669 1313 2702 quo
1339 2657 1537 2701 quaerimus.
1574 2658 1618 2689 N.
1641 2659 1684 2691 D.

901 2704 935 2740 Ι,
958 2703 1022 2735 22:
1061 2703 1172 2747 Roges
1206 2716 1280 2741 me,
1318 2705 1396 2744 quid
1427 2710 1485 2734 aut
1506 2706 1612 2744 quatis
1640 2704 1686 2737 sit

901 2748 994 2780 deus.
1045 2750 1197 2789 Quorum
1226 2749 1310 2781 illud
1339 2760 1437 2791 quam
1462 2748 1603 2781 barbare
1628 2749 1685 2783 (li-

901 2801 981 2827 cunt
1002 2798 1187 2835 essentiam,
1213 2795 1278 2827 hoc
1298 2796 1485 2835 qualitatem
1506 2794 1682 2838 significat.

969 2851 1020 2873 eos
1052 2843 1134 2873 enim
1168 2850 1263 2872 sanos
1294 2840 1458 2884 quoniam]
1492 2841 1534 2876 V.
1556 2840 1598 2873 de
1619 2842 1684 2876 hac

902 2886 1128 2919 collocatione
1151 2885 1324 2917 Adnotata
1345 2884 1389 2916 ad
1408 2886 1434 2916 I.
1452 2889 1485 2924 ἔ,
1507 2885 1558 2920 16.

969 2935 1069 2965 exisse
1094 2942 1131 2964 ex
1151 2930 1318 2974 potestate]
1343 2930 1438 2963 Infra
1458 2932 1516 2964 IV.
1538 2931 1593 2974 36,
1617 2933 1681 2969 77:

900 2979 1001 3011 [ratos
1020 2979 1149 3019 proprie
1170 2978 1306 3009 dicimus
1329 2976 1437 3009 exisse
1459 2977 1502 3010 de
1525 2986 1683 3022 potesta-

1293 3039 1344 3075 12
