1859 3117
1569 60 1652 105 129

67 149 198 206 Atque
218 155 418 191 oratorum
445 146 598 202 quidem
620 147 706 187 laus
731 147 807 198 ita,
843 147 957 189 ducta
979 148 1027 189 ab
1051 147 1202 200 humili,
1235 148 1345 190 venit
1366 148 1415 189 ad
1435 162 1646 205 summum,

67 232 108 268 ut
130 225 208 266 iam
223 256 234 276 ,
278 223 378 279 quod
402 229 540 263 natura
571 221 648 261 fert
671 220 713 261 in
739 220 919 262 omnibus
950 223 1033 263 sere
1059 222 1178 264 rebus
1193 255 1204 275 ,
1250 229 1434 264 senescat
1456 223 1647 279 brevique

612 66 778 99 mern
803 67 845 99 n.
869 49 967 110 2‚‘6.
993 67 1036 110 3,
1063 67 1096 102 7.

71 305 246 355 tempore
281 297 328 339 ad
358 296 519 338 nihilum
547 302 716 337 ventura
747 294 953 348 videatur3
998 297 1243 353 philosophia
1271 304 1458 338 nascatur
1487 295 1646 340 Latinis

67 373 220 429 quidem
237 370 378 414 litteris
399 384 453 411 ex
468 369 528 411 his
550 368 806 425 temporibus,
841 383 1006 424 eamque
1026 385 1097 412 nos
1117 372 1346 412 adiuvemus
1368 385 1518 427 nosque
1536 372 1645 428 ipsos

65 447 249 503 redargui
267 445 471 500 refellique
496 443 702 499 patiamur.
766 442 883 497 Quod
903 444 928 484 ii
950 445 1077 485 serunt
1097 445 1227 486 animo
1246 446 1403 501 iniquo,
1438 446 1502 501 qui
1525 447 1644 489 certis

64 521 292 576 quibusdam
312 519 592 573 destinatisque
614 518 822 559 sententiis
847 518 957 573 quasi
982 519 1123 559 addicti
1152 527 1191 560 et
1215 520 1436 561 consecrati
1460 527 1553 562 sunt
1577 535 1644 563 ea-

63 610 138 651 que
163 594 401 637 necessitate
424 592 654 645 constricti,
698 600 740 653 ut
765 593 909 644 etiam,
955 606 1055 647 quae
1081 607 1159 634 non
1187 595 1351 649 probare
1380 595 1557 647 soleant,
1597 609 1644 638 ea

64 677 258 724 cogantur
281 668 524 710 constantiae
547 681 687 708 caussa
709 667 946 718 defendere3
981 681 1052 708 nos
1068 699 1078 719 ,
1113 668 1178 722 qui
1203 669 1404 723 sequimur
1428 670 1646 726 probabilia

63 757 137 784 nec
170 743 271 784 ultra
301 756 413 797 quani
444 742 507 794 id,
552 742 654 796 quod
688 742 774 784 veri
808 741 934 783 simile
967 742 1160 794 occurrit,
1204 743 1387 798 progredi
1415 759 1640 799 possumus,

62 824 102 859 et
128 817 313 858 refellere
341 817 426 858 sine
458 816 699 873 pertinacia,
744 823 783 857 et
816 816 945 857 refelli
981 816 1067 857 sine
1098 817 1302 858 iracundia
1333 819 1459 874 parati
1488 833 1639 861 sumus.

61 897 104 933 6.
138 890 254 946 Quod
277 890 312 932 si
330 891 427 932 haec
447 891 576 932 studia
601 891 779 931 traducta
800 897 916 931 erunt
935 891 982 931 ad
1006 898 1180 942 nostros,
1215 906 1265 933 ne
1288 892 1535 934 bibliothecis
1558 894 1642 949 qui-

16 992 19 996 ›
61 966 147 1006 dem
175 963 340 1006 Graecis
363 965 564 1020 egebimus
580 997 592 1017 ,
630 966 670 1005 in
699 965 839 1019 quibus
866 965 1069 1006 multitudo
1092 965 1244 1007 infinita
1269 967 1457 1008 librorum
1481 976 1644 1024 propter

60 1053 196 1081 eorum
217 1046 278 1080 est
294 1039 601 1090 multitudinem,
636 1039 700 1094 qui
715 1039 980 1094 scripserunt,
1015 1040 1150 1080 eadem
1174 1040 1276 1080 enim
1297 1041 1480 1082 dicuntur
1500 1056 1522 1083 a
1543 1043 1643 1084 mul-

60 1114 138 1155 tis:
181 1127 235 1155 ex
263 1128 339 1168 quo
372 1113 482 1154 libris
509 1113 640 1154 omnia
671 1114 933 1154 referserunt.
997 1112 1112 1168 Quod
1142 1114 1294 1155 accidet
1325 1115 1442 1156 etiam
1474 1117 1640 1170 nostris,

60 1188 95 1229 si
119 1188 167 1229 ad
197 1187 292 1228 baec
315 1187 442 1228 studia
469 1187 601 1242 plures
625 1187 903 1228 confluxerint.

59 1270 202 1314 temus,
227 1261 291 1317 qui
310 1261 526 1302 liberaliter
545 1261 687 1303 eruditi
707 1261 877 1302 adhibita
897 1261 1013 1302 etiam
1037 1262 1257 1303 disserendi
1274 1264 1468 1318 elegantia
1486 1265 1640 1308 ratione

968 1185 1048 1229 Sed
1073 1202 1167 1239 eos,
1203 1188 1234 1229 si
1263 1203 1496 1244 possumus,
1531 1191 1643 1233 exci-

57 1344 97 1379 et
124 1337 190 1379 via
221 1335 556 1392 philosophantur.

152 1409 230 1452 Ill.
264 1417 306 1453 7.
338 1408 415 1450 Est
431 1409 533 1451 enim
555 1409 744 1464 quoddam
762 1423 887 1465 genus
908 1424 1061 1463 eorum,
1089 1411 1152 1466 qui
1172 1425 1215 1452 se
1232 1411 1485 1468 philosophos
1505 1414 1638 1470 appel-

55 1485 129 1528 lari
143 1485 296 1537 volunt,
318 1498 478 1539 quorum
498 1484 679 1525 dicuntur
698 1498 786 1525 esse
799 1483 934 1526 Latini
955 1498 1051 1526 sane
1069 1485 1179 1526 multi
1197 1486 1301 1538 libri,
1327 1502 1425 1542 quos
1446 1503 1526 1529 non
1543 1503 1638 1530 con-

17 2619 19 2626 *
55 2615 217 2647 addictam
237 2615 372 2648 sciebat.

58 1577 215 1615 quentem
232 1581 294 1602 nos
315 1569 591 1612 disputationibus
611 1569 652 1602 de
674 1570 827 1613 philoso-

56 1617 136 1661 phia
155 1616 259 1648 latina
275 1615 387 1659 lingua
410 1615 603 1659 conscriptis
625 1615 827 1657 adiuvemus,

59 1668 93 1695 et
122 1661 253 1705 quidem
285 1660 342 1700 ita,
368 1666 403 1693 ut
426 1661 649 1693 academicam
674 1661 827 1704 philoso-

56 1707 182 1751 phandi
202 1706 365 1739 rationem
388 1706 545 1745 ineamus,
570 1719 653 1750 quae
676 1707 719 1738 ad
737 1708 825 1740 veri-

55 1759 163 1785 tatem
179 1752 410 1784 inveniendam
431 1753 558 1796 optima
579 1753 743 1785 censenda
765 1760 825 1785 est.

6 1810 7 1813 ¹
56 1799 175 1842 Neque
195 1809 275 1830 vero
298 1797 474 1830 offensioni
496 1805 608 1841 potest
629 1810 699 1830 esse
719 1796 826 1833 σῗσύν-

57 1845 161 1885 δετον,
184 1855 249 1888 quo
272 1843 321 1876 vis
336 1844 577 1876 contrariorum
599 1844 702 1886 magis
716 1844 826 1875 inten—

56 1888 156 1921 ditur.
206 1889 258 1921 Cf.
283 1900 344 1921 nos
376 1889 411 1921 in
432 1890 491 1921 Gr.
507 1890 546 1921 L.
569 1891 597 1933 ᾗ.
616 1888 716 1928 Ιὸὅῦ,
743 1893 774 1922 2.
789 1889 823 1932 b)

55 1946 90 1978 p.
102 1934 179 1968 353.
205 1934 258 1967 ed.
271 1934 303 1967 2.

121 1991 178 2013 nos
208 1983 292 2020 ipsos
322 1981 473 2020 redarguti
495 1998 540 2003 —
560 1981 669 2019 parati
702 1979 824 2022 sumus]

55 2026 96 2058 V.
116 2037 198 2069 quae
217 2025 259 2057 de
273 2025 480 2057 academicae
494 2023 709 2055 dubitationis
728 2036 826 2067 quam

55 2078 186 2103 secutus
209 2077 260 2102 est
280 2070 394 2102 Cicero
412 2070 542 2101 ratione
563 2069 771 2113 exposuimus
791 2070 825 2101 in

0 2113 12 2126 ‘¹
55 2115 141 2148 libro
165 2116 197 2147 d.
220 2115 434 2158 pos—71.

124 2162 243 2193 addicti
263 2164 290 2192 et
308 2160 490 2204 consecrati]
515 2159 607 2192 Prius
627 2160 825 2193 vocabulum

12 2208 13 2213 ’
55 2205 193 2238 ductum
212 2212 261 2237 est
286 2205 326 2237 ab
352 2205 401 2244 iis,
427 2206 502 2249 qui,
538 2217 636 2249 quum
660 2206 823 2238 solvendo

12 2266 13 2274 ¹
54 2262 124 2284 non
146 2257 275 2294 essent,
299 2251 394 2283 alteri
411 2254 637 2284 addicebantur
657 2251 677 2284 i.
701 2264 728 2284 e.
749 2258 822 2284 tra-

54 2296 237 2335 debantur,
276 2297 360 2328 sicut
392 2296 427 2328 in
451 2297 619 2340 emptione
646 2304 679 2328 et
702 2298 822 2330 vendi—

53 2342 147 2375 tione
176 2354 248 2381 rcs,
285 2354 368 2386 quae
396 2342 504 2381 venit,
529 2345 708 2384 addicitur3
745 2344 822 2377 hinc

2 2403 5 2407 ·
54 2390 219 2429 addictus,
241 2390 412 2420 destinatus
435 2395 468 2420 et
490 2390 636 2429 traditus,
660 2395 695 2420 ut
719 2393 822 2431 morti,

54 2436 205 2474 supplicio
227 2436 382 2466 addictus.
428 2435 545 2466 Horat.
568 2435 628 2477 Ep.
649 2436 674 2465 Ι.
696 2434 709 2467 1
727 2460 734 2473 ‚
764 2433 821 2468 14:

0 2479 17 2499 ·“
54 2478 182 2510 Nullius
201 2481 347 2511 addictus
365 2478 472 2511 iurare
490 2480 521 2511 in
542 2480 643 2511 verba
664 2480 820 2523 magistri.

0 2548 1 2553 ,
58 2523 93 2555 C.
115 2535 177 2567 pro
200 2525 272 2556 Mil.
293 2525 356 2563 21,
382 2524 442 2558 56:

488 2525 589 2556 vitam
611 2537 701 2557 suam
726 2538 823 2569 quam

16 2568 19 2599 i
55 2569 202 2601 maximis
232 2570 386 2613 praemiis
416 2570 623 2613 propositam
654 2578 688 2602 et
718 2584 824 2614 paene

433 2618 635 2650 Consecratus
658 2624 707 2648 est
730 2620 824 2649 devo-

56 2661 117 2700 tus,
147 2662 317 2701 obnoxius;
355 2661 397 2693 cf.
424 2661 601 2693 formulam
625 2662 823 2702 devotionis,

19 2733 21 2751 ³
58 2714 140 2745 quae
159 2716 178 2736 a
197 2706 368 2738 Macrobio
390 2708 520 2738 Saturn.
538 2709 595 2749 ΙΙΙ,
623 2719 648 2739 c.
667 2708 697 2740 9.
722 2720 753 2751 p.
767 2708 821 2742 27.

19 2770 21 2788 2
59 2747 113 2779 ed.
127 2748 198 2792 Bip.
210 2751 368 2784 refertur:
392 2752 645 2796 Exercitumque
665 2753 821 2793 hostium,

20 2801 22 2822 ,¹
59 2792 156 2825 urbes
174 2805 343 2840 agrosque,
367 2797 475 2841 capita
494 2805 685 2842 aetatesque
709 2810 823 2831 eorum

20 2851 23 2878 ³.
58 2838 185 2870 devotas
204 2846 454 2884 consecratasque
473 2843 633 2875 habeatis.

21 2909 23 2922 ,
127 2888 314 2919 constantiae
326 2889 453 2925 caussa]
476 2888 621 2920 Nomina
636 2892 824 2930 constantia,

59 2931 220 2978 constare,
250 2936 421 2965 constanter
441 2926 576 2977 proprie
599 2934 752 2966 dicuntur
782 2935 824 2966 de

0 2985 8 3020 ¹3
22 2993 24 3005 ι
58 2971 276 3018 philosophis,
300 2987 399 3021 quum
416 2978 500 3011 nihil
518 2978 713 3021 decernunt,
733 2979 824 3024 quod

863 1570 960 1602 alteri
978 1570 1115 1603 decreto
1135 1583 1195 1603 suo
1217 1583 1284 1604 non
1307 1573 1510 1613 consentiat,
1536 1586 1637 1617 quum

864 1616 974 1648 omnia
1001 1616 1087 1648 inter
1119 1629 1154 1648 se
1188 1624 1265 1649 sunt
1295 1625 1373 1662 apta
1406 1626 1439 1651 et
1465 1631 1634 1653 connexa:

863 1662 953 1705 quod
981 1674 1042 1694 nos
1073 1662 1228 1694 dicimus:
1264 1666 1489 1706 Konsequenz,
1524 1667 1636 1698 kome-

861 1712 963 1749 quent.
1019 1709 1058 1739 V.
1089 1711 1222 1740 Erneslii
1254 1709 1343 1741 Clav.
1369 1710 1474 1743 Cicer.
1504 1722 1536 1742 v.
1561 1722 1635 1744 con-

861 1757 988 1785 stantia.
1039 1753 1089 1784 Cf.
1112 1765 1211 1796 supra
1236 1755 1261 1784 Ι.
1288 1756 1329 1794 ὁ,
1355 1754 1387 1787 9.

928 1809 983 1830 nec
1005 1801 1089 1830 ultra
1120 1809 1215 1838 quam
1245 1801 1300 1838 id,
1335 1803 1419 1840 quod
1447 1803 1635 1835 verisimile

859 1847 1012 1883 occurrit,
1045 1846 1192 1883 prognati
1225 1848 1404 1888 possumus]
1441 1847 1484 1877 H.
1511 1858 1539 1878 e.
1572 1859 1636 1880 nec

862 1889 947 1920 ultra
961 1914 969 1926 ,
1005 1900 1101 1931 quam
1127 1888 1169 1920 ad
1189 1888 1242 1929 id,
1270 1890 1359 1932 quod
1378 1903 1410 1922 v.
1427 1904 1454 1923 s.
1477 1893 1632 1934 occurrit,

860 1933 1017 1976 progredi
1036 1945 1218 1976 possumus.
1266 1936 1377 1968 Verba
1397 1939 1432 1969 id
1453 1940 1536 1978 quod
1554 1949 1583 1971 v.
1606 1950 1630 1972 s.

859 1982 991 2011 occurrit
1025 1979 1117 2022 quasi
1149 1979 1291 2012 nominis
1326 1982 1415 2014 vices
1447 1983 1630 2024 sustinent5

859 2024 937 2056 hinc
960 2024 1169 2057 indicativus.

927 2069 958 2104 6.
1002 2073 1170 2103 liberaliter
1188 2074 1316 2115 eruditi]
1338 2073 1429 2107 Infra
1449 2086 1476 2107 c.
1492 2074 1545 2117 11,
1564 2077 1627 2111 27:

858 2126 938 2154 nos,
975 2116 1067 2148 docti
1087 2116 1215 2148 scilicet
1238 2129 1256 2150 a
1277 2119 1435 2160 Graecia,
1461 2121 1545 2154 haec
1569 2124 1628 2166 (sc.

858 2172 941 2204 quae
978 2161 1095 2194 Graeci
1131 2166 1252 2205 poetae
1287 2165 1503 2210 scripserunt)
1542 2175 1576 2200 et
1609 2181 1629 2202 a

857 2207 999 2250 pueritia
1017 2208 1153 2250 legimus
1167 2234 1174 2248 ,
1202 2215 1235 2240 et
1255 2209 1429 2243 discimus:
1455 2215 1537 2246 hanc
1557 2225 1628 2247 eru-

854 2255 1003 2285 ditionem
1031 2256 1190 2286 liberalem
1219 2259 1245 2286 et
1269 2258 1444 2290 doctrinam
1464 2264 1628 2299 putamus

855 2301 990 2331 Kernius
1011 2299 1131 2331 vertit:
1157 2302 1340 2343 freisz'nniy,
1365 2302 1397 2336 h.
1417 2315 1445 2336 e.
1466 2304 1512 2346 id,
1537 2305 1628 2349 quod

856 2343 952 2376 decet
977 2344 1145 2376 hominem
1165 2346 1314 2378 liberum.

923 2392 1044 2422 ratione
1080 2395 1107 2422 et
1142 2391 1210 2435 via]
1246 2393 1371 2425 Nobis:
1408 2396 1624 2428 methodisch

858 2438 949 2468 Ratio
972 2439 999 2467 et
1018 2438 1071 2468 via
1092 2436 1180 2468 idem
1200 2436 1364 2480 significat
1378 2465 1384 2477 ,
1419 2442 1508 2484 qnod
1526 2454 1627 2484 grue-

858 2493 931 2512 cum
955 2480 1106 2524 f).e'2‘030;.
1157 2482 1210 2514 Sic
1232 2495 1349 2526 graece
1373 2482 1452 2523 ὁδός
1473 2498 1524 2528 ap.
1547 2486 1627 2517 Pla-

856 2533 927 2559 ton.
950 2533 982 2558 et
1004 2527 1141 2559 Aristot.
1162 2539 1222 2570 pro
1246 2529 1399 2571 y.3'2⁴060;.
1460 2531 1563 2562 Cicer.
1584 2531 1626 2564 de

858 2572 1002 2604 Finib.1.
1018 2572 1057 2612 ἱ),
1083 2574 1145 2605 29ῑ
1174 2580 1209 2604 ut
1229 2576 1359 2606 ratione
1382 2582 1414 2606 ct
1436 2576 1487 2606 via
1510 2587 1626 2618 proce-

857 2618 915 2649 dat
934 2618 1053 2650 oratio.
1098 2620 1146 2650 Ac
1166 2630 1297 2662 semper
1315 2621 1386 2652 fere
1408 2620 1546 2652 eandem
1568 2622 1626 2654 Ci-

858 2675 933 2695 cero
956 2663 1158 2706 positionem
1180 2665 1345 2696 observat.
1370 2665 1411 2697 de
1434 2666 1575 2698 Fin.III.
1591 2669 1624 2708 5,

860 2709 918 2741 115:
942 2709 1072 2741 ratione
1092 2709 1307 2741 constitutum
1327 2716 1360 2740 et
1382 2710 1443 2742 via.
1470 2711 1511 2742 de
1533 2714 1624 2745 Orat.

857 2753 966 2793 1.25‚
997 2754 1075 2787 113:
1108 2755 1270 2786 rationem
1301 2754 1431 2786 dicendi
1463 2763 1500 2787 et.
1526 2758 1624 2791 viam.

861 2802 917 2832 Via
940 2801 1082 2840 quadam
1104 2804 1131 2831 et
1150 2803 1268 2831 ratione
1289 2800 1394 2831 multo
1419 2801 1522 2834 rarius
1545 2803 1628 2837 dicit

860 2844 987 2877 Cicero.
1021 2845 1075 2876 Sic
1090 2845 1184 2876 nobis
1201 2848 1255 2876 Art
1271 2856 1302 2876 u.
1322 2847 1428 2886 Weise,
1444 2858 1513 2879 non
1532 2851 1627 2883 Weise

857 2901 888 2922 u.
912 2893 978 2923 Art.
1024 2891 1075 2921 De
1092 2902 1123 2922 v.
1149 2892 1319 2930 elegantiae
1342 2902 1372 2922 v.
1394 2891 1565 2927 Adnotata
1583 2896 1627 2929 ad

857 2936 884 2967 1.
898 2935 943 2969 23
955 2960 963 2974 ‚
988 2935 1041 2967 55.

929 2979 1008 3012 Cu.
1026 2980 1085 3012 III.
1127 2979 1160 3013 7.
1207 2989 1340 3021 quorum
1362 2999 1407 3008 -·
1429 2987 1519 3023 multi
1539 2988 1625 3032 libri]
