1843 3101
176 70 261 116 186
751 81 918 117 mnssn
941 82 1002 116 111.
1028 80 1091 125 12,
1114 80 1172 119 26.

171 171 302 207 metus
328 163 458 221 opinio
481 163 612 219 magni
635 162 727 205 mali
746 162 1036 219 impendentis,
1068 169 1109 206 et
1136 162 1339 220 aegritudo
1365 168 1433 206 est
1459 162 1591 221 opinio
1619 164 1752 221 magni

171 226 263 281 mali
288 238 530 295 praesentis,
573 244 614 279 et
635 237 790 293 quidem
812 250 955 279 reeens
979 238 1110 294 opinio
1133 239 1220 280 talis
1242 238 1355 291 mali,
1402 244 1444 279 ut
1465 238 1507 279 in
1527 252 1577 280 eo
1597 245 1749 281 rectum

171 313 353 356 videatur
377 326 467 354 esse
491 311 606 367 angi3
639 312 676 352 id
697 318 827 352 autem
853 318 939 364 est,
973 319 1016 353 ut
1035 312 1093 365 is,
1126 312 1190 368 qui
1213 312 1368 365 doleat,
1400 319 1584 369 oportere
1613 312 1750 369 opine-

171 394 238 429 tur
267 401 311 428 se
336 386 486 428 dolere.
548 384 623 427 His
655 393 786 427 autem
815 386 1200 442 perturbationibus,
1243 401 1339 441 quas
1373 387 1413 429 in
1447 386 1530 429 vita
1550 386 1749 428 hominum

169 460 334 504 stultitia
358 460 469 515 quasi
494 460 682 516 quasdam
708 461 830 502 furias
854 461 1026 502 immittit
1052 468 1168 516 atque
1192 456 1369 512 incitat,
1398 461 1578 503 omnibus
1599 461 1750 503 viribus

171 542 289 590 atque
313 534 449 590 opibus
473 535 768 590 repugnandum
789 541 865 586 est,
894 535 927 576 si
946 535 1126 576 volumus
1150 534 1238 586 hoc,
1272 535 1376 590 quod
1394 535 1523 576 datum
1545 542 1609 577 est
1625 535 1746 587 vitae,

168 609 378 665 tranquille
418 608 646 665 placideque
680 609 900 650 traducere.
964 607 1044 651 Sed
1081 615 1212 650 cetera
1247 609 1370 661 alias3
1409 623 1514 650 nune
1536 609 1749 665 aegritudi-

166 697 280 736 nem,
328 683 362 725 si
387 697 620 739 possumus,
667 684 921 739 depellamus.
983 681 1028 724 Id
1051 682 1153 724 enim
1181 683 1232 724 sit
1264 683 1529 738 propositum,
1572 683 1747 739 quando-

165 758 320 815 quidem
344 771 430 799 eam
455 764 496 798 tu
518 757 643 799 videri
670 758 736 798 tibi
759 758 798 798 in
817 757 1033 813 sapientem
1059 758 1198 798 cadere
1221 757 1382 809 dixisti,
1416 758 1517 812 quod
1538 771 1613 813 ego
1640 757 1746 799 nullo

163 833 280 875 modo
312 831 512 873 existimo.
584 831 708 872 Tetra
748 832 850 872 enim
884 845 949 872 res
986 838 1072 883 est,
1116 832 1287 883 misera,
1329 831 1595 885 detestabilis,
1639 830 1746 873 omni

163 906 446 958 contentione,
479 905 606 956 velis,
640 914 682 946 ut
711 906 763 946 ita
795 906 944 956 dicam,
978 907 1175 960 remisque
1206 906 1405 961 fugienda.

276 978 378 1021 XII.
422 986 491 1020 26.
527 978 665 1032 Qualis
697 980 799 1020 enim
833 980 900 1019 tibi
932 980 996 1019 ille
1027 979 1184 1019 videtur

309 1056 466 1095 Tantalo
491 1055 731 1106 progntilus,
765 1056 899 1105 Pelope
928 1057 1069 1102 natus,
1104 1056 1173 1106 qui
1199 1056 1384 1106 quondam
1416 1058 1442 1093 ά
1470 1068 1585 1094 socru

307 1131 490 1168 Oenomao
520 1144 611 1180 rege
641 1131 934 1180 Hlppodanzemn

162 1201 272 1245 Iovis
291 1202 368 1244 iste
398 1203 553 1258 quidem
579 1216 791 1258 pronepos.

966 1131 1092 1180 rziptz‘s
1121 1136 1302 1168 nanctust
1328 1131 1505 1182 nziptz'zls?

856 1202 1010 1243 Tamne
1035 1216 1130 1257 ergo
1154 1202 1356 1255 abiectus,
1391 1209 1546 1257 tamque
1569 1203 1744 1244 tractus?

303 1280 463 1326 Nolite,
498 1277 648 1332 inquit,
681 1279 869 1329 hospites,
903 1279 954 1316 ad
981 1292 1038 1315 me
1067 1280 1205 1316 adire!
1236 1280 1339 1317 illico
1370 1278 1498 1317 istim!

305 1354 365 1392 Ne
394 1354 570 1403 ρώπως-ἰώ
601 1366 679 1390 mea
711 1352 820 1390 bonis
850 1353 1026 1390 umbrave
1056 1353 1179 1400 obsit,-

301 1449 359 1456 -—
390 1433 495 1464 tanta
526 1428 585 1464 vis
614 1427 768 1464 sceleris
798 1425 836 1464 ίη
867 1440 1024 1477 corpore
1053 1427 1197 1465 haeret.

165 1498 233 1541 Tu
265 1506 328 1551 te,
373 1498 581 1555 Thyesta,
626 1499 826 1540 damnabis
866 1499 1101 1554 orbabisque
1138 1499 1225 1540 luce
1263 1506 1423 1555 propter
1460 1498 1541 1540 vim
1580 1498 1744 1540 sceleris

162 1573 310 1615 alieni?
356 1572 490 1628 Quid?
530 1573 638 1614 illum
669 1573 788 1614 lilium
818 1570 926 1615 Solis
960 1588 1092 1615 nonne
1124 1573 1245 1630 patris
1275 1574 1397 1630 ipsius
1428 1574 1515 1616 luce
1541 1573 1743 1629 indiguum

160 1654 275 1705 putas
286 1648 306 1689 ’.Ρ

229 1761 258 1790 et
276 1758 403 1799 quidem
422 1765 527 1788 recens
548 1757 666 1798 opinio]
703 1756 812 1795 Quum
845 1754 932 1787 enim

161 1802 396 1836 inveteraverit
416 1801 530 1844 opinio
564 1801 607 1832 de
631 1801 718 1833 malo
740 1801 851 1844 aliquo
874 1813 932 1833 ur-

160 1855 263 1893 gente
295 1860 334 1881 ac
360 1847 566 1880 familiaritas
590 1847 752 1890 quaedam
776 1858 849 1878 cum
873 1846 931 1879 illo

160 1895 205 1926 sit
227 1901 421 1933 contracta,
458 1893 631 1936 aegritudo
663 1893 785 1924 sensim
808 1904 933 1924 evane—

159 1939 233 1973 scit.
282 1941 420 1972 Neidius.

228 1987 261 2017 ire
282 1984 363 2027 vita]
388 1984 497 2016 Verba
517 1987 549 2016 in
570 1987 636 2016 vita
657 1986 816 2016 hominum
837 1984 933 2015 abso-

162 2029 232 2063 lute
252 2030 360 2073 posita
381 2029 574 2072 accipienda
595 2036 689 2068 sunt,
715 2036 751 2061 ut
770 2029 812 2061 ad
833 2029 934 2061 verba

160 2078 300 2109 immittit
319 2079 411 2115 atque
426 2078 534 2107 incitat
552 2075 757 2118 cogitatione
775 2076 933 2119 supplen-

161 2120 241 2153 dum
267 2120 311 2152 sit
341 2123 372 2152 in
395 2130 486 2157 eam:
525 2120 567 2152 de
589 2122 691 2164 Legg.
718 2122 758 2152 Il.
786 2123 842 2159 14,
868 2121 932 2153 56:

160 2178 260 2211 quum
293 2165 396 2197 multa
420 2165 537 2197 eximia
559 2165 735 2210 divinaque
759 2166 934 2198 videantur

161 2212 314 2246 Athenae
347 2217 424 2242 tuae
458 2211 646 2254 peperisse,
691 2220 789 2255 atque
821 2212 868 2244 ita
899 2215 932 2243 in

160 2261 229 2292 vita
252 2256 424 2289 hominum
449 2257 613 2295 attulisse,
640 2265 711 2289 tum
732 2265 810 2289 cett.

229 2305 322 2344 quasi
355 2304 512 2342 quasdam
543 2304 657 2343 furias]
694 2304 735 2334 V.
761 2303 932 2335 Adnotata

161 2349 197 2382 in
219 2350 262 2381 11.
277 2347 318 2389 4,
348 2349 404 2380 11:
430 2350 587 2388 quaedam
611 2351 702 2388 quasi
723 2354 902 2389 praecepta.

229 2397 286 2427 hoc
309 2395 392 2434 quod
413 2395 524 2425 datum
545 2397 588 2425 est
609 2396 705 2435 vitae,
743 2395 785 2424 H.
803 2406 831 2425 e.
867 2394 933 2425 hoc

163 2440 253 2474 vitae
270 2446 401 2482 tempus
413 2463 421 2477 ‚
447 2438 538 2482 qnod
553 2438 648 2470 nobis
666 2450 857 2470 concessum
873 2446 934 2471 est.

231 2488 329 2526 velis,
363 2489 398 2517 ut
420 2487 466 2516 ita
488 2486 615 2524 dicam,
648 2486 816 2526 remisque]
847 2486 934 2517 Pro-

163 2531 318 2565 verbialis
333 2530 459 2563 locutio
476 2541 536 2574 pro
552 2529 702 2562 omnibus
718 2529 840 2561 viribus
857 2530 934 2573 opi-

163 2578 311 2622 busque,
348 2575 439 2608 omui
463 2582 592 2608 conatu.
641 2575 696 2606 Sic
718 2574 824 2608 Plaut.
841 2576 931 2607 Asin.

165 2625 191 2657 Ι.
206 2624 238 2664 3,
265 2624 306 2655 5:
330 2624 460 2664 remi9i0
482 2624 627 2662 veloque,
650 2627 808 2663 quantum
831 2627 933 2663 pote-

165 2669 232 2710 ris,
268 2667 391 2700 festina
423 2674 457 2700 et
487 2668 576 2710 fuge.
635 2665 773 2709 Proprie
796 2665 930 2705 Siliusl,

165 2714 250 2748 563:
291 2715 385 2747 remis
417 2716 552 2754 velisque
585 2711 747 2761 impellite
781 2711 930 2754 puppim.

166 2759 324 2792 Similiter
337 2759 378 2790 de
391 2759 487 2792 Offic
501 2756 933 2797 111.33‚116:vir5sequis-

165 2816 223 2846 que
247 2807 297 2849 (ut
319 2804 473 2847 dicitur),
507 2804 534 2836 si
556 2804 765 2836 honestatem
786 2803 871 2834 tueri
894 2814 933 2834 ac

165 2850 310 2883 retinere
331 2849 496 2883 sententia
517 2857 588 2893 est,
612 2848 850 2881 decertandum
871 2855 933 2880 est.

169 2894 361 2938 Comparari
374 2902 505 2940 potest,
530 2895 622 2940 quod
636 2894 836 2927 comicorum
853 2897 936 2938 poe'-

167 2946 276 2972 tarum
295 2941 468 2985 propn‘um
491 2948 561 2981 est,
584 2943 731 2974 manibus
746 2942 937 2982 pedibusque

170 2985 297 3029 aliquid
317 2986 438 3020 facere.
483 2989 623 3022 Terent.
638 2986 742 3020 Andr
757 2985 835 3028 1.1,
861 2983 935 3019 154.

1024 1755 1102 1787 cip.
1116 1756 1192 1788 XII.
1207 1755 1261 1789 26.
1281 1757 1414 1788 Tantalo
1421 1756 1609 1797 proynatus]
1622 1755 1738 1799 Thye-

966 1808 1054 1840 stes,
1079 1802 1163 1833 filius
1183 1802 1326 1844 Pelopis,
1353 1812 1457 1844 nepos
1480 1801 1626 1840 Tantali,
1650 1812 1736 1844 pro-

966 1859 1070 1890 nepos
1087 1847 1185 1879 Iovis.
1221 1850 1304 1879 Sunt
1319 1853 1429 1879 autem
1445 1858 1556 1878 versus
1575 1846 1738 1879 trochaici

967 1893 1146 1936 septenarii
1161 1905 1200 1924 ex
1218 1892 1315 1924 Ennii
1328 1892 1477 1936 Thyeste
1494 1892 1628 1936 sumpti,
1653 1903 1735 1935 quos

967 1939 1091 1982 primus
1124 1941 1278 1971 Bentleius
1311 1937 1454 1970 numeris
1486 1937 1551 1969 suis
1579 1936 1737 1977 reddidit,

967 1995 1056 2017 socru
1085 1984 1286 2016 substituens
1319 1983 1455 2027 vulgato
1487 1993 1613 2024 socero,
1647 1983 1739 2028 quod

969 2037 1019 2062 est
1041 2030 1075 2062 in
1099 2030 1250 2062 omnibus
1274 2028 1372 2061 codd.
1417 2028 1526 2072 Vulgo
1547 2028 1737 2071 legebatur:

969 2086 989 2108 a
1011 2086 1114 2108 socero
1136 2078 1171 2109 O.
1194 2086 1220 2108 r.
1243 2077 1282 2108 H.
1306 2078 1401 2116 raptu
1418 2079 1530 2107 nactus
1549 2078 1593 2106 est
1610 2076 1741 2115 nuptiis,
1790 2112 1791 2115 Ἴ

968 2129 1002 2153 et
1024 2133 1143 2165 prosae
1166 2121 1284 2154 ordine
1307 2120 1417 2153 omnia
1438 2131 1540 2164 usque
1561 2119 1605 2152 ad
1623 2122 1742 2161 nuptiis

969 2179 1122 2210 expressa
1145 2173 1249 2199 erant.
1298 2167 1348 2198 De
1367 2176 1459 2199 socru
1475 2171 1591 2198 monet
1609 2165 1739 2197 Nonius

968 2225 1001 2256 p.
1017 2213 1092 2246 223.
1118 2214 1222 2244 Mero.
1242 2212 1324 2244 hoc:
1362 2214 1478 2245 Socrus
1508 2215 1537 2244 et
1567 2213 1743 2243 masculino

966 2268 1074 2300 yenere
1105 2263 1218 2290 veteres
1241 2259 1307 2297 ‘diez'
1335 2267 1426 2297 posse
1457 2259 1629 2290 voluerunt.
1685 2256 1740 2288 Sic

968 2304 1084 2336 Accius
1106 2316 1156 2346 ap.
1181 2303 1336 2334 Priscian.
1358 2314 1393 2345 p.
1409 2301 1485 2336 698.
1506 2302 1559 2336 ed.
1602 2300 1738 2334 Putsch.

969 2351 1022 2393 (T.
1040 2351 1066 2381 I.
1092 2361 1124 2393 p.
1137 2349 1212 2382 216.
1227 2349 1302 2390 ΚΓ.)
1328 2358 1348 2380 a
1371 2358 1462 2381 socru
1481 2358 1548 2380 suo.
1593 2346 1739 2380 Naevius

966 2402 1078 2427 autem
1099 2407 1152 2438 ap.
1177 2394 1324 2425 Nonium
1344 2393 1469 2437 12:223.
1488 2395 1569 2425 socri
1590 2396 1653 2425 tuo.

1034 2443 1087 2482 qui
1119 2441 1294 2481 quondam]
1333 2438 1468 2471 Scilicet
1501 2441 1636 2479 Pelops,
1668 2448 1737 2469 non

967 2489 1091 2526 Pelopis
1112 2488 1205 2527 filius.
1253 2485 1292 2516 V.
1307 2484 1412 2516 India.
1424 2484 1501 2516 hist.
1520 2495 1551 2515 v.
1573 2483 1739 2523 Hippoda-

967 2534 1043 2563 mia.
1091 2531 1222 2563 Pindar.
1239 2531 1370 2573 Olymp.
1384 2532 1419 2569 I,
1443 2529 1498 2563 70.
1522 2527 1576 2560 ed.
1590 2527 1737 2559 Boeckh.

1035 2578 1117 2609 lovis
1148 2579 1205 2608 iste
1240 2577 1366 2616 quidem
1389 2575 1469 2616 etc.]
1505 2573 1602 2605 Licet
1636 2572 1739 2605 fuerit

968 2621 1056 2653 Iovis
1078 2632 1268 2664 pronep05,
1297 2627 1410 2652 tamen
1432 2625 1502 2650 tam
1524 2617 1683 2650 abiectus.

1035 2668 1147 2707 Nolite]
1172 2668 1256 2697 Sunt
1286 2677 1399 2697 versus
1427 2662 1597 2696 bacchiaci
1629 2670 1736 2696 tetra-

967 2711 1074 2743 metri.
1120 2711 1171 2742 Cf.
1195 2711 1237 2742 de
1258 2713 1348 2743 Orat.
1363 2706 1488 2747 111.41‚
1513 2707 1585 2742 164.
1629 2710 1665 2742 In
1688 2708 1739 2741 ul-

966 2756 1040 2788 timi
1061 2767 1175 2789 versus
1198 2755 1295 2787 initio
1315 2754 1439 2788 alimid
1461 2754 1594 2787 excidit.
1640 2757 1735 2787 Bent-

967 2805 1044 2835 leius
1066 2801 1217 2845 supplet:
1253 2803 1321 2833 Meo
1343 2807 1437 2833 tanta
1460 2807 1525 2832 etc.
1572 2801 1610 2832 In
1630 2800 1738 2843 primo

969 2859 1075 2887 versu,
1099 2847 1133 2879 in
1148 2858 1213 2891 quo
1229 2847 1421 2879 continuata
1434 2846 1518 2878 serie
1533 2847 1578 2878 ad
1591 2856 1639 2878 me
1650 2847 1740 2879 adire

967 2895 1050 2926 illico
1079 2895 1148 2926 istic
1180 2893 1372 2936 legebatur,
1412 2894 1539 2934 Wolfius
1570 2903 1609 2925 ea
1637 2891 1738 2924 verba

970 2945 1061 2971 recte
1078 2937 1285 2971 exelamandi
1304 2938 1399 2981 signo
1420 2937 1596 2981 separavit,
1621 2943 1657 2970 et
1676 2947 1738 2981 pro

969 2987 1038 3018 istic
1056 2985 1187 3029 scripsit
1207 2987 1304 3026 istim,
1323 2984 1357 3017 h.
1371 2995 1398 3017 e.
1420 2983 1529 3025 istinc,
1553 2990 1590 3016 ut
1605 2988 1740 3016 senten-
