1859 3149
679 42 1004 85 011111111117,
1028 44 1086 78 41.
1603 39 1686 83 153

77 126 235 185 ὶμιιω,
287 127 352 170 cui
385 140 433 170 se
467 125 699 178 exercebit,
753 125 1005 182 implorabit,
1063 126 1171 168 serre
1210 139 1291 171 11011
1326 139 1445 182 posse
1483 126 1682 172 clamabit.

80 186 395 245 Ctinsuetudinis
414 214 560 258 magna
578 201 641 243 vis
663 207 742 242 est.
803 198 1050 242 Pernoctaut
1071 208 1287 243 venatores
1309 201 1348 243 in
1368 202 1477 256 nive,
1511 203 1551 244 in
1575 218 1687 246 mon·

78 275 186 320 tibus
214 277 277 320 uri
308 291 354 320 se
384 276 603 334 patiuntur.
677 273 776 318 Inde
811 275 992 332 pugiles,
1046 276 1222 318 cestibus
1257 277 1440 330 contusi,
1488 292 1539 319 nc
1575 279 1688 335 inge-

77 351 254 395 miscunt
272 352 446 409 quidem.
494 358 567 396 41.
601 349 684 413 Sed
706 351 797 407 quid
819 350 908 403 hos,
938 351 1079 407 quibus
1101 350 1379 409 Olympiorum
1399 353 1569 396 victoria
1591 369 1688 396 con-

79 427 234 471 sulatus
251 427 319 470 ille
343 428 530 484 antiquus
554 427 741 469 videtur?
801 425 1083 478 Gladiatores,
1118 435 1186 468 aut
1211 429 1352 484 perditi
1380 429 1586 482 homines,
1621 438 1690 473 aut

80 501 266 557 barbari,
299 487 398 560 quas
415 504 553 560 plagas
573 503 801 560 perferunt!
837 516 914 558 quo
934 502 1051 543 modo
1069 502 1148 553 illi,
1183 503 1248 558 qui
1268 504 1369 546 bene
1389 505 1558 547 instituti
1578 513 1686 559 sunt,

80 578 265 636 accipere
289 579 442 636 plagam
467 579 642 631 malunt,
688 592 804 635 quam
834 578 1002 633 turpiter
1026 578 1178 619 vitare!
1229 593 1343 634 quam
1380 594 1500 637 saepe
1528 589 1691 638 apparet

82 653 181 697 nihil
205 668 276 697 eos
298 655 439 707 malle,
485 669 601 711 quam
626 654 691 696 vel
715 654 875 696 domino
900 654 1160 705 satisfacere,
1208 652 1273 695 vel
1295 655 1473 710 populo!
1523 655 1692 700 Mittunt

81 729 201 772 etiam
223 730 456 773 vulneribus
487 730 659 772 confecti
691 730 741 772 ad
766 729 971 780 dominos,
1022 729 1085 785 qui
1113 736 1307 785 quaerant
1338 730 1428 785 quid
1463 731 1611 784 veliut;
1658 734 1693 775 si

81 804 182 848 satis
213 805 265 848 iis
287 806 433 848 factum
466 805 540 857 sit,
585 820 630 848 sc
663 805 767 847 velle
798 804 1052 847 decumbere.
1119 803 1221 859 Quis
1257 805 1470 846 mediocris
1498 807 1694 863 gladiator

63 879 305 938 ingemuit?
335 882 422 938 quis
442 882 592 924 vultum
618 882 785 924 mutavit
804 882 1006 938 unquam?
1037 880 1125 937 quis
1147 895 1226 922 non
1248 881 1365 922 modo
1385 881 1519 933 stetit,
1553 897 1692 926 verum

85 956 206 999 etiam
237 957 425 1000 decubuit
460 958 654 1014 turpiter?
696 957 808 1013 quis,
855 972 972 1013 quum
1000 956 1281 1008 decubuisset,
1330 958 1478 999 serrum
1514 958 1695 1016 recipere

84 1030 219 1074 iussus
242 1032 386 1075 collum
415 1033 641 1075 contraxit?
686 1040 836 1074 tantum
860 1032 1125 1086 exercitatio,
1173 1033 1400 1085 meditatio,
1447 1035 1694 1076 consuetudo

85 1107 208 1151 valet.
267 1106 379 1165 Ergo
411 1108 486 1150 hoc
517 1109 663 1165 poterit

155 1196 241 1237 Ergo
262 1212 310 1220 —
332 1197 436 1238 [acere
457 1195 586 1239 poterit]
614 1195 704 1228 lnl'ra
730 1197 789 1228 111.
819 1195 869 1233 15,

83 1238 147 1276 31:
172 1242 518 1283 Ergo—sentiemus?
554 1242 866 1279 onie.1.31.11⁴:

85 1288 170 1329 Ergo
202 1286 321 1320 histrio
348 1287 414 1321 11οο
440 1290 556 1320 videbi!
589 1288 620 1320 111
644 1300 763 1322 scena.
801 1299 868 1320 non

84 1335 205 1367 videbit
223 1333 356 1378 sapiens
378 1334 412 1367 in
434 1333 531 1366 vita?
581 1338 693 1379 Atque
717 1335 800 1367 haec
820 1342 870 1366 est

87 1378 210 1413 usitata
243 1379 378 1413 dicendi
412 1380 498 1413 ratio
533 1381 565 1413 in
602 1382 817 1414 conclusione
852 1393 870 1412 a

85 1424 218 1459 minore
234 1426 278 1459 ad
293 1427 410 1459 maius.
443 1428 480 1460 In
499 1427 612 1471 priore
631 1428 784 1460 membro
805 1439 871 1471 po—

86 1471 200 1511 nitur.
225 1484 415 1518 quanquam
441 1474 566 1512 rarius,
593 1474 694 1506 etiam
714 1486 871 1519 praesens

87 1523 133 1558 et,
155 1518 211 1552 ubi
225 1519 394 1552 sententia
410 1520 559 1564 requirit,
581 1521 780 1564 perfectum.
811 1523 872 1552 Su-

87 1575 151 1609 pra
176 1577 206 1598 c.
232 1564 294 1603 14.
318 1565 384 1600 3⁴:
423 1566 512 1607 Quid
538 1566 647 1609 ergo?
687 1567 752 1600 1100
778 1567 873 1611 pueri

82 1615 237 1654 possunt,
260 1611 323 1655 viri
343 1624 411 1646 non
430 1615 604 1655 poterunt?
629 1621 662 1645 et
682 1626 754 1646 mos
780 1616 875 1655 valet,

88 1657 177 1691 ratio
213 1669 282 1692 000
315 1661 461 1692 valebit?
510 1660 603 1692 Iusra
633 1661 689 1692 lll.
718 1660 781 1696 27.
806 1659 871 1693 66:

89 1702 195 1738 timor
209 1704 311 1749 igitur
324 1705 366 1739 ab
381 1705 420 1738 iis
443 1706 688 1750 aegritudinem
704 1710 804 1748 poluit
824 1716 874 1738 re-

908 1194 994 1227 citur
1017 1194 1060 1225 ‹le
1082 1194 1141 1233 iis,
1167 1194 1223 1238 qui
1250 1194 1375 1238 frigore
1399 1202 1585 1235 vexantur,
1610 1196 1695 1229 sub-

906 1241 1092 1273 stantivum
1125 1241 1270 1273 addatur
1303 1253 1438 1273 necesse
1473 1249 1542 1281 est,
1576 1254 1595 1274 e
1627 1255 1694 1287 quo

908 1294 1022 1331 pateat
1038 1313 1044 1323 ,
1083 1287 1221 1319 verbum
1246 1287 1307 1319 linc
1331 1286 1578 1329 significatione
1601 1289 1694 1321 acci-

908 1334 1066 1378 piendum
1080 1345 1162 1366 esse.
1190 1333 1466 1372 Siclustindlsl,
1481 1337 1520 1367 9:
1543 1335 1695 1375 „Quam-

908 1392 1005 1424 quam
1021 1380 1188 1412 continuis
1208 1379 1387 1422 frigoribus
1403 1385 1577 1413 1110111111.ιι
1605 1382 1694 1413 Duas

908 1427 1010 1470 igitur
1043 1438 1093 1458 res
1131 1426 1316 1458 contrarias
1351 1426 1510 1459 dicuntur
1542 1428 1695 1471 perferre

910 1481 1105 1505 venatores:
1146 1481 1178 1505 et
1204 1472 1403 1505 acern’mum
1427 1473 1531 1517 frigus

910 1519 1143 1552 dentissirnum
1169 1519 1327 1552 calorem.

1545 1499 1552 1512 ‚
1580 1481 1614 1506 ct
1637 1486 1696 1507 ar-

979 1578 1065 1610 indel
1093 1577 1172 1609 Scit.
1195 1589 1233 1609 ex
1252 1577 1314 1609 hac
1335 1577 1580 1610 consuetudine
1596 1589 1694 1611 exer-

911 1617 1093 1658 citationis.

980 1682 1034 1716 41.
1083 1684 1265 1715 constamus
1284 1684 1335 1714 ille
1354 1682 1518 1724 antiquus]
1549 1683 1695 1714 Senten-

84 1752 220 1793 gellen,
250 1751 338 1784 ratio
362 1751 405 1785 ab
427 1752 573 1797 sapienti
595 1753 668 1786 viro
699 1765 765 1785 11011
789 1757 875 1794 pote-

90 1798 161 1831 rit?
194 1797 289 1831 Infra
311 1799 370 1832 Ill.
396 1798 450 1838 14.
467 1800 523 1833 31.
544 1798 686 1843 legitur:
713 1802 797 1840 Ergo
818 1800 874 1831 hoc

90 1845 252 1878 Terentius
267 1864 314 1870 —
329 1855 454 1887 quum
472 1850 539 1878 tam
560 1848 721 1879 commode
739 1847 874 1882 deterit,-

88 1899 148 1923 nos
164 1908 211 1915 —
227 1901 290 1924 non
312 1893 482 1925 dicemus?
507 1891 563 1924 ubi
592 1893 637 1924 cf.
662 1891 789 1924 Adnot.
834 1891 874 1922 V.

89 1945 154 1970 nos
176 1936 212 1970 in
229 1937 288 1970 Gr.
302 1938 343 1971 L.
366 1940 395 1983 ξ.
415 1937 495 1976 159,
520 1938 554 1971 3.
580 1950 614 1982 p.
628 1942 707 1971 441-
736 1937 788 1969 ed.
802 1938 835 1969 2.

158 1985 212 2016 itte
229 1983 320 2029 vero]
346 1984 388 2017 H.
402 1995 431 2016 e.
449 1983 554 2015 immo
568 1983 793 2027 'philosophus
810 1982 875 2014 hoc

90 2028 231 2070 melius,
268 2036 305 2062 et
328 2029 463 2074 quidem
486 2029 594 2062 multo
617 2029 735 2062 melius
761 2029 875 2061 facere

48 2078 56 2083 '
117 2075 230 2109 oterit.

90 2085 115 2120 Ρ
164 2118 222 2155 40.
259 2123 323 2155 Sed
341 2123 382 2154 de
398 2119 636 2166 consuetudine]
661 2122 757 2154 Haec
775 2121 878 2154 verba

92 2165 253 2200 videntur
271 2167 441 2208 indicare,
478 2168 627 2201 Tullium
660 2167 727 2200 iam
751 2167 794 2200 de
818 2179 875 2200 ra-

91 2212 188 2246 tione
211 2220 246 2246 et
268 2213 433 2258 sapientia
454 2214 623 2247 dicturum
647 2226 740 2253 esse,
776 2221 877 2259 post-

93 2270 196 2304 quam
212 2260 293 2292 satis
311 2259 434 2294 dixerit
453 2261 498 2294 de
516 2261 762 2294 consuetudine
782 2273 878 2293 exer-

95 2305 274 2340 citationis.
331 2307 560 2340 Veruntamen
581 2307 672 2340 idem
694 2319 877 2351 argumen-

92 2358 166 2386 tum
197 2359 386 2387 retractans
416 2354 514 2388 novis
545 2354 707 2399 exemplis
739 2354 877 2387 ulterius

78 2399 307 2444 φοι-500011111-
325 2407 361 2433 et.
379 2399 524 2434 illustrat
548 2402 666 2445 (usque
686 2400 730 2433 ad
751 2401 782 2444 (5.
794 2399 876 2441 42).

94 2444 234 2479 Scilicet
263 2445 348 2480 haec
378 2447 482 2480 verba
512 2447 693 2480 referenda
723 2454 802 2480 sunt
834 2446 878 2479 ad

93 2491 250 2536 proxime
263 2493 518 2526 antecedentia:
540 2495 651 2527 doctus
667 2497 720 2527 vir
734 2496 878 2534 sapiens-

92 2547 154 2580 que
173 2549 237 2572 non
253 2542 372 2581 poterit
382 2565 393 2582 ,
417 2541 538 2585 quibus
555 2540 668 2573 verbis
690 2541 757 2573 iam
774 2542 880 2573 ratio-

96 2586 149 2618 m's
169 2591 205 2618 et
224 2588 401 2626 supientiae
421 2587 550 2620 mentio
574 2586 733 2620 iniicitur.

164 2631 314 2676 cunetae]
331 2632 478 2666 Athletis
497 2633 586 2666 enim
607 2645 674 2666 non
692 2632 797 2666 modo
816 2632 880 2665 cibi

101 2685 205 2723 genus
229 2685 331 2723 atque
353 2679 472 2724 copia,
504 2691 622 2712 verum
645 2679 745 2712 etiam
763 2679 879 2718 horae,

98 2721 216 2766 qm‘bus
227 2723 354 2758 victum
374 2734 543 2759 sumerent
556 2752 564 2765 ,
598 2733 694 2759 erant
713 2725 882 2771 praescri—

99 2772 180 2822 gtn‘:
213 2769 305 2804 unde
340 2772 480 2816 proprie
511 2772 635 2805 dicitur
670 2772 712 2805 de
746 2771 881 2805 athletis

103 2815 369 2861 αἳᾱῖἱωφαγίαυ
387 2819 532 2852 Omnino
551 2818 683 2863 saepius
706 2818 799 2864 apud
818 2830 883 2851 ve·-

104 2862 195 2892 blffe·
214 2861 417 2897 athletarum
438 2865 604 2898 voracitas
628 2872 778 2898 notatur.

171 2905 277 2941 lovan
299 2911 497 2956 Olympium]
533 2911 569 2944 in
603 2911 694 2944 cuius
718 2911 885 2944 honorem

105 2947 178 2982 ludi
196 2951 254 2996 qui
271 2952 429 2989 dicuntur
441 2959 600 2998 Olympici
609 2956 885 2990 instituebantur.

176 2997 245 3043 un‘]
267 2999 346 3033 scil.
364 3003 439 3035 solis
460 3005 576 3036 colore.
626 3004 736 3044 Quum
757 3006 809 3036 uri
830 3002 886 3035 di-

909 1728 974 1761 tia:
1013 1728 1131 1773 quibus
1164 1727 1304 1760 victoria
1339 1728 1370 1759 111
1407 1727 1493 1759 ludis
1518 1727 1697 1772 olympicis

910 1782 1085 1819 reportata
1120 1774 1230 1806 honos
1256 1773 1435 1805 videbatur
1464 1786 1535 1805 0550
1570 1781 1696 1816 tantus,

911 1830 1054 1865 quantus
1091 1819 1179 1863 apud
1206 1819 1350 1851 maiores
1377 1827 1511 1852 nostros
1538 1821 1697 1854 consula-

910 1875 973 1903 tus,
1001 1866 1056 1909 qui
1079 1873 1149 1898 tum
1173 1866 1303 1909 optimo
1326 1865 1444 1909 cuique
1465 1866 1696 1900 deferebatur.

909 1915 950 1945 V.
975 1912 1018 1944 ad
1043 1914 1068 1944 Ι.
1085 1912 1151 1951 46,
1180 1913 1260 1945 111:
1286 1923 1348 1944 non
1371 1915 1454 1945 enim
1475 1915 1509 1946 in
1530 1916 1665 1946 caelum.

978 1971 1121 2012 domino]
1151 1971 1200 2002 De
1221 1971 1350 2002 domino
1376 1969 1410 2012 (i.
1433 1982 1461 2002 e.
1487 1971 1696 2014 possessore)

911 2016 1137 2061 gladiatorum
1158 2023 1249 2048 recte
1263 2018 1407 2048 Klotzius
1426 2016 1492 2048 sic:
1518 2019 1699 2057 „Dominus

911 2064 956 2096 ist
980 2062 1059 2101 der,
1093 2062 1239 2095 1101011οι-
1260 2062 1308 2094 sie
1335 2062 1404 2105 (die
1430 2062 1542 2104 Glad.)
1568 2071 1696 2096 entwe-

912 2109 974 2142 der
991 2112 1059 2142 iure
1074 2112 1216 2151 mancipi
1235 2121 1277 2142 an
1298 2109 1370 2141 sich
1389 2109 1565 2153 gebracht,
1587 2110 1699 2143 sorm-

911 2155 979 2188 lich
1010 2155 1165 2193 erkaul't,
1211 2155 1295 2188 oder
1330 2167 1369 2187 zu
1406 2155 1483 2188 dem
1516 2156 1698 2200 speciellen

913 2202 1006 2235 Faue
1031 2203 1166 2235 ert-„aust
1192 2202 1276 2234 oder
1299 2201 1478 2246 gedungen
1504 2202 1574 2235 hat.
1625 2204 1698 2236 Ge-

912 2249 1083 2282 wo'hnlich
1106 2248 1250 2281 standen
1285 2249 1339 2280 (110
1365 2249 1417 2281 Gl.
1442 2249 1487 2281 im
1512 2249 1616 2282 Solde
1639 2249 1720 2282 der'

913 2298 1054 2336 domini,
1092 2295 1217 2328 welche
1243 2295 1355 2339 Spiele
1381 2307 1420 2327 zu
1446 2295 1554 2339 geben
1579 2295 1698 2328 hatten

914 2354 945 2374 u.
964 2354 989 2374 s.
1011 2348 1077 2374 w.“
1127 2343 1158 2374 Is
1181 2349 1304 2378 autern,
1331 2342 1386 2386 qui
1411 2341 1616 2385 gladiatores
1640 2354 1699 2374 ar-

912 2396 983 2421 tem
1005 2400 1175 2422 armorum
1199 2388 1366 2428 docebat,
1391 2388 1628 2433 appellabatur
1649 2390 1699 2419 la-

912 2438 1007 2469 111510.

982 2484 1010 2515 si
1034 2484 1113 2514 satis
1137 2484 1177 2515 iis
1198 2483 1319 2523 sactum
1343 2480 1396 2525 sil]
1424 2481 1466 2513 H.
1481 2492 1508 2512 e.
1533 2480 1561 2512 si
1585 2478 1700 2511 domi-

915 2528 966 2561 nis
990 2528 1194 2561 fortitudine
1219 2540 1277 2560 sna
1301 2527 1542 2560 satisfecerint.
1593 2524 1701 2565 „Vult

915 2574 1046 2608 Tullius
1067 2574 1208 2607 miseros
1237 2574 1315 2606 illos
1342 2573 1496 2606 homiues
1529 2582 1598 2607 mon
1620 2578 1699 2603 ante

916 2621 1065 2665 iugulum
1077 2621 1262 2665 praebere,
1288 2631 1386 2664 quam
1410 2631 1429 2651 a
1447 2617 1590 2650 dominis
1611 2629 1698 2661 ope-

915 2680 974 2701 rae
1005 2668 1160 2712 gnaviter
1192 2667 1304 2700 editae
1338 2671 1515 2709 reportent
1540 2663 1701 2696 testimo-

916 2714 1048 2747 11111111.·6
1446 2750 1447 2753 ¹

985 2762 1107 2802 ferrum
1134 2759 1285 2801 recipere]
1311 2754 1470 2789 Formula
1501 2755 1536 2787 in
1567 2755 1633 2790 hac
1662 2768 1700 2790 re

917 2807 1066 2851 propria.
1123 2805 1271 2849 Populus
1296 2803 1384 2835 enim
1406 2801 1607 2845 gladiatori,
1642 2803 1700 2847 qni

919 2853 1154 2890 decubuisset,
1195 2861 1295 2894 quum
1320 2847 1452 2880 veniam
1474 2848 1700 2889 dare'nollet,

920 2899 1110 2932 exclamans
1133 2900 1234 2937 recipe
1257 2897 1372 2935 telum,
1409 2905 1486 2927 eum
1509 2895 1551 2928 ab
1576 2894 1702 2930 adver-

921 2945 1010 2978 sario
1034 2943 1176 2988 iugulari
1199 2941 1306 2974 iussit.

992 3001 1168 3043 medicatioj
1199 3001 1430 3042 t'orbereitunq.
1452 2999 1494 3032 V.
1517 2999 1642 3034 Aduot.
1665 2999 1700 3032 iu
