<?xml version="1.0" encoding="UTF-8"?>
<!DOCTYPE html PUBLIC "-//W3C//DTD XHTML 1.0 Transitional//EN"
    "http://www.w3.org/TR/xhtml1/DTD/xhtml1-transitional.dtd">
<html xmlns="http://www.w3.org/1999/xhtml" xml:lang="en" lang="en">
 <head>
  <title>
</title>
<meta http-equiv="Content-Type" content="text/html;charset=utf-8" />
  <meta name='ocr-system' content='tesseract 3.04.00' />
  <meta name='ocr-capabilities' content='ocr_page ocr_carea ocr_par ocr_line ocrx_word'/>
</head>
<body>
  <div class='ocr_page' id='page_1' title='image "./tusculanarumdi00ciceuoft_0050.png"; bbox 0 0 1811 3053; ppageno 0'>
   <div class='ocr_carea' id='block_1_1' title="bbox 118 77 1093 125">
    <p class='ocr_par' dir='ltr' id='par_1_1' title="bbox 118 77 1093 125">
     <span class='ocr_line' id='line_1_1' title="bbox 118 77 1093 125; baseline -0.001 -7"><span class='ocrx_word' id='word_1_1' title='bbox 118 77 173 118; x_wconf 76' lang='lat'><strong>40</strong></span> <span class='ocrx_word' id='word_1_2' title='bbox 742 82 1093 125; x_wconf 76' lang='lat' dir='ltr'><strong>LIBER1.2,4.</strong></span> 
     </span>
    </p>
   </div>
   <div class='ocr_carea' id='block_1_2' title="bbox 236 160 1701 218">
    <p class='ocr_par' dir='ltr' id='par_1_2' title="bbox 236 160 1701 218">
     <span class='ocr_line' id='line_1_2' title="bbox 236 160 1701 218; baseline -0.002 -11"><span class='ocrx_word' id='word_1_3' title='bbox 236 163 294 207; x_wconf 91' lang='grc' dir='ltr'><strong>Π.</strong></span> <span class='ocrx_word' id='word_1_4' title='bbox 1565 160 1701 218; x_wconf 79' lang='lat' dir='ltr'><strong>Quan—</strong></span> 
     </span>
    </p>
   </div>
   <div class='ocr_carea' id='block_1_3' title="bbox 124 237 1704 366">
    <p class='ocr_par' dir='ltr' id='par_1_3' title="bbox 124 237 1704 366">
     <span class='ocr_line' id='line_1_3' title="bbox 124 237 1701 295; baseline -0.002 -14"><span class='ocrx_word' id='word_1_5' title='bbox 124 255 237 295; x_wconf 78' lang='lat' dir='ltr'><strong>quam</strong></span> <span class='ocrx_word' id='word_1_6' title='bbox 263 246 323 281; x_wconf 91' lang='lat' dir='ltr'><strong>est</strong></span> <span class='ocrx_word' id='word_1_7' title='bbox 342 239 384 280; x_wconf 91' lang='lat' dir='ltr'><strong>in</strong></span> <span class='ocrx_word' id='word_1_8' title='bbox 404 237 657 293; x_wconf 81' lang='lat' dir='ltr'>Originibus,</span> <span class='ocrx_word' id='word_1_9' title='bbox 691 237 829 278; x_wconf 89' lang='lat' dir='ltr'><strong>solitos</strong></span> <span class='ocrx_word' id='word_1_10' title='bbox 852 251 940 278; x_wconf 87' lang='lat' dir='ltr'><strong>esse</strong></span> <span class='ocrx_word' id='word_1_11' title='bbox 964 238 1003 278; x_wconf 89' lang='lat' dir='ltr'><strong>in</strong></span> <span class='ocrx_word' id='word_1_12' title='bbox 1027 237 1151 294; x_wconf 90' lang='lat' dir='ltr'><strong>epulis</strong></span> <span class='ocrx_word' id='word_1_13' title='bbox 1171 251 1314 279; x_wconf 85' lang='lat' dir='ltr'><strong>cauere</strong></span> <span class='ocrx_word' id='word_1_14' title='bbox 1334 237 1524 279; x_wconf 86' lang='lat' dir='ltr'><strong>convivas</strong></span> <span class='ocrx_word' id='word_1_15' title='bbox 1544 237 1592 278; x_wconf 87' lang='lat' dir='ltr'><strong>ad</strong></span> <span class='ocrx_word' id='word_1_16' title='bbox 1613 237 1701 278; x_wconf 88' lang='lat' dir='ltr'><strong>tibi-</strong></span> 
     </span>
     <span class='ocr_line' id='line_1_4' title="bbox 126 310 1704 366; baseline -0.003 -11"><span class='ocrx_word' id='word_1_17' title='bbox 126 314 251 356; x_wconf 76' lang='lat' dir='ltr'><strong>cinem</strong></span> <span class='ocrx_word' id='word_1_18' title='bbox 279 315 324 354; x_wconf 89' lang='lat' dir='ltr'><strong>de</strong></span> <span class='ocrx_word' id='word_1_19' title='bbox 355 313 548 353; x_wconf 81' lang='lat' dir='ltr'><strong>clarorum</strong></span> <span class='ocrx_word' id='word_1_20' title='bbox 578 311 776 352; x_wconf 89' lang='lat' dir='ltr'><strong>hominum</strong></span> <span class='ocrx_word' id='word_1_21' title='bbox 800 311 1037 363; x_wconf 81' lang='lat' dir='ltr'><strong>virtutibus3</strong></span> <span class='ocrx_word' id='word_1_22' title='bbox 1080 312 1270 352; x_wconf 88' lang='lat' dir='ltr'><strong>honorem</strong></span> <span class='ocrx_word' id='word_1_23' title='bbox 1293 318 1425 352; x_wconf 87' lang='lat' dir='ltr'><strong>tamen</strong></span> <span class='ocrx_word' id='word_1_24' title='bbox 1451 310 1541 352; x_wconf 84' lang='lat' dir='ltr'><strong>huic</strong></span> <span class='ocrx_word' id='word_1_25' title='bbox 1565 310 1704 366; x_wconf 82' lang='lat' dir='ltr'><strong>generi</strong></span> 
     </span>
    </p>
   </div>
   <div class='ocr_carea' id='block_1_4' title="bbox 356 162 1518 219">
    <p class='ocr_par' dir='ltr' id='par_1_4' title="bbox 356 162 1518 219">
     <span class='ocr_line' id='line_1_5' title="bbox 356 162 1518 219; baseline -0.002 -13"><span class='ocrx_word' id='word_1_26' title='bbox 356 163 459 207; x_wconf 89' lang='lat' dir='ltr'><strong>Sero</strong></span> <span class='ocrx_word' id='word_1_27' title='bbox 481 164 602 219; x_wconf 80' lang='lat' dir='ltr'><strong>igitur</strong></span> <span class='ocrx_word' id='word_1_28' title='bbox 622 177 643 204; x_wconf 86' lang='lat' dir='ltr'><strong>a</strong></span> <span class='ocrx_word' id='word_1_29' title='bbox 664 162 811 204; x_wconf 89' lang='lat' dir='ltr'><strong>nostris</strong></span> <span class='ocrx_word' id='word_1_30' title='bbox 829 169 969 218; x_wconf 79' lang='lat' dir='ltr'><strong>poe&#39;tae</strong></span> <span class='ocrx_word' id='word_1_31' title='bbox 989 163 1054 204; x_wconf 80' lang='lat' dir='ltr'><strong>vel</strong></span> <span class='ocrx_word' id='word_1_32' title='bbox 1072 163 1234 218; x_wconf 85' lang='lat' dir='ltr'><strong>cogniti,</strong></span> <span class='ocrx_word' id='word_1_33' title='bbox 1266 162 1332 204; x_wconf 89' lang='lat' dir='ltr'><strong>vel</strong></span> <span class='ocrx_word' id='word_1_34' title='bbox 1353 162 1518 219; x_wconf 81' lang='lat' dir='ltr'><strong>recepti.</strong></span> 
     </span>
    </p>
   </div>
   <div class='ocr_carea' id='block_1_5' title="bbox 128 382 1706 587">
    <p class='ocr_par' dir='ltr' id='par_1_5' title="bbox 128 382 1706 587">
     <span class='ocr_line' id='line_1_6' title="bbox 128 382 1700 441; baseline -0.003 -12"><span class='ocrx_word' id='word_1_35' title='bbox 128 403 206 430; x_wconf 90' lang='lat' dir='ltr'><strong>non</strong></span> <span class='ocrx_word' id='word_1_36' title='bbox 236 388 381 438; x_wconf 76' lang='lat' dir='ltr'><strong>fuisse,</strong></span> <span class='ocrx_word' id='word_1_37' title='bbox 429 387 603 426; x_wconf 76' lang='lat' dir='ltr'>declarat</span> <span class='ocrx_word' id='word_1_38' title='bbox 630 386 754 427; x_wconf 83' lang='lat' dir='ltr'><strong>oratio</strong></span> <span class='ocrx_word' id='word_1_39' title='bbox 782 383 974 437; x_wconf 85' lang='lat' dir='ltr'><strong>Catonis,</strong></span> <span class='ocrx_word' id='word_1_40' title='bbox 1017 386 1056 426; x_wconf 90' lang='lat' dir='ltr'><strong>in</strong></span> <span class='ocrx_word' id='word_1_41' title='bbox 1087 399 1161 440; x_wconf 84' lang='lat' dir='ltr'><strong>qua</strong></span> <span class='ocrx_word' id='word_1_42' title='bbox 1196 385 1340 426; x_wconf 83' lang='lat' dir='ltr'><strong>obiecit</strong></span> <span class='ocrx_word' id='word_1_43' title='bbox 1365 392 1408 426; x_wconf 91' lang='lat' dir='ltr'><strong>ut</strong></span> <span class='ocrx_word' id='word_1_44' title='bbox 1433 384 1618 441; x_wconf 79' lang='lat' dir='ltr'><strong>probrum</strong></span> <span class='ocrx_word' id='word_1_45' title='bbox 1639 382 1700 425; x_wconf 90' lang='grc' dir='ltr'><strong>Μ.</strong></span> 
     </span>
     <span class='ocr_line' id='line_1_7' title="bbox 128 459 1704 516; baseline -0.004 -11"><span class='ocrx_word' id='word_1_46' title='bbox 128 462 343 511; x_wconf 79' lang='lat' dir='ltr'><strong>Nobiliori,</strong></span> <span class='ocrx_word' id='word_1_47' title='bbox 378 460 479 515; x_wconf 88' lang='lat' dir='ltr'><strong>quod</strong></span> <span class='ocrx_word' id='word_1_48' title='bbox 500 460 534 500; x_wconf 93' lang='lat' dir='ltr'><strong>is</strong></span> <span class='ocrx_word' id='word_1_49' title='bbox 553 460 594 500; x_wconf 90' lang='lat' dir='ltr'><strong>in</strong></span> <span class='ocrx_word' id='word_1_50' title='bbox 614 460 854 516; x_wconf 83' lang='lat' dir='ltr'><strong>provinciam</strong></span> <span class='ocrx_word' id='word_1_51' title='bbox 876 466 1011 516; x_wconf 63' lang='lat' dir='ltr'><strong>poetas</strong></span> <span class='ocrx_word' id='word_1_52' title='bbox 1032 459 1235 510; x_wconf 82' lang='lat' dir='ltr'><strong>duxisset3</strong></span> <span class='ocrx_word' id='word_1_53' title='bbox 1270 459 1440 499; x_wconf 84' lang='lat' dir='ltr'><strong>duxerat</strong></span> <span class='ocrx_word' id='word_1_54' title='bbox 1459 465 1589 500; x_wconf 86' lang='lat' dir='ltr'><strong>autem</strong></span> <span class='ocrx_word' id='word_1_55' title='bbox 1610 472 1704 499; x_wconf 87' lang='lat' dir='ltr'><strong>con-</strong></span> 
     </span>
     <span class='ocr_line' id='line_1_8' title="bbox 1146 531 1706 587; baseline -0.002 -13"><span class='ocrx_word' id='word_1_56' title='bbox 1146 531 1236 587; x_wconf 84' lang='lat' dir='ltr'><strong>Quo</strong></span> <span class='ocrx_word' id='word_1_57' title='bbox 1260 532 1389 573; x_wconf 92' lang='lat' dir='ltr'><strong>minus</strong></span> <span class='ocrx_word' id='word_1_58' title='bbox 1405 532 1526 587; x_wconf 82' lang='lat' dir='ltr'><strong>igitur</strong></span> <span class='ocrx_word' id='word_1_59' title='bbox 1543 531 1706 573; x_wconf 90' lang='lat' dir='ltr'><strong>honoris</strong></span> 
     </span>
    </p>
   </div>
   <div class='ocr_carea' id='block_1_6' title="bbox 1078 605 1707 661">
    <p class='ocr_par' dir='ltr' id='par_1_6' title="bbox 1078 605 1707 661">
     <span class='ocr_line' id='line_1_9' title="bbox 1078 605 1707 661; baseline -0.003 -13"><span class='ocrx_word' id='word_1_60' title='bbox 1078 621 1151 648; x_wconf 86' lang='lat' dir='ltr'><strong>nec</strong></span> <span class='ocrx_word' id='word_1_61' title='bbox 1183 614 1341 658; x_wconf 87' lang='lat' dir='ltr'><strong>tamen,</strong></span> <span class='ocrx_word' id='word_1_62' title='bbox 1386 605 1420 647; x_wconf 91' lang='lat' dir='ltr'><strong>si</strong></span> <span class='ocrx_word' id='word_1_63' title='bbox 1455 605 1520 661; x_wconf 91' lang='lat' dir='ltr'><strong>qui</strong></span> <span class='ocrx_word' id='word_1_64' title='bbox 1555 605 1707 661; x_wconf 86' lang='lat' dir='ltr'><strong>magnis</strong></span> 
     </span>
    </p>
   </div>
   <div class='ocr_carea' id='block_1_7' title="bbox 127 533 1707 812">
    <p class='ocr_par' dir='ltr' id='par_1_7' title="bbox 127 533 1707 812">
     <span class='ocr_line' id='line_1_10' title="bbox 131 533 1082 585; baseline -0.002 -9"><span class='ocrx_word' id='word_1_65' title='bbox 131 536 190 577; x_wconf 88' lang='lat' dir='ltr'><strong>sul</strong></span> <span class='ocrx_word' id='word_1_66' title='bbox 210 536 273 576; x_wconf 87' lang='lat' dir='ltr'><strong>ille</strong></span> <span class='ocrx_word' id='word_1_67' title='bbox 303 535 343 575; x_wconf 89' lang='lat' dir='ltr'><strong>iu</strong></span> <span class='ocrx_word' id='word_1_68' title='bbox 364 534 560 575; x_wconf 74' lang='lat' dir='ltr'><strong>Aetoliam</strong></span> <span class='ocrx_word' id='word_1_69' title='bbox 579 566 590 584; x_wconf 95' lang='lat'><strong>,</strong></span> <span class='ocrx_word' id='word_1_70' title='bbox 623 541 666 575; x_wconf 90' lang='lat' dir='ltr'><strong>ut</strong></span> <span class='ocrx_word' id='word_1_71' title='bbox 690 534 833 575; x_wconf 84' lang='lat' dir='ltr'><strong>scimus</strong></span> <span class='ocrx_word' id='word_1_72' title='bbox 850 566 860 585; x_wconf 91' lang='lat'><strong>,</strong></span> <span class='ocrx_word' id='word_1_73' title='bbox 894 533 1082 574; x_wconf 87' lang='lat' dir='ltr'><strong>Ennium.</strong></span> 
     </span>
     <span class='ocr_line' id='line_1_11' title="bbox 129 608 1034 664; baseline -0.002 -14"><span class='ocrx_word' id='word_1_74' title='bbox 129 617 213 650; x_wconf 77' lang='lat' dir='ltr'><strong>erat</strong></span> <span class='ocrx_word' id='word_1_75' title='bbox 242 609 390 664; x_wconf 66' lang='lat' dir='ltr'><strong>poetis,</strong></span> <span class='ocrx_word' id='word_1_76' title='bbox 431 622 478 648; x_wconf 91' lang='lat' dir='ltr'><strong>eo</strong></span> <span class='ocrx_word' id='word_1_77' title='bbox 511 608 664 649; x_wconf 82' lang='lat' dir='ltr'><strong>minora</strong></span> <span class='ocrx_word' id='word_1_78' title='bbox 692 608 819 649; x_wconf 86' lang='lat' dir='ltr'><strong>studia</strong></span> <span class='ocrx_word' id='word_1_79' title='bbox 850 608 1034 660; x_wconf 67' lang='lat' dir='ltr'><strong>suerunt,</strong></span> 
     </span>
     <span class='ocr_line' id='line_1_12' title="bbox 127 679 1707 738; baseline -0.002 -15"><span class='ocrx_word' id='word_1_80' title='bbox 127 683 296 738; x_wconf 82' lang='lat' dir='ltr'><strong>ingeniis</strong></span> <span class='ocrx_word' id='word_1_81' title='bbox 325 682 366 723; x_wconf 89' lang='lat' dir='ltr'><strong>in</strong></span> <span class='ocrx_word' id='word_1_82' title='bbox 394 696 441 723; x_wconf 89' lang='lat' dir='ltr'><strong>eo</strong></span> <span class='ocrx_word' id='word_1_83' title='bbox 468 696 614 737; x_wconf 82' lang='lat' dir='ltr'><strong>genere</strong></span> <span class='ocrx_word' id='word_1_84' title='bbox 646 682 910 732; x_wconf 81' lang='lat' dir='ltr'><strong>exstiterunt,</strong></span> <span class='ocrx_word' id='word_1_85' title='bbox 956 696 1035 722; x_wconf 90' lang='lat' dir='ltr'><strong>non</strong></span> <span class='ocrx_word' id='word_1_86' title='bbox 1067 681 1163 722; x_wconf 79' lang='lat' dir='ltr'><strong>satis</strong></span> <span class='ocrx_word' id='word_1_87' title='bbox 1191 680 1433 722; x_wconf 86' lang='lat' dir='ltr'><strong>Graecorum</strong></span> <span class='ocrx_word' id='word_1_88' title='bbox 1464 679 1613 735; x_wconf 85' lang='lat' dir='ltr'><strong>gloriae</strong></span> <span class='ocrx_word' id='word_1_89' title='bbox 1642 693 1707 720; x_wconf 88' lang='lat' dir='ltr'><strong>re-</strong></span> 
     </span>
     <span class='ocr_line' id='line_1_13' title="bbox 128 752 1706 812; baseline -0.003 -15"><span class='ocrx_word' id='word_1_90' title='bbox 128 758 383 812; x_wconf 83' lang='lat' dir='ltr'><strong>sponderunt.</strong></span> <span class='ocrx_word' id='word_1_91' title='bbox 446 761 487 796; x_wconf 80' lang='grc'><strong>4.</strong></span> <span class='ocrx_word' id='word_1_92' title='bbox 522 756 586 796; x_wconf 77' lang='lat' dir='ltr'><strong>An</strong></span> <span class='ocrx_word' id='word_1_93' title='bbox 612 770 841 806; x_wconf 77' lang='lat' dir='ltr'><strong>censeniuS,</strong></span> <span class='ocrx_word' id='word_1_94' title='bbox 875 755 907 796; x_wconf 91' lang='lat' dir='ltr'><strong>si</strong></span> <span class='ocrx_word' id='word_1_95' title='bbox 932 754 1081 807; x_wconf 80' lang='lat' dir='ltr'><strong>Fabio,</strong></span> <span class='ocrx_word' id='word_1_96' title='bbox 1115 755 1358 795; x_wconf 85' lang='lat' dir='ltr'><strong>nobilissimo</strong></span> <span class='ocrx_word' id='word_1_97' title='bbox 1384 753 1557 805; x_wconf 88' lang='lat' dir='ltr'><strong>homini,</strong></span> <span class='ocrx_word' id='word_1_98' title='bbox 1601 752 1706 794; x_wconf 88' lang='lat' dir='ltr'><strong>laudi</strong></span> 
     </span>
    </p>
   </div>
   <div class='ocr_carea' id='block_1_8' title="bbox 128 825 1707 885">
    <p class='ocr_par' dir='ltr' id='par_1_8' title="bbox 128 825 1707 885">
     <span class='ocr_line' id='line_1_14' title="bbox 128 825 1707 885; baseline -0.002 -14"><span class='ocrx_word' id='word_1_99' title='bbox 128 831 257 871; x_wconf 84' lang='lat' dir='ltr'><strong>datum</strong></span> <span class='ocrx_word' id='word_1_100' title='bbox 283 837 404 881; x_wconf 80' lang='lat' dir='ltr'><strong>esset,</strong></span> <span class='ocrx_word' id='word_1_101' title='bbox 439 830 538 885; x_wconf 89' lang='lat' dir='ltr'><strong>quod</strong></span> <span class='ocrx_word' id='word_1_102' title='bbox 564 831 756 885; x_wconf 76' lang='lat' dir='ltr'><strong>pingeret,</strong></span> <span class='ocrx_word' id='word_1_103' title='bbox 789 844 868 871; x_wconf 90' lang='lat' dir='ltr'><strong>non</strong></span> <span class='ocrx_word' id='word_1_104' title='bbox 889 830 1031 871; x_wconf 91' lang='lat' dir='ltr'><strong>multos</strong></span> <span class='ocrx_word' id='word_1_105' title='bbox 1053 829 1168 871; x_wconf 83' lang='lat' dir='ltr'><strong>etiam</strong></span> <span class='ocrx_word' id='word_1_106' title='bbox 1190 829 1289 885; x_wconf 82' lang='lat' dir='ltr'><strong>apud</strong></span> <span class='ocrx_word' id='word_1_107' title='bbox 1311 842 1384 869; x_wconf 89' lang='lat' dir='ltr'><strong>nos</strong></span> <span class='ocrx_word' id='word_1_108' title='bbox 1410 829 1564 869; x_wconf 87' lang='lat' dir='ltr'><strong>futuros</strong></span> <span class='ocrx_word' id='word_1_109' title='bbox 1585 825 1707 883; x_wconf 81' lang='lat' dir='ltr'><strong>Poly-</strong></span> 
     </span>
    </p>
   </div>
   <div class='ocr_carea' id='block_1_9' title="bbox 129 943 906 3014">
    <p class='ocr_par' dir='ltr' id='par_1_9' title="bbox 129 943 904 2428">
     <span class='ocr_line' id='line_1_15' title="bbox 129 943 901 987; baseline -0.001 -11"><span class='ocrx_word' id='word_1_110' title='bbox 129 955 251 977; x_wconf 84' lang='lat' dir='ltr'><strong>nomen</strong></span> <span class='ocrx_word' id='word_1_111' title='bbox 277 944 424 987; x_wconf 67' lang='lat' dir='ltr'><strong>proxime</strong></span> <span class='ocrx_word' id='word_1_112' title='bbox 455 943 665 976; x_wconf 66' lang='lat' dir='ltr'><strong>antecedens.</strong></span> <span class='ocrx_word' id='word_1_113' title='bbox 713 943 901 987; x_wconf 78' lang='lat' dir='ltr'><strong>Reperiun-</strong></span> 
     </span>
     <span class='ocr_line' id='line_1_16' title="bbox 129 989 902 1034; baseline -0.001 -14"><span class='ocrx_word' id='word_1_114' title='bbox 129 997 184 1021; x_wconf 77' lang='lat' dir='ltr'><strong>tur</strong></span> <span class='ocrx_word' id='word_1_115' title='bbox 205 991 337 1034; x_wconf 78' lang='lat' dir='ltr'><strong>quidem</strong></span> <span class='ocrx_word' id='word_1_116' title='bbox 359 990 436 1028; x_wconf 67' lang='lat' dir='ltr'><strong>loci,</strong></span> <span class='ocrx_word' id='word_1_117' title='bbox 460 990 491 1021; x_wconf 86' lang='lat' dir='ltr'><strong>iu</strong></span> <span class='ocrx_word' id='word_1_118' title='bbox 514 990 630 1033; x_wconf 84' lang='lat' dir='ltr'><strong>quibus</strong></span> <span class='ocrx_word' id='word_1_119' title='bbox 652 993 705 1030; x_wconf 79' lang='lat' dir='ltr'><strong>qui</strong></span> <span class='ocrx_word' id='word_1_120' title='bbox 725 989 768 1021; x_wconf 86' lang='lat' dir='ltr'><strong>ad</strong></span> <span class='ocrx_word' id='word_1_121' title='bbox 788 1001 902 1020; x_wconf 91' lang='lat' dir='ltr'><strong>remo-</strong></span> 
     </span>
     <span class='ocr_line' id='line_1_17' title="bbox 130 1034 902 1067; baseline -0.001 -1"><span class='ocrx_word' id='word_1_122' title='bbox 130 1037 197 1066; x_wconf 81' lang='lat' dir='ltr'><strong>tius</strong></span> <span class='ocrx_word' id='word_1_123' title='bbox 218 1047 339 1066; x_wconf 79' lang='lat' dir='ltr'><strong>nomen</strong></span> <span class='ocrx_word' id='word_1_124' title='bbox 358 1035 570 1067; x_wconf 67' lang='lat' dir='ltr'><strong>referendum</strong></span> <span class='ocrx_word' id='word_1_125' title='bbox 591 1042 659 1066; x_wconf 80' lang='lat' dir='ltr'><strong>est:</strong></span> <span class='ocrx_word' id='word_1_126' title='bbox 685 1035 707 1066; x_wconf 91' lang='lat' dir='ltr'><strong>ii</strong></span> <span class='ocrx_word' id='word_1_127' title='bbox 723 1042 834 1066; x_wconf 85' lang='lat' dir='ltr'><strong>tamen</strong></span> <span class='ocrx_word' id='word_1_128' title='bbox 855 1034 902 1065; x_wconf 87' lang='lat' dir='ltr'><strong>ita</strong></span> 
     </span>
     <span class='ocr_line' id='line_1_18' title="bbox 129 1080 902 1123; baseline 0 -12"><span class='ocrx_word' id='word_1_129' title='bbox 129 1089 206 1112; x_wconf 87' lang='lat' dir='ltr'><strong>sunt</strong></span> <span class='ocrx_word' id='word_1_130' title='bbox 227 1081 446 1118; x_wconf 66' lang='lat' dir='ltr'><strong>cont&#39;mmati,</strong></span> <span class='ocrx_word' id='word_1_131' title='bbox 472 1088 519 1120; x_wconf 75' lang='lat' dir='ltr'><strong>ut,</strong></span> <span class='ocrx_word' id='word_1_132' title='bbox 545 1092 610 1123; x_wconf 81' lang='lat' dir='ltr'><strong>quo</strong></span> <span class='ocrx_word' id='word_1_133' title='bbox 634 1080 800 1123; x_wconf 74' lang='lat' dir='ltr'><strong>pertineat</strong></span> <span class='ocrx_word' id='word_1_134' title='bbox 820 1090 902 1123; x_wconf 89' lang='lat' dir='ltr'><strong>pro-</strong></span> 
     </span>
     <span class='ocr_line' id='line_1_19' title="bbox 130 1126 902 1161; baseline -0.001 -4"><span class='ocrx_word' id='word_1_135' title='bbox 130 1137 253 1158; x_wconf 84' lang='lat' dir='ltr'><strong>nomen</strong></span> <span class='ocrx_word' id='word_1_136' title='bbox 290 1126 482 1161; x_wconf 72' lang='lat' dir='ltr'><strong>relativum,</strong></span> <span class='ocrx_word' id='word_1_137' title='bbox 521 1126 696 1157; x_wconf 72' lang='lat' dir='ltr'><strong>obscurum</strong></span> <span class='ocrx_word' id='word_1_138' title='bbox 731 1137 802 1157; x_wconf 87' lang='lat' dir='ltr'><strong>esse</strong></span> <span class='ocrx_word' id='word_1_139' title='bbox 835 1136 902 1157; x_wconf 89' lang='lat' dir='ltr'><strong>non</strong></span> 
     </span>
     <span class='ocr_line' id='line_1_20' title="bbox 131 1171 901 1214; baseline -0.001 -12"><span class='ocrx_word' id='word_1_140' title='bbox 131 1172 247 1214; x_wconf 87' lang='lat' dir='ltr'><strong>possit.</strong></span> <span class='ocrx_word' id='word_1_141' title='bbox 298 1172 332 1202; x_wconf 87' lang='lat' dir='ltr'><strong>Si</strong></span> <span class='ocrx_word' id='word_1_142' title='bbox 355 1184 434 1203; x_wconf 74' lang='lat' dir='ltr'><strong>vero</strong></span> <span class='ocrx_word' id='word_1_143' title='bbox 454 1174 507 1212; x_wconf 82' lang='lat' dir='ltr'><strong>qui</strong></span> <span class='ocrx_word' id='word_1_144' title='bbox 528 1172 570 1202; x_wconf 82' lang='lat' dir='ltr'><strong>ad</strong></span> <span class='ocrx_word' id='word_1_145' title='bbox 587 1174 723 1203; x_wconf 74' lang='lat' dir='ltr'><strong>Ennium</strong></span> <span class='ocrx_word' id='word_1_146' title='bbox 745 1171 901 1209; x_wconf 86' lang='lat' dir='ltr'><strong>refertur,</strong></span> 
     </span>
     <span class='ocr_line' id='line_1_21' title="bbox 130 1214 902 1259; baseline -0.001 -12"><span class='ocrx_word' id='word_1_147' title='bbox 130 1216 342 1248; x_wconf 79' lang='lat' dir='ltr'><strong>statue-udum</strong></span> <span class='ocrx_word' id='word_1_148' title='bbox 367 1218 450 1257; x_wconf 79' lang='lat' dir='ltr'><strong>erit,</strong></span> <span class='ocrx_word' id='word_1_149' title='bbox 490 1215 631 1259; x_wconf 65' lang='grc' dir='ltr'>σφάλμα</span> <span class='ocrx_word' id='word_1_150' title='bbox 655 1214 860 1259; x_wconf 70' lang='grc' dir='ltr'>μνημονικὸν</span> <span class='ocrx_word' id='word_1_151' title='bbox 883 1227 902 1246; x_wconf 88' lang='lat' dir='ltr'><strong>a</strong></span> 
     </span>
     <span class='ocr_line' id='line_1_22' title="bbox 131 1260 900 1299; baseline -0.005 -4"><span class='ocrx_word' id='word_1_152' title='bbox 131 1262 244 1295; x_wconf 79' lang='lat' dir='ltr'><strong>Tullio</strong></span> <span class='ocrx_word' id='word_1_153' title='bbox 269 1274 339 1293; x_wconf 81' lang='lat' dir='ltr'><strong>esse</strong></span> <span class='ocrx_word' id='word_1_154' title='bbox 375 1262 605 1298; x_wconf 76' lang='lat' dir='ltr'><strong>commissum3</strong></span> <span class='ocrx_word' id='word_1_155' title='bbox 645 1268 775 1293; x_wconf 82' lang='lat' dir='ltr'><strong>constat</strong></span> <span class='ocrx_word' id='word_1_156' title='bbox 802 1260 900 1299; x_wconf 89' lang='lat' dir='ltr'><strong>enim,</strong></span> 
     </span>
     <span class='ocr_line' id='line_1_23' title="bbox 131 1305 900 1349; baseline -0.003 -10"><span class='ocrx_word' id='word_1_157' title='bbox 131 1307 296 1339; x_wconf 73' lang='lat' dir='ltr'><strong>Naevium</strong></span> <span class='ocrx_word' id='word_1_158' title='bbox 310 1308 418 1339; x_wconf 88' lang='lat' dir='ltr'><strong>Ennio</strong></span> <span class='ocrx_word' id='word_1_159' title='bbox 439 1307 596 1338; x_wconf 84' lang='lat' dir='ltr'><strong>maiorem</strong></span> <span class='ocrx_word' id='word_1_160' title='bbox 618 1307 718 1338; x_wconf 84' lang='lat' dir='ltr'><strong>fuisse</strong></span> <span class='ocrx_word' id='word_1_161' title='bbox 739 1305 900 1349; x_wconf 49' lang='grc'>(121111110-</span> 
     </span>
     <span class='ocr_line' id='line_1_24' title="bbox 131 1352 902 1394; baseline -0.003 -11"><span class='ocrx_word' id='word_1_162' title='bbox 131 1352 286 1393; x_wconf 74' lang='lat' dir='ltr'><strong>histor.);</strong></span> <span class='ocrx_word' id='word_1_163' title='bbox 321 1360 356 1384; x_wconf 83' lang='lat' dir='ltr'><strong>at</strong></span> <span class='ocrx_word' id='word_1_164' title='bbox 376 1352 410 1384; x_wconf 92' lang='lat' dir='ltr'><strong>id</strong></span> <span class='ocrx_word' id='word_1_165' title='bbox 435 1353 490 1383; x_wconf 82' lang='lat' dir='ltr'><strong>vix</strong></span> <span class='ocrx_word' id='word_1_166' title='bbox 514 1352 672 1384; x_wconf 86' lang='lat' dir='ltr'><strong>credibile</strong></span> <span class='ocrx_word' id='word_1_167' title='bbox 697 1358 766 1390; x_wconf 89' lang='lat' dir='ltr'><strong>est,</strong></span> <span class='ocrx_word' id='word_1_168' title='bbox 803 1362 902 1394; x_wconf 90' lang='lat' dir='ltr'><strong>quum</strong></span> 
     </span>
     <span class='ocr_line' id='line_1_25' title="bbox 130 1396 902 1441; baseline -0.003 -12"><span class='ocrx_word' id='word_1_169' title='bbox 130 1397 204 1441; x_wconf 83' lang='lat' dir='ltr'><strong>ipse</strong></span> <span class='ocrx_word' id='word_1_170' title='bbox 225 1398 342 1429; x_wconf 76' lang='lat' dir='ltr'><strong>Cicero</strong></span> <span class='ocrx_word' id='word_1_171' title='bbox 362 1398 394 1429; x_wconf 90' lang='lat' dir='ltr'><strong>in</strong></span> <span class='ocrx_word' id='word_1_172' title='bbox 412 1399 512 1429; x_wconf 86' lang='lat' dir='ltr'><strong>Bruto</strong></span> <span class='ocrx_word' id='word_1_173' title='bbox 534 1409 561 1429; x_wconf 89' lang='lat' dir='ltr'><strong>c.</strong></span> <span class='ocrx_word' id='word_1_174' title='bbox 580 1399 628 1429; x_wconf 65' lang='lat'><strong>18.</strong></span> <span class='ocrx_word' id='word_1_175' title='bbox 652 1397 740 1428; x_wconf 91' lang='lat' dir='ltr'><strong>hunc</strong></span> <span class='ocrx_word' id='word_1_176' title='bbox 761 1396 902 1428; x_wconf 81' lang='lat' dir='ltr'><strong>eundem</strong></span> 
     </span>
     <span class='ocr_line' id='line_1_26' title="bbox 133 1441 899 1481; baseline -0.001 -8"><span class='ocrx_word' id='word_1_177' title='bbox 133 1455 278 1475; x_wconf 87' lang='lat' dir='ltr'><strong>errorem</strong></span> <span class='ocrx_word' id='word_1_178' title='bbox 295 1443 329 1475; x_wconf 87' lang='lat' dir='ltr'><strong>in</strong></span> <span class='ocrx_word' id='word_1_179' title='bbox 346 1443 445 1475; x_wconf 81' lang='lat' dir='ltr'><strong>Accio</strong></span> <span class='ocrx_word' id='word_1_180' title='bbox 466 1442 643 1474; x_wconf 75' lang='lat' dir='ltr'><strong>notaverit.</strong></span> <span class='ocrx_word' id='word_1_181' title='bbox 684 1441 773 1481; x_wconf 88' lang='lat' dir='ltr'><strong>Quid</strong></span> <span class='ocrx_word' id='word_1_182' title='bbox 793 1441 899 1473; x_wconf 79' lang='lat' dir='ltr'><strong>vero&#39;?</strong></span> 
     </span>
     <span class='ocr_line' id='line_1_27' title="bbox 132 1487 900 1530; baseline -0.003 -10"><span class='ocrx_word' id='word_1_183' title='bbox 132 1488 159 1520; x_wconf 86' lang='lat' dir='ltr'><strong>si</strong></span> <span class='ocrx_word' id='word_1_184' title='bbox 179 1489 408 1524; x_wconf 71' lang='lat' dir='ltr'><strong>concedamus.</strong></span> <span class='ocrx_word' id='word_1_185' title='bbox 434 1491 487 1530; x_wconf 81' lang='lat' dir='ltr'><strong>qui</strong></span> <span class='ocrx_word' id='word_1_186' title='bbox 506 1487 717 1520; x_wconf 86' lang='lat' dir='ltr'><strong>referendum</strong></span> <span class='ocrx_word' id='word_1_187' title='bbox 740 1499 810 1518; x_wconf 89' lang='lat' dir='ltr'><strong>esse</strong></span> <span class='ocrx_word' id='word_1_188' title='bbox 833 1498 900 1518; x_wconf 90' lang='lat' dir='ltr'><strong>non</strong></span> 
     </span>
     <span class='ocr_line' id='line_1_28' title="bbox 131 1533 903 1575; baseline -0.001 -10"><span class='ocrx_word' id='word_1_189' title='bbox 131 1533 175 1566; x_wconf 80' lang='lat' dir='ltr'><strong>ad</strong></span> <span class='ocrx_word' id='word_1_190' title='bbox 198 1534 358 1574; x_wconf 86' lang='lat' dir='ltr'><strong>Ennium,</strong></span> <span class='ocrx_word' id='word_1_191' title='bbox 391 1533 451 1566; x_wconf 87' lang='lat' dir='ltr'><strong>sed</strong></span> <span class='ocrx_word' id='word_1_192' title='bbox 471 1533 510 1565; x_wconf 88' lang='lat' dir='ltr'><strong>ad</strong></span> <span class='ocrx_word' id='word_1_193' title='bbox 536 1533 683 1573; x_wconf 80' lang='lat' dir='ltr'><strong>Livium,</strong></span> <span class='ocrx_word' id='word_1_194' title='bbox 710 1539 747 1564; x_wconf 91' lang='lat' dir='ltr'><strong>ut</strong></span> <span class='ocrx_word' id='word_1_195' title='bbox 766 1540 903 1575; x_wconf 88' lang='lat' dir='ltr'><strong>tempo-</strong></span> 
     </span>
     <span class='ocr_line' id='line_1_29' title="bbox 132 1578 904 1616; baseline -0.003 -6"><span class='ocrx_word' id='word_1_196' title='bbox 132 1591 205 1611; x_wconf 90' lang='lat' dir='ltr'><strong>rum</strong></span> <span class='ocrx_word' id='word_1_197' title='bbox 225 1580 310 1611; x_wconf 75' lang='lat' dir='ltr'><strong>ratio</strong></span> <span class='ocrx_word' id='word_1_198' title='bbox 334 1586 486 1616; x_wconf 84' lang='lat' dir='ltr'><strong>constet,</strong></span> <span class='ocrx_word' id='word_1_199' title='bbox 522 1590 633 1611; x_wconf 88' lang='lat' dir='ltr'><strong>nonne</strong></span> <span class='ocrx_word' id='word_1_200' title='bbox 655 1578 745 1610; x_wconf 83' lang='lat' dir='ltr'><strong>istud</strong></span> <span class='ocrx_word' id='word_1_201' title='bbox 769 1578 904 1610; x_wconf 79' lang='lat' dir='ltr'><strong>addita-</strong></span> 
     </span>
     <span class='ocr_line' id='line_1_30' title="bbox 132 1623 899 1668; baseline -0.001 -12"><span class='ocrx_word' id='word_1_202' title='bbox 132 1632 280 1656; x_wconf 81' lang='lat' dir='ltr'><strong>mentum</strong></span> <span class='ocrx_word' id='word_1_203' title='bbox 298 1625 443 1657; x_wconf 88' lang='lat' dir='ltr'><strong>ieiunum</strong></span> <span class='ocrx_word' id='word_1_204' title='bbox 462 1625 559 1668; x_wconf 84' lang='lat' dir='ltr'><strong>plane</strong></span> <span class='ocrx_word' id='word_1_205' title='bbox 578 1631 627 1656; x_wconf 75' lang='lat' dir='ltr'><strong>est</strong></span> <span class='ocrx_word' id='word_1_206' title='bbox 645 1632 679 1656; x_wconf 91' lang='lat' dir='ltr'><strong>et</strong></span> <span class='ocrx_word' id='word_1_207' title='bbox 697 1623 899 1666; x_wconf 82' lang='lat' dir='ltr'><strong>languidum,</strong></span> 
     </span>
     <span class='ocr_line' id='line_1_31' title="bbox 133 1669 903 1712; baseline -0.003 -10"><span class='ocrx_word' id='word_1_208' title='bbox 133 1669 199 1702; x_wconf 85' lang='lat' dir='ltr'><strong>hoc</strong></span> <span class='ocrx_word' id='word_1_209' title='bbox 220 1670 375 1703; x_wconf 72' lang='lat' dir='ltr'><strong>videlicet</strong></span> <span class='ocrx_word' id='word_1_210' title='bbox 396 1671 471 1703; x_wconf 91' lang='lat' dir='ltr'><strong>loco</strong></span> <span class='ocrx_word' id='word_1_211' title='bbox 485 1696 493 1711; x_wconf 90' lang='lat'><strong>‚</strong></span> <span class='ocrx_word' id='word_1_212' title='bbox 531 1670 586 1702; x_wconf 92' lang='lat' dir='ltr'><strong>ubi</strong></span> <span class='ocrx_word' id='word_1_213' title='bbox 611 1681 679 1702; x_wconf 88' lang='lat' dir='ltr'><strong>non</strong></span> <span class='ocrx_word' id='word_1_214' title='bbox 702 1669 744 1701; x_wconf 91' lang='lat' dir='ltr'><strong>de</strong></span> <span class='ocrx_word' id='word_1_215' title='bbox 766 1676 903 1712; x_wconf 84' lang='lat' dir='ltr'><strong>tempo-</strong></span> 
     </span>
     <span class='ocr_line' id='line_1_32' title="bbox 132 1715 904 1760; baseline -0.003 -12"><span class='ocrx_word' id='word_1_216' title='bbox 132 1727 205 1748; x_wconf 85' lang='lat' dir='ltr'><strong>rum</strong></span> <span class='ocrx_word' id='word_1_217' title='bbox 222 1716 351 1748; x_wconf 83' lang='lat' dir='ltr'><strong>ratione</strong></span> <span class='ocrx_word' id='word_1_218' title='bbox 368 1716 546 1760; x_wconf 86' lang='lat' dir='ltr'><strong>quaeritur,</strong></span> <span class='ocrx_word' id='word_1_219' title='bbox 568 1715 628 1747; x_wconf 89' lang='lat' dir='ltr'><strong>sed</strong></span> <span class='ocrx_word' id='word_1_220' title='bbox 640 1715 731 1759; x_wconf 88' lang='lat' dir='ltr'><strong>quasi</strong></span> <span class='ocrx_word' id='word_1_221' title='bbox 749 1722 904 1758; x_wconf 85' lang='lat' dir='ltr'><strong>praeter—</strong></span> 
     </span>
     <span class='ocr_line' id='line_1_33' title="bbox 133 1761 903 1794; baseline -0.001 -2"><span class='ocrx_word' id='word_1_222' title='bbox 133 1761 243 1794; x_wconf 85' lang='lat' dir='ltr'><strong>eundo</strong></span> <span class='ocrx_word' id='word_1_223' title='bbox 274 1768 403 1794; x_wconf 77' lang='lat' dir='ltr'><strong>tanturn</strong></span> <span class='ocrx_word' id='word_1_224' title='bbox 429 1761 515 1793; x_wconf 85' lang='lat' dir='ltr'><strong>Livii</strong></span> <span class='ocrx_word' id='word_1_225' title='bbox 546 1768 635 1793; x_wconf 78' lang='lat' dir='ltr'><strong>aetas</strong></span> <span class='ocrx_word' id='word_1_226' title='bbox 661 1771 903 1793; x_wconf 85' lang='lat' dir='ltr'><strong>commemora·</strong></span> 
     </span>
     <span class='ocr_line' id='line_1_34' title="bbox 132 1804 903 1850; baseline 0.001 -13"><span class='ocrx_word' id='word_1_227' title='bbox 132 1806 215 1838; x_wconf 81' lang='lat' dir='ltr'><strong>tur?</strong></span> <span class='ocrx_word' id='word_1_228' title='bbox 252 1808 367 1850; x_wconf 84' lang='lat' dir='ltr'><strong>Longe</strong></span> <span class='ocrx_word' id='word_1_229' title='bbox 392 1807 455 1839; x_wconf 86' lang='lat' dir='ltr'><strong>alia</strong></span> <span class='ocrx_word' id='word_1_230' title='bbox 477 1818 529 1839; x_wconf 85' lang='lat' dir='ltr'><strong>res</strong></span> <span class='ocrx_word' id='word_1_231' title='bbox 553 1813 604 1838; x_wconf 89' lang='lat' dir='ltr'><strong>est</strong></span> <span class='ocrx_word' id='word_1_232' title='bbox 626 1807 659 1838; x_wconf 91' lang='lat' dir='ltr'><strong>in</strong></span> <span class='ocrx_word' id='word_1_233' title='bbox 687 1808 788 1838; x_wconf 88' lang='lat' dir='ltr'><strong>Bruto</strong></span> <span class='ocrx_word' id='word_1_234' title='bbox 811 1805 833 1837; x_wconf 89' lang='lat' dir='ltr'><strong>l.</strong></span> <span class='ocrx_word' id='word_1_235' title='bbox 857 1804 903 1843; x_wconf 90' lang='lat' dir='ltr'><strong>d.‚</strong></span> 
     </span>
     <span class='ocr_line' id='line_1_35' title="bbox 134 1850 903 1895; baseline 0.001 -14"><span class='ocrx_word' id='word_1_236' title='bbox 134 1851 189 1883; x_wconf 87' lang='lat' dir='ltr'><strong>ubi</strong></span> <span class='ocrx_word' id='word_1_237' title='bbox 209 1851 251 1884; x_wconf 86' lang='lat' dir='ltr'><strong>de</strong></span> <span class='ocrx_word' id='word_1_238' title='bbox 270 1853 431 1884; x_wconf 83' lang='lat' dir='ltr'><strong>industria</strong></span> <span class='ocrx_word' id='word_1_239' title='bbox 453 1859 487 1884; x_wconf 85' lang='lat' dir='ltr'><strong>et</strong></span> <span class='ocrx_word' id='word_1_240' title='bbox 505 1852 619 1884; x_wconf 86' lang='lat' dir='ltr'><strong>dedita</strong></span> <span class='ocrx_word' id='word_1_241' title='bbox 642 1863 744 1895; x_wconf 89' lang='lat' dir='ltr'><strong>opera</strong></span> <span class='ocrx_word' id='word_1_242' title='bbox 762 1851 795 1882; x_wconf 91' lang='lat' dir='ltr'><strong>in</strong></span> <span class='ocrx_word' id='word_1_243' title='bbox 815 1850 903 1882; x_wconf 89' lang='lat' dir='ltr'><strong>Livii</strong></span> 
     </span>
     <span class='ocr_line' id='line_1_36' title="bbox 134 1896 904 1941; baseline 0 -14"><span class='ocrx_word' id='word_1_244' title='bbox 134 1903 278 1929; x_wconf 78' lang='lat' dir='ltr'><strong>aetatem</strong></span> <span class='ocrx_word' id='word_1_245' title='bbox 302 1898 486 1941; x_wconf 86' lang='lat' dir='ltr'><strong>inquiritur.</strong></span> <span class='ocrx_word' id='word_1_246' title='bbox 535 1897 614 1937; x_wconf 83' lang='lat' dir='ltr'><strong>Quis</strong></span> <span class='ocrx_word' id='word_1_247' title='bbox 638 1908 741 1940; x_wconf 89' lang='lat' dir='ltr'><strong>porro</strong></span> <span class='ocrx_word' id='word_1_248' title='bbox 764 1896 904 1928; x_wconf 89' lang='lat' dir='ltr'><strong>Cicero-</strong></span> 
     </span>
     <span class='ocr_line' id='line_1_37' title="bbox 133 1942 904 1985; baseline 0 -12"><span class='ocrx_word' id='word_1_249' title='bbox 133 1953 209 1973; x_wconf 88' lang='lat' dir='ltr'><strong>nem</strong></span> <span class='ocrx_word' id='word_1_250' title='bbox 229 1942 274 1974; x_wconf 87' lang='lat' dir='ltr'><strong>ita</strong></span> <span class='ocrx_word' id='word_1_251' title='bbox 294 1943 476 1974; x_wconf 86' lang='lat' dir='ltr'><strong>studiosum</strong></span> <span class='ocrx_word' id='word_1_252' title='bbox 495 1943 597 1974; x_wconf 83' lang='lat' dir='ltr'><strong>fuisse</strong></span> <span class='ocrx_word' id='word_1_253' title='bbox 612 1949 708 1985; x_wconf 86' lang='lat' dir='ltr'><strong>putet</strong></span> <span class='ocrx_word' id='word_1_254' title='bbox 726 1948 904 1974; x_wconf 84' lang='lat' dir='ltr'><strong>ostentan-</strong></span> 
     </span>
     <span class='ocr_line' id='line_1_38' title="bbox 133 1987 903 2031; baseline 0 -13"><span class='ocrx_word' id='word_1_255' title='bbox 133 1987 196 2018; x_wconf 84' lang='lat' dir='ltr'><strong>dae</strong></span> <span class='ocrx_word' id='word_1_256' title='bbox 218 1987 402 2025; x_wconf 82' lang='lat' dir='ltr'><strong>doctrinae,</strong></span> <span class='ocrx_word' id='word_1_257' title='bbox 427 1995 480 2025; x_wconf 90' lang='lat' dir='ltr'><strong>ut,</strong></span> <span class='ocrx_word' id='word_1_258' title='bbox 503 1995 723 2031; x_wconf 85' lang='lat' dir='ltr'><strong>posteaquam</strong></span> <span class='ocrx_word' id='word_1_259' title='bbox 744 1999 815 2019; x_wconf 89' lang='lat' dir='ltr'><strong>rem</strong></span> <span class='ocrx_word' id='word_1_260' title='bbox 837 1987 903 2018; x_wconf 91' lang='lat' dir='ltr'><strong>iam</strong></span> 
     </span>
     <span class='ocr_line' id='line_1_39' title="bbox 133 2032 903 2076; baseline 0.001 -13"><span class='ocrx_word' id='word_1_261' title='bbox 133 2032 212 2063; x_wconf 88' lang='lat' dir='ltr'><strong>alibi</strong></span> <span class='ocrx_word' id='word_1_262' title='bbox 233 2033 334 2065; x_wconf 83' lang='lat' dir='ltr'><strong>docte</strong></span> <span class='ocrx_word' id='word_1_263' title='bbox 359 2032 628 2076; x_wconf 79' lang='lat' dir='ltr'><strong>exprompsisset</strong></span> <span class='ocrx_word' id='word_1_264' title='bbox 651 2032 791 2064; x_wconf 86' lang='lat' dir='ltr'><strong>eandem</strong></span> <span class='ocrx_word' id='word_1_265' title='bbox 811 2032 903 2075; x_wconf 87' lang='lat' dir='ltr'><strong>quasi</strong></span> 
     </span>
     <span class='ocr_line' id='line_1_40' title="bbox 132 2077 901 2121; baseline 0 -12"><span class='ocrx_word' id='word_1_266' title='bbox 132 2085 299 2110; x_wconf 81' lang='lat' dir='ltr'><strong>recoctam</strong></span> <span class='ocrx_word' id='word_1_267' title='bbox 319 2079 439 2110; x_wconf 84' lang='lat' dir='ltr'><strong>iterum</strong></span> <span class='ocrx_word' id='word_1_268' title='bbox 471 2085 504 2109; x_wconf 87' lang='lat' dir='ltr'><strong>et</strong></span> <span class='ocrx_word' id='word_1_269' title='bbox 531 2077 665 2121; x_wconf 89' lang='lat' dir='ltr'><strong>quidem</strong></span> <span class='ocrx_word' id='word_1_270' title='bbox 686 2078 762 2109; x_wconf 92' lang='lat' dir='ltr'><strong>loco</strong></span> <span class='ocrx_word' id='word_1_271' title='bbox 786 2077 901 2120; x_wconf 82' lang='lat' dir='ltr'><strong>inepto</strong></span> 
     </span>
     <span class='ocr_line' id='line_1_41' title="bbox 133 2121 902 2166; baseline -0.001 -11"><span class='ocrx_word' id='word_1_272' title='bbox 133 2122 313 2155; x_wconf 82' lang='lat' dir='ltr'><strong>lectoribus</strong></span> <span class='ocrx_word' id='word_1_273' title='bbox 347 2135 537 2166; x_wconf 81' lang='lat' dir='ltr'><strong>proponere</strong></span> <span class='ocrx_word' id='word_1_274' title='bbox 572 2121 741 2154; x_wconf 70' lang='lat' dir='ltr'><strong>voluerit?</strong></span> <span class='ocrx_word' id='word_1_275' title='bbox 786 2124 902 2166; x_wconf 87' lang='lat' dir='ltr'><strong>Itaque</strong></span> 
     </span>
     <span class='ocr_line' id='line_1_42' title="bbox 134 2167 903 2212; baseline -0.003 -12"><span class='ocrx_word' id='word_1_276' title='bbox 134 2169 288 2212; x_wconf 88' lang='lat' dir='ltr'><strong>equidem</strong></span> <span class='ocrx_word' id='word_1_277' title='bbox 304 2181 373 2200; x_wconf 88' lang='lat' dir='ltr'><strong>non</strong></span> <span class='ocrx_word' id='word_1_278' title='bbox 391 2168 520 2209; x_wconf 87' lang='lat' dir='ltr'><strong>dubito,</strong></span> <span class='ocrx_word' id='word_1_279' title='bbox 546 2168 623 2211; x_wconf 91' lang='lat' dir='ltr'><strong>quin</strong></span> <span class='ocrx_word' id='word_1_280' title='bbox 641 2167 760 2199; x_wconf 75' lang='lat' dir='ltr'><strong>vterba</strong></span> <span class='ocrx_word' id='word_1_281' title='bbox 787 2171 841 2207; x_wconf 84' lang='lat' dir='ltr'><strong>qui</strong></span> <span class='ocrx_word' id='word_1_282' title='bbox 859 2186 903 2191; x_wconf 90' lang='lat'><strong>—-</strong></span> 
     </span>
     <span class='ocr_line' id='line_1_43' title="bbox 132 2211 904 2258; baseline -0.004 -13"><span class='ocrx_word' id='word_1_283' title='bbox 132 2216 290 2254; x_wconf 70' lang='lat' dir='ltr'><strong>Naevius,</strong></span> <span class='ocrx_word' id='word_1_284' title='bbox 326 2214 468 2258; x_wconf 89' lang='lat' dir='ltr'><strong>primum</strong></span> <span class='ocrx_word' id='word_1_285' title='bbox 489 2225 508 2245; x_wconf 93' lang='lat' dir='ltr'><strong>a</strong></span> <span class='ocrx_word' id='word_1_286' title='bbox 531 2214 737 2256; x_wconf 82' lang='lat' dir='ltr'><strong>glossatore,</strong></span> <span class='ocrx_word' id='word_1_287' title='bbox 763 2213 817 2255; x_wconf 81' lang='lat' dir='ltr'><strong>qui</strong></span> <span class='ocrx_word' id='word_1_288' title='bbox 838 2211 904 2243; x_wconf 89' lang='lat' dir='ltr'><strong>loci</strong></span> 
     </span>
     <span class='ocr_line' id='line_1_44' title="bbox 132 2258 902 2296; baseline -0.003 -6"><span class='ocrx_word' id='word_1_289' title='bbox 132 2258 246 2291; x_wconf 82' lang='lat' dir='ltr'><strong>dicti</strong></span> <span class='ocrx_word' id='word_1_290' title='bbox 237 2271 269 2290; x_wconf 89' lang='lat' dir='ltr'><strong>1n</strong></span> <span class='ocrx_word' id='word_1_291' title='bbox 289 2261 388 2290; x_wconf 85' lang='lat' dir='ltr'><strong>Bruto</strong></span> <span class='ocrx_word' id='word_1_292' title='bbox 408 2271 535 2290; x_wconf 88' lang='lat' dir='ltr'><strong>memor</strong></span> <span class='ocrx_word' id='word_1_293' title='bbox 556 2265 663 2296; x_wconf 88' lang='lat' dir='ltr'><strong>esset,</strong></span> <span class='ocrx_word' id='word_1_294' title='bbox 697 2258 739 2289; x_wconf 84' lang='lat' dir='ltr'><strong>ad</strong></span> <span class='ocrx_word' id='word_1_295' title='bbox 764 2269 902 2289; x_wconf 80' lang='lat' dir='ltr'><strong>accura-</strong></span> 
     </span>
     <span class='ocr_line' id='line_1_45' title="bbox 132 2302 904 2345; baseline -0.004 -9"><span class='ocrx_word' id='word_1_296' title='bbox 132 2305 198 2336; x_wconf 82' lang='lat' dir='ltr'><strong>tius</strong></span> <span class='ocrx_word' id='word_1_297' title='bbox 231 2304 451 2336; x_wconf 63' lang='lat' dir='ltr'><strong>definiendam</strong></span> <span class='ocrx_word' id='word_1_298' title='bbox 476 2304 563 2336; x_wconf 75' lang='lat' dir='ltr'><strong>Livii</strong></span> <span class='ocrx_word' id='word_1_299' title='bbox 587 2309 732 2335; x_wconf 86' lang='lat' dir='ltr'><strong>aetatem</strong></span> <span class='ocrx_word' id='word_1_300' title='bbox 764 2302 904 2345; x_wconf 80' lang='lat' dir='ltr'><strong>margini</strong></span> 
     </span>
     <span class='ocr_line' id='line_1_46' title="bbox 133 2347 903 2393; baseline -0.004 -12"><span class='ocrx_word' id='word_1_301' title='bbox 133 2350 321 2393; x_wconf 84' lang='lat' dir='ltr'><strong>adscripta,</strong></span> <span class='ocrx_word' id='word_1_302' title='bbox 355 2356 474 2392; x_wconf 82' lang='lat' dir='ltr'><strong>postea</strong></span> <span class='ocrx_word' id='word_1_303' title='bbox 504 2349 611 2381; x_wconf 86' lang='lat' dir='ltr'><strong>alieno</strong></span> <span class='ocrx_word' id='word_1_304' title='bbox 636 2348 713 2380; x_wconf 93' lang='lat' dir='ltr'><strong>loco</strong></span> <span class='ocrx_word' id='word_1_305' title='bbox 737 2347 772 2379; x_wconf 87' lang='lat' dir='ltr'><strong>in</strong></span> <span class='ocrx_word' id='word_1_306' title='bbox 796 2348 903 2391; x_wconf 87' lang='lat' dir='ltr'><strong>ipsum</strong></span> 
     </span>
     <span class='ocr_line' id='line_1_47' title="bbox 133 2393 739 2428; baseline -0.007 0"><span class='ocrx_word' id='word_1_307' title='bbox 133 2396 310 2428; x_wconf 82' lang='lat' dir='ltr'><strong>verborum</strong></span> <span class='ocrx_word' id='word_1_308' title='bbox 335 2395 486 2426; x_wconf 75' lang='lat' dir='ltr'><strong>ordinem</strong></span> <span class='ocrx_word' id='word_1_309' title='bbox 512 2394 638 2425; x_wconf 89' lang='lat' dir='ltr'><strong>adscita</strong></span> <span class='ocrx_word' id='word_1_310' title='bbox 662 2393 739 2424; x_wconf 87' lang='lat' dir='ltr'><strong>sint.</strong></span> 
     </span>
    </p>

    <p class='ocr_par' dir='ltr' id='par_1_10' title="bbox 131 2438 904 2800">
     <span class='ocr_line' id='line_1_48' title="bbox 201 2438 902 2481; baseline -0.006 -8"><span class='ocrx_word' id='word_1_311' title='bbox 201 2441 278 2473; x_wconf 74' lang='lat' dir='ltr'><strong>GAP.</strong></span> <span class='ocrx_word' id='word_1_312' title='bbox 294 2442 334 2473; x_wconf 91' lang='lat' dir='ltr'><strong>II.</strong></span> <span class='ocrx_word' id='word_1_313' title='bbox 358 2443 391 2472; x_wconf 74' lang='lat' dir='ltr'><strong>in</strong></span> <span class='ocrx_word' id='word_1_314' title='bbox 407 2441 599 2481; x_wconf 71' lang='grc' dir='ltr'><strong>Οτίρίηῐῡῑιε]</strong></span> <span class='ocrx_word' id='word_1_315' title='bbox 622 2438 756 2470; x_wconf 76' lang='lat' dir='ltr'><strong>Scilicet</strong></span> <span class='ocrx_word' id='word_1_316' title='bbox 769 2440 812 2470; x_wconf 84' lang='lat' dir='ltr'><strong>M.</strong></span> <span class='ocrx_word' id='word_1_317' title='bbox 823 2440 902 2471; x_wconf 87' lang='lat' dir='ltr'><strong>Por-</strong></span> 
     </span>
     <span class='ocr_line' id='line_1_49' title="bbox 133 2483 902 2530; baseline -0.009 -10"><span class='ocrx_word' id='word_1_318' title='bbox 133 2490 174 2520; x_wconf 79' lang='lat' dir='ltr'><strong>cii</strong></span> <span class='ocrx_word' id='word_1_319' title='bbox 193 2489 330 2527; x_wconf 69' lang='lat' dir='ltr'><strong>Catonis,</strong></span> <span class='ocrx_word' id='word_1_320' title='bbox 355 2485 410 2530; x_wconf 87' lang='lat' dir='ltr'><strong>qui</strong></span> <span class='ocrx_word' id='word_1_321' title='bbox 433 2492 568 2517; x_wconf 82' lang='lat' dir='ltr'><strong>auctore</strong></span> <span class='ocrx_word' id='word_1_322' title='bbox 593 2483 747 2516; x_wconf 83' lang='lat' dir='ltr'><strong>Cornelio</strong></span> <span class='ocrx_word' id='word_1_323' title='bbox 765 2484 902 2525; x_wconf 83' lang='lat' dir='ltr'><strong>Nepote</strong></span> 
     </span>
     <span class='ocr_line' id='line_1_50' title="bbox 131 2528 903 2564; baseline -0.006 0"><span class='ocrx_word' id='word_1_324' title='bbox 131 2534 166 2564; x_wconf 85' lang='lat' dir='ltr'><strong>in</strong></span> <span class='ocrx_word' id='word_1_325' title='bbox 181 2532 250 2564; x_wconf 84' lang='lat' dir='ltr'><strong>eius</strong></span> <span class='ocrx_word' id='word_1_326' title='bbox 268 2532 337 2564; x_wconf 76' lang='lat' dir='ltr'><strong>vita</strong></span> <span class='ocrx_word' id='word_1_327' title='bbox 359 2532 483 2563; x_wconf 80' lang='lat' dir='ltr'><strong>c.111.:</strong></span> <span class='ocrx_word' id='word_1_328' title='bbox 507 2541 607 2561; x_wconf 81' lang='lat' dir='ltr'><strong>senex</strong></span> <span class='ocrx_word' id='word_1_329' title='bbox 625 2529 770 2561; x_wconf 81' lang='lat' dir='ltr'><strong>seribere</strong></span> <span class='ocrx_word' id='word_1_330' title='bbox 790 2528 903 2560; x_wconf 86' lang='lat' dir='ltr'><strong>histo-</strong></span> 
     </span>
     <span class='ocr_line' id='line_1_51' title="bbox 132 2574 902 2620; baseline -0.008 -11"><span class='ocrx_word' id='word_1_331' title='bbox 132 2578 198 2610; x_wconf 84' lang='lat' dir='ltr'><strong>rias</strong></span> <span class='ocrx_word' id='word_1_332' title='bbox 218 2577 345 2610; x_wconf 78' lang='lat' dir='ltr'><strong>institu</strong></span> <span class='ocrx_word' id='word_1_333' title='bbox 339 2578 383 2616; x_wconf 85' lang='lat' dir='ltr'><strong>&#39;t‚</strong></span> <span class='ocrx_word' id='word_1_334' title='bbox 409 2587 547 2620; x_wconf 85' lang='lat' dir='ltr'><strong>quarum</strong></span> <span class='ocrx_word' id='word_1_335' title='bbox 567 2581 644 2607; x_wconf 88' lang='lat' dir='ltr'><strong>sunt</strong></span> <span class='ocrx_word' id='word_1_336' title='bbox 665 2574 740 2606; x_wconf 87' lang='lat' dir='ltr'><strong>libri</strong></span> <span class='ocrx_word' id='word_1_337' title='bbox 762 2580 902 2616; x_wconf 83' lang='lat' dir='ltr'><strong>septem.</strong></span> 
     </span>
     <span class='ocr_line' id='line_1_52' title="bbox 132 2619 903 2664; baseline -0.008 -9"><span class='ocrx_word' id='word_1_338' title='bbox 132 2623 259 2655; x_wconf 88' lang='lat' dir='ltr'><strong>Primus</strong></span> <span class='ocrx_word' id='word_1_339' title='bbox 284 2623 434 2655; x_wconf 80' lang='lat' dir='ltr'><strong>continet</strong></span> <span class='ocrx_word' id='word_1_340' title='bbox 454 2633 508 2653; x_wconf 90' lang='lat' dir='ltr'><strong>res</strong></span> <span class='ocrx_word' id='word_1_341' title='bbox 526 2627 634 2664; x_wconf 84' lang='lat' dir='ltr'><strong>gestas</strong></span> <span class='ocrx_word' id='word_1_342' title='bbox 658 2630 773 2662; x_wconf 88' lang='lat' dir='ltr'><strong>regum</strong></span> <span class='ocrx_word' id='word_1_343' title='bbox 796 2620 831 2650; x_wconf 87' lang='lat' dir='ltr'>P</span> <span class='ocrx_word' id='word_1_344' title='bbox 850 2619 903 2659; x_wconf 64' lang='lat' dir='ltr'><strong>R„</strong></span> 
     </span>
     <span class='ocr_line' id='line_1_53' title="bbox 135 2645 904 2708; baseline -0.007 -8.993"><span class='ocrx_word' id='word_1_345' title='bbox 135 2669 298 2701; x_wconf 77' lang='lat' dir='ltr'><strong>secundus</strong></span> <span class='ocrx_word' id='word_1_346' title='bbox 319 2675 351 2701; x_wconf 89' lang='lat' dir='ltr'><strong>et</strong></span> <span class='ocrx_word' id='word_1_347' title='bbox 367 2667 504 2707; x_wconf 80' lang='lat' dir='ltr'><strong>tertius,</strong></span> <span class='ocrx_word' id='word_1_348' title='bbox 526 2645 628 2697; x_wconf 67' lang='lat' dir='ltr'><strong>Dunde</strong></span> <span class='ocrx_word' id='word_1_349' title='bbox 648 2675 796 2708; x_wconf 87' lang='lat' dir='ltr'><strong>quaeque</strong></span> <span class='ocrx_word' id='word_1_350' title='bbox 820 2663 904 2695; x_wconf 92' lang='lat' dir='ltr'><strong>civi—-</strong></span> 
     </span>
     <span class='ocr_line' id='line_1_54' title="bbox 134 2711 904 2755; baseline -0.006 -10"><span class='ocrx_word' id='word_1_351' title='bbox 134 2720 184 2745; x_wconf 84' lang='lat' dir='ltr'><strong>tas</strong></span> <span class='ocrx_word' id='word_1_352' title='bbox 207 2720 280 2746; x_wconf 82' lang='lat' dir='ltr'><strong>orta</strong></span> <span class='ocrx_word' id='word_1_353' title='bbox 298 2714 341 2746; x_wconf 86' lang='lat' dir='ltr'><strong>sit</strong></span> <span class='ocrx_word' id='word_1_354' title='bbox 362 2713 488 2753; x_wconf 83' lang='lat' dir='ltr'><strong>Italica,</strong></span> <span class='ocrx_word' id='word_1_355' title='bbox 514 2711 556 2743; x_wconf 91' lang='lat' dir='ltr'><strong>ob</strong></span> <span class='ocrx_word' id='word_1_356' title='bbox 577 2722 675 2755; x_wconf 89' lang='lat' dir='ltr'><strong>quam</strong></span> <span class='ocrx_word' id='word_1_357' title='bbox 695 2721 766 2741; x_wconf 88' lang='lat' dir='ltr'><strong>rem</strong></span> <span class='ocrx_word' id='word_1_358' title='bbox 789 2720 904 2741; x_wconf 90' lang='lat' dir='ltr'><strong>omnes</strong></span> 
     </span>
     <span class='ocr_line' id='line_1_55' title="bbox 137 2757 728 2800; baseline -0.005 -10"><span class='ocrx_word' id='word_1_359' title='bbox 137 2760 280 2799; x_wconf 74' lang='lat' dir='ltr'><strong>Oriyines</strong></span> <span class='ocrx_word' id='word_1_360' title='bbox 305 2759 437 2791; x_wconf 84' lang='lat' dir='ltr'><strong>videtur</strong></span> <span class='ocrx_word' id='word_1_361' title='bbox 457 2757 641 2800; x_wconf 83' lang='lat' dir='ltr'><strong>appellasse</strong></span> <span class='ocrx_word' id='word_1_362' title='bbox 664 2762 728 2787; x_wconf 88' lang='lat' dir='ltr'><strong>etc.</strong></span> 
     </span>
    </p>

    <p class='ocr_par' dir='ltr' id='par_1_11' title="bbox 201 2799 903 2846">
     <span class='ocr_line' id='line_1_56' title="bbox 201 2799 903 2846; baseline -0.004 -12"><span class='ocrx_word' id='word_1_363' title='bbox 201 2806 235 2835; x_wconf 82' lang='lat' dir='ltr'><strong>in</strong></span> <span class='ocrx_word' id='word_1_364' title='bbox 259 2807 358 2845; x_wconf 79' lang='lat' dir='ltr'><strong>epulis</strong></span> <span class='ocrx_word' id='word_1_365' title='bbox 380 2802 504 2846; x_wconf 78' lang='lat' dir='ltr'><strong>cauere]</strong></span> <span class='ocrx_word' id='word_1_366' title='bbox 542 2801 593 2834; x_wconf 85' lang='lat' dir='ltr'><strong>Cf.</strong></span> <span class='ocrx_word' id='word_1_367' title='bbox 616 2801 704 2833; x_wconf 84' lang='lat' dir='ltr'><strong>infra</strong></span> <span class='ocrx_word' id='word_1_368' title='bbox 727 2800 784 2832; x_wconf 80' lang='lat' dir='ltr'><strong>IV.</strong></span> <span class='ocrx_word' id='word_1_369' title='bbox 803 2800 846 2839; x_wconf 83' lang='lat'><strong>2,</strong></span> <span class='ocrx_word' id='word_1_370' title='bbox 871 2799 903 2832; x_wconf 82' lang='lat'><strong>3.</strong></span> 
     </span>
    </p>

    <p class='ocr_par' dir='ltr' id='par_1_12' title="bbox 134 2845 906 3014">
     <span class='ocr_line' id='line_1_57' title="bbox 200 2845 904 2900; baseline -0.006 -21"><span class='ocrx_word' id='word_1_371' title='bbox 200 2849 270 2880; x_wconf 81' lang='lat' dir='ltr'><strong>huic</strong></span> <span class='ocrx_word' id='word_1_372' title='bbox 285 2849 403 2900; x_wconf 63' lang='lat' dir='ltr'><strong>qenes-i]</strong></span> <span class='ocrx_word' id='word_1_373' title='bbox 426 2850 546 2882; x_wconf 87' lang='lat' dir='ltr'><strong>Poetas</strong></span> <span class='ocrx_word' id='word_1_374' title='bbox 565 2845 801 2889; x_wconf 86' lang='lat' dir='ltr'><strong>intelligendos</strong></span> <span class='ocrx_word' id='word_1_375' title='bbox 821 2856 904 2886; x_wconf 84' lang='lat' dir='ltr'><strong>esse,</strong></span> 
     </span>
     <span class='ocr_line' id='line_1_58' title="bbox 136 2891 903 2936; baseline -0.003 -13"><span class='ocrx_word' id='word_1_376' title='bbox 136 2904 155 2921; x_wconf 69' lang='lat' dir='ltr'><strong>e</strong></span> <span class='ocrx_word' id='word_1_377' title='bbox 177 2894 390 2935; x_wconf 81' lang='lat' dir='ltr'><strong>sequentibus</strong></span> <span class='ocrx_word' id='word_1_378' title='bbox 423 2893 532 2926; x_wconf 60' lang='lat' dir='ltr'><strong>zerbis</strong></span> <span class='ocrx_word' id='word_1_379' title='bbox 564 2898 671 2936; x_wconf 83' lang='lat' dir='ltr'><strong>patet.</strong></span> <span class='ocrx_word' id='word_1_380' title='bbox 719 2891 774 2923; x_wconf 87' lang='lat' dir='ltr'><strong>Sic</strong></span> <span class='ocrx_word' id='word_1_381' title='bbox 806 2902 903 2922; x_wconf 80' lang='lat' dir='ltr'><strong>mox:</strong></span> 
     </span>
     <span class='ocr_line' id='line_1_59' title="bbox 136 2936 906 2982; baseline -0.003 -14"><span class='ocrx_word' id='word_1_382' title='bbox 136 2936 164 2967; x_wconf 75' lang='lat' dir='ltr'><strong>si</strong></span> <span class='ocrx_word' id='word_1_383' title='bbox 189 2937 244 2979; x_wconf 90' lang='lat' dir='ltr'><strong>qui</strong></span> <span class='ocrx_word' id='word_1_384' title='bbox 266 2939 392 2981; x_wconf 78' lang='lat' dir='ltr'><strong>magnis</strong></span> <span class='ocrx_word' id='word_1_385' title='bbox 418 2938 558 2982; x_wconf 78' lang='lat' dir='ltr'><strong>ingeniis</strong></span> <span class='ocrx_word' id='word_1_386' title='bbox 582 2938 616 2970; x_wconf 82' lang='lat' dir='ltr'><strong>in</strong></span> <span class='ocrx_word' id='word_1_387' title='bbox 641 2948 683 2970; x_wconf 86' lang='lat' dir='ltr'><strong>eo</strong></span> <span class='ocrx_word' id='word_1_388' title='bbox 703 2947 823 2980; x_wconf 75' lang='lat' dir='ltr'><strong>genere</strong></span> <span class='ocrx_word' id='word_1_389' title='bbox 846 2947 906 2967; x_wconf 74' lang='lat' dir='ltr'><strong>ex-</strong></span> 
     </span>
     <span class='ocr_line' id='line_1_60' title="bbox 134 2981 301 3014; baseline 0.006 -1"><span class='ocrx_word' id='word_1_390' title='bbox 134 2981 301 3014; x_wconf 83' lang='lat' dir='ltr'><strong>stiterunt.</strong></span> 
     </span>
    </p>
   </div>
   <div class='ocr_carea' id='block_1_10' title="bbox 935 940 1713 3024">
    <p class='ocr_par' dir='ltr' id='par_1_13' title="bbox 936 940 1709 1021">
     <span class='ocr_line' id='line_1_61' title="bbox 1001 940 1709 986; baseline -0.004 -10"><span class='ocrx_word' id='word_1_391' title='bbox 1001 944 1124 986; x_wconf 74' lang='lat' dir='ltr'><strong>poetas]</strong></span> <span class='ocrx_word' id='word_1_392' title='bbox 1145 942 1282 975; x_wconf 87' lang='lat' dir='ltr'><strong>Pluralis</strong></span> <span class='ocrx_word' id='word_1_393' title='bbox 1296 953 1450 974; x_wconf 86' lang='lat' dir='ltr'><strong>numerus</strong></span> <span class='ocrx_word' id='word_1_394' title='bbox 1465 940 1633 974; x_wconf 85' lang='lat' dir='ltr'><strong>invidiose</strong></span> <span class='ocrx_word' id='word_1_395' title='bbox 1647 952 1709 984; x_wconf 91' lang='lat' dir='ltr'><strong>po-</strong></span> 
     </span>
     <span class='ocr_line' id='line_1_62' title="bbox 936 990 1109 1021; baseline -0.006 0"><span class='ocrx_word' id='word_1_396' title='bbox 936 990 1017 1021; x_wconf 86' lang='lat' dir='ltr'><strong>situs</strong></span> <span class='ocrx_word' id='word_1_397' title='bbox 1048 995 1109 1020; x_wconf 86' lang='lat' dir='ltr'><strong>est.</strong></span> 
     </span>
    </p>

    <p class='ocr_par' dir='ltr' id='par_1_14' title="bbox 935 1031 1712 1894">
     <span class='ocr_line' id='line_1_63' title="bbox 1005 1031 1711 1076; baseline -0.006 -10"><span class='ocrx_word' id='word_1_398' title='bbox 1005 1036 1140 1066; x_wconf 75' lang='lat' dir='ltr'><strong>duxerat</strong></span> <span class='ocrx_word' id='word_1_399' title='bbox 1168 1032 1286 1076; x_wconf 80' lang='lat' dir='ltr'><strong>autem]</strong></span> <span class='ocrx_word' id='word_1_400' title='bbox 1321 1031 1507 1064; x_wconf 84' lang='lat' dir='ltr'><strong>Particulae</strong></span> <span class='ocrx_word' id='word_1_401' title='bbox 1538 1035 1644 1064; x_wconf 80' lang='lat' dir='ltr'><strong>autem</strong></span> <span class='ocrx_word' id='word_1_402' title='bbox 1676 1037 1711 1062; x_wconf 89' lang='lat' dir='ltr'><strong>et</strong></span> 
     </span>
     <span class='ocr_line' id='line_1_64' title="bbox 937 1076 1708 1122; baseline -0.004 -12"><span class='ocrx_word' id='word_1_403' title='bbox 937 1079 977 1114; x_wconf 81' lang='grc' dir='ltr'><strong>δέ</strong></span> <span class='ocrx_word' id='word_1_404' title='bbox 1006 1079 1195 1122; x_wconf 74' lang='lat' dir='ltr'><strong>s·1epissime</strong></span> <span class='ocrx_word' id='word_1_405' title='bbox 1225 1078 1290 1110; x_wconf 91' lang='lat' dir='ltr'><strong>vim</strong></span> <span class='ocrx_word' id='word_1_406' title='bbox 1309 1078 1433 1110; x_wconf 90' lang='lat' dir='ltr'><strong>habere</strong></span> <span class='ocrx_word' id='word_1_407' title='bbox 1454 1076 1609 1109; x_wconf 90' lang='lat' dir='ltr'><strong>videntur</strong></span> <span class='ocrx_word' id='word_1_408' title='bbox 1628 1088 1708 1120; x_wconf 87' lang='lat' dir='ltr'><strong>par-</strong></span> 
     </span>
     <span class='ocr_line' id='line_1_65' title="bbox 937 1120 1709 1167; baseline -0.004 -11"><span class='ocrx_word' id='word_1_409' title='bbox 937 1125 1109 1157; x_wconf 73' lang='lat' dir='ltr'><strong>ticularum</strong></span> <span class='ocrx_word' id='word_1_410' title='bbox 1129 1127 1211 1156; x_wconf 83' lang='lat' dir='ltr'><strong>enim</strong></span> <span class='ocrx_word' id='word_1_411' title='bbox 1231 1131 1264 1155; x_wconf 91' lang='lat' dir='ltr'><strong>et</strong></span> <span class='ocrx_word' id='word_1_412' title='bbox 1283 1120 1358 1167; x_wconf 78' lang='grc' dir='ltr'><strong>γάο.</strong></span> <span class='ocrx_word' id='word_1_413' title='bbox 1397 1126 1439 1155; x_wconf 79' lang='lat' dir='ltr'><strong>At</strong></span> <span class='ocrx_word' id='word_1_414' title='bbox 1457 1122 1612 1154; x_wconf 85' lang='lat' dir='ltr'><strong>videntur</strong></span> <span class='ocrx_word' id='word_1_415' title='bbox 1628 1128 1709 1154; x_wconf 90' lang='lat' dir='ltr'><strong>tan—</strong></span> 
     </span>
     <span class='ocr_line' id='line_1_66' title="bbox 936 1167 1708 1211; baseline -0.003 -9"><span class='ocrx_word' id='word_1_416' title='bbox 936 1178 1017 1202; x_wconf 87' lang='lat' dir='ltr'><strong>tum.</strong></span> <span class='ocrx_word' id='word_1_417' title='bbox 1069 1169 1119 1201; x_wconf 81' lang='lat' dir='ltr'><strong>Cf.</strong></span> <span class='ocrx_word' id='word_1_418' title='bbox 1154 1181 1214 1201; x_wconf 88' lang='lat' dir='ltr'><strong>nos</strong></span> <span class='ocrx_word' id='word_1_419' title='bbox 1246 1169 1279 1200; x_wconf 84' lang='lat' dir='ltr'><strong>in</strong></span> <span class='ocrx_word' id='word_1_420' title='bbox 1311 1169 1369 1200; x_wconf 90' lang='lat' dir='ltr'><strong>Gr.</strong></span> <span class='ocrx_word' id='word_1_421' title='bbox 1392 1169 1434 1200; x_wconf 89' lang='lat' dir='ltr'><strong>L.</strong></span> <span class='ocrx_word' id='word_1_422' title='bbox 1459 1167 1586 1211; x_wconf 73' lang='grc'>,6.136,</span> <span class='ocrx_word' id='word_1_423' title='bbox 1612 1169 1644 1200; x_wconf 78' lang='lat'><strong>2.</strong></span> <span class='ocrx_word' id='word_1_424' title='bbox 1674 1167 1708 1203; x_wconf 68' lang='lat' dir='ltr'><strong>4l</strong></span> 
     </span>
     <span class='ocr_line' id='line_1_67' title="bbox 938 1207 1709 1259; baseline -0.003 -13"><span class='ocrx_word' id='word_1_425' title='bbox 938 1228 970 1259; x_wconf 91' lang='lat' dir='ltr'><strong>p.</strong></span> <span class='ocrx_word' id='word_1_426' title='bbox 986 1213 1063 1248; x_wconf 75' lang='grc'><strong>344.</strong></span> <span class='ocrx_word' id='word_1_427' title='bbox 1098 1214 1150 1246; x_wconf 90' lang='lat' dir='ltr'><strong>ed.</strong></span> <span class='ocrx_word' id='word_1_428' title='bbox 1173 1215 1206 1246; x_wconf 88' lang='grc'><strong>2.</strong></span> <span class='ocrx_word' id='word_1_429' title='bbox 1264 1213 1377 1245; x_wconf 85' lang='lat' dir='ltr'><strong>Veluti</strong></span> <span class='ocrx_word' id='word_1_430' title='bbox 1407 1213 1441 1245; x_wconf 89' lang='lat' dir='ltr'><strong>h.</strong></span> <span class='ocrx_word' id='word_1_431' title='bbox 1461 1207 1508 1250; x_wconf 81' lang='grc'><strong>1.,</strong></span> <span class='ocrx_word' id='word_1_432' title='bbox 1543 1212 1570 1244; x_wconf 89' lang='lat' dir='ltr'><strong>si</strong></span> <span class='ocrx_word' id='word_1_433' title='bbox 1593 1212 1709 1244; x_wconf 85' lang='lat' dir='ltr'><strong>Cicero</strong></span> 
     </span>
     <span class='ocr_line' id='line_1_68' title="bbox 937 1258 1708 1296; baseline -0.004 -5"><span class='ocrx_word' id='word_1_434' title='bbox 937 1260 1073 1292; x_wconf 84' lang='lat' dir='ltr'><strong>dixisset</strong></span> <span class='ocrx_word' id='word_1_435' title='bbox 1105 1262 1240 1292; x_wconf 77' lang='lat' dir='ltr'><strong>duxerat</strong></span> <span class='ocrx_word' id='word_1_436' title='bbox 1266 1262 1348 1291; x_wconf 82' lang='lat' dir='ltr'><strong>enim</strong></span> <span class='ocrx_word' id='word_1_437' title='bbox 1373 1265 1457 1296; x_wconf 90' lang='lat' dir='ltr'><strong>etc.‚</strong></span> <span class='ocrx_word' id='word_1_438' title='bbox 1495 1258 1579 1289; x_wconf 88' lang='lat' dir='ltr'><strong>haec</strong></span> <span class='ocrx_word' id='word_1_439' title='bbox 1602 1269 1708 1289; x_wconf 76' lang='lat' dir='ltr'><strong>enun-</strong></span> 
     </span>
     <span class='ocr_line' id='line_1_69' title="bbox 935 1303 1708 1347; baseline -0.004 -10"><span class='ocrx_word' id='word_1_440' title='bbox 935 1305 1032 1338; x_wconf 88' lang='lat' dir='ltr'><strong>tiatio</strong></span> <span class='ocrx_word' id='word_1_441' title='bbox 1056 1305 1179 1336; x_wconf 83' lang='lat' dir='ltr'><strong>nullam</strong></span> <span class='ocrx_word' id='word_1_442' title='bbox 1203 1305 1301 1336; x_wconf 88' lang='lat' dir='ltr'><strong>aliam</strong></span> <span class='ocrx_word' id='word_1_443' title='bbox 1322 1304 1389 1336; x_wconf 82' lang='lat' dir='ltr'><strong>vim</strong></span> <span class='ocrx_word' id='word_1_444' title='bbox 1410 1303 1572 1342; x_wconf 86' lang='lat' dir='ltr'><strong>haberet,</strong></span> <span class='ocrx_word' id='word_1_445' title='bbox 1609 1314 1708 1347; x_wconf 88' lang='lat' dir='ltr'><strong>quam</strong></span> 
     </span>
     <span class='ocr_line' id='line_1_70' title="bbox 937 1347 1708 1394; baseline -0.004 -11"><span class='ocrx_word' id='word_1_446' title='bbox 937 1358 973 1383; x_wconf 85' lang='lat' dir='ltr'><strong>ut</strong></span> <span class='ocrx_word' id='word_1_447' title='bbox 1009 1361 1235 1394; x_wconf 83' lang='lat' dir='ltr'><strong>praegressam</strong></span> <span class='ocrx_word' id='word_1_448' title='bbox 1270 1349 1471 1382; x_wconf 87' lang='lat' dir='ltr'><strong>sententiam</strong></span> <span class='ocrx_word' id='word_1_449' title='bbox 1506 1347 1708 1392; x_wconf 81' lang='lat' dir='ltr'><strong>explicaret;</strong></span> 
     </span>
     <span class='ocr_line' id='line_1_71' title="bbox 937 1394 1710 1440; baseline -0.004 -12"><span class='ocrx_word' id='word_1_450' title='bbox 937 1408 1037 1440; x_wconf 90' lang='lat' dir='ltr'><strong>quum</strong></span> <span class='ocrx_word' id='word_1_451' title='bbox 1052 1407 1131 1428; x_wconf 88' lang='lat' dir='ltr'><strong>vero</strong></span> <span class='ocrx_word' id='word_1_452' title='bbox 1148 1396 1283 1439; x_wconf 84' lang='lat' dir='ltr'><strong>ponitur</strong></span> <span class='ocrx_word' id='word_1_453' title='bbox 1302 1399 1418 1436; x_wconf 70' lang='lat' dir='ltr'><strong>autem,</strong></span> <span class='ocrx_word' id='word_1_454' title='bbox 1439 1394 1621 1426; x_wconf 85' lang='lat' dir='ltr'><strong>enuntiatio</strong></span> <span class='ocrx_word' id='word_1_455' title='bbox 1642 1405 1710 1426; x_wconf 90' lang='lat' dir='ltr'><strong>non</strong></span> 
     </span>
     <span class='ocr_line' id='line_1_72' title="bbox 936 1439 1709 1485; baseline -0.003 -12"><span class='ocrx_word' id='word_1_456' title='bbox 936 1442 1045 1474; x_wconf 89' lang='lat' dir='ltr'><strong>solum</strong></span> <span class='ocrx_word' id='word_1_457' title='bbox 1078 1441 1307 1485; x_wconf 75' lang='lat' dir='ltr'><strong>explicationis</strong></span> <span class='ocrx_word' id='word_1_458' title='bbox 1330 1452 1444 1473; x_wconf 84' lang='lat' dir='ltr'><strong>caussa</strong></span> <span class='ocrx_word' id='word_1_459' title='bbox 1469 1439 1622 1483; x_wconf 86' lang='lat' dir='ltr'><strong>apposita</strong></span> <span class='ocrx_word' id='word_1_460' title='bbox 1647 1445 1709 1479; x_wconf 88' lang='lat' dir='ltr'><strong>est,</strong></span> 
     </span>
     <span class='ocr_line' id='line_1_73' title="bbox 937 1484 1711 1530; baseline -0.004 -11"><span class='ocrx_word' id='word_1_461' title='bbox 937 1487 996 1519; x_wconf 89' lang='lat' dir='ltr'><strong>sed</strong></span> <span class='ocrx_word' id='word_1_462' title='bbox 1012 1499 1133 1519; x_wconf 89' lang='lat' dir='ltr'><strong>novam</strong></span> <span class='ocrx_word' id='word_1_463' title='bbox 1150 1487 1246 1519; x_wconf 90' lang='lat' dir='ltr'><strong>simul</strong></span> <span class='ocrx_word' id='word_1_464' title='bbox 1263 1485 1539 1530; x_wconf 86' lang='lat' dir='ltr'><strong>praecedentibus</strong></span> <span class='ocrx_word' id='word_1_465' title='bbox 1559 1484 1711 1528; x_wconf 86' lang='lat' dir='ltr'><strong>adiungit</strong></span> 
     </span>
     <span class='ocr_line' id='line_1_74' title="bbox 939 1530 1710 1576; baseline -0.004 -12"><span class='ocrx_word' id='word_1_466' title='bbox 939 1533 1152 1573; x_wconf 86' lang='lat' dir='ltr'><strong>sententiam,</strong></span> <span class='ocrx_word' id='word_1_467' title='bbox 1177 1544 1260 1576; x_wconf 90' lang='lat' dir='ltr'><strong>quae</strong></span> <span class='ocrx_word' id='word_1_468' title='bbox 1280 1544 1347 1565; x_wconf 91' lang='lat' dir='ltr'><strong>non</strong></span> <span class='ocrx_word' id='word_1_469' title='bbox 1370 1530 1582 1563; x_wconf 82' lang='lat' dir='ltr'><strong>antecedenti</strong></span> <span class='ocrx_word' id='word_1_470' title='bbox 1602 1542 1710 1562; x_wconf 85' lang='lat' dir='ltr'><strong>enun-</strong></span> 
     </span>
     <span class='ocr_line' id='line_1_75' title="bbox 936 1575 1710 1621; baseline -0.003 -12"><span class='ocrx_word' id='word_1_471' title='bbox 936 1578 971 1610; x_wconf 90' lang='lat' dir='ltr'><strong>ti</strong></span> <span class='ocrx_word' id='word_1_472' title='bbox 966 1578 1070 1610; x_wconf 69' lang='lat' dir='ltr'><strong>itioni</strong></span> <span class='ocrx_word' id='word_1_473' title='bbox 1087 1578 1234 1610; x_wconf 87' lang='lat' dir='ltr'><strong>subiecta</strong></span> <span class='ocrx_word' id='word_1_474' title='bbox 1253 1584 1314 1617; x_wconf 88' lang='lat' dir='ltr'><strong>est,</strong></span> <span class='ocrx_word' id='word_1_475' title='bbox 1335 1577 1395 1609; x_wconf 87' lang='lat' dir='ltr'><strong>sed</strong></span> <span class='ocrx_word' id='word_1_476' title='bbox 1410 1575 1586 1621; x_wconf 85' lang='lat' dir='ltr'><strong>primariae</strong></span> <span class='ocrx_word' id='word_1_477' title='bbox 1601 1587 1710 1608; x_wconf 85' lang='lat' dir='ltr'><strong>enun-</strong></span> 
     </span>
     <span class='ocr_line' id='line_1_76' title="bbox 936 1621 1710 1666; baseline -0.003 -11"><span class='ocrx_word' id='word_1_478' title='bbox 936 1623 1086 1656; x_wconf 64' lang='lat' dir='ltr'><strong>tiitionis</strong></span> <span class='ocrx_word' id='word_1_479' title='bbox 1122 1624 1188 1655; x_wconf 91' lang='lat' dir='ltr'><strong>vim</strong></span> <span class='ocrx_word' id='word_1_480' title='bbox 1225 1630 1327 1666; x_wconf 87' lang='lat' dir='ltr'><strong>atque</strong></span> <span class='ocrx_word' id='word_1_481' title='bbox 1367 1622 1564 1666; x_wconf 85' lang='lat' dir='ltr'><strong>dignitatem</strong></span> <span class='ocrx_word' id='word_1_482' title='bbox 1595 1621 1710 1653; x_wconf 87' lang='lat' dir='ltr'><strong>habet.</strong></span> 
     </span>
     <span class='ocr_line' id='line_1_77' title="bbox 939 1666 1712 1710; baseline -0.003 -10"><span class='ocrx_word' id='word_1_483' title='bbox 939 1670 991 1701; x_wconf 81' lang='lat' dir='ltr'><strong>Cf.</strong></span> <span class='ocrx_word' id='word_1_484' title='bbox 1019 1681 1046 1701; x_wconf 90' lang='lat' dir='ltr'><strong>c.</strong></span> <span class='ocrx_word' id='word_1_485' title='bbox 1069 1668 1112 1708; x_wconf 84' lang='lat'><strong>3,</strong></span> <span class='ocrx_word' id='word_1_486' title='bbox 1137 1668 1176 1702; x_wconf 83' lang='lat'><strong>6:</strong></span> <span class='ocrx_word' id='word_1_487' title='bbox 1201 1668 1297 1701; x_wconf 90' lang='lat' dir='ltr'><strong>multi</strong></span> <span class='ocrx_word' id='word_1_488' title='bbox 1319 1668 1394 1700; x_wconf 83' lang='lat' dir='ltr'><strong>libri</strong></span> <span class='ocrx_word' id='word_1_489' title='bbox 1419 1667 1575 1700; x_wconf 88' lang='lat' dir='ltr'><strong>dicuntur</strong></span> <span class='ocrx_word' id='word_1_490' title='bbox 1595 1666 1712 1710; x_wconf 83' lang='lat' dir='ltr'><strong>scripti</strong></span> 
     </span>
     <span class='ocr_line' id='line_1_78' title="bbox 936 1711 1712 1757; baseline -0.003 -11"><span class='ocrx_word' id='word_1_491' title='bbox 936 1713 1203 1754; x_wconf 85' lang='lat' dir='ltr'><strong>inconsiderate,</strong></span> <span class='ocrx_word' id='word_1_492' title='bbox 1241 1714 1282 1746; x_wconf 89' lang='lat' dir='ltr'><strong>ab</strong></span> <span class='ocrx_word' id='word_1_493' title='bbox 1317 1713 1451 1757; x_wconf 84' lang='lat' dir='ltr'><strong>optimis</strong></span> <span class='ocrx_word' id='word_1_494' title='bbox 1481 1712 1546 1745; x_wconf 90' lang='lat' dir='ltr'><strong>illis</strong></span> <span class='ocrx_word' id='word_1_495' title='bbox 1577 1711 1712 1756; x_wconf 90' lang='lat' dir='ltr'><strong>quidem</strong></span> 
     </span>
     <span class='ocr_line' id='line_1_79' title="bbox 937 1758 1712 1799; baseline -0.004 -7"><span class='ocrx_word' id='word_1_496' title='bbox 937 1760 1036 1799; x_wconf 88' lang='lat' dir='ltr'><strong>viris,</strong></span> <span class='ocrx_word' id='word_1_497' title='bbox 1062 1760 1121 1791; x_wconf 90' lang='lat' dir='ltr'><strong>sed</strong></span> <span class='ocrx_word' id='word_1_498' title='bbox 1141 1771 1208 1791; x_wconf 90' lang='lat' dir='ltr'><strong>non</strong></span> <span class='ocrx_word' id='word_1_499' title='bbox 1230 1759 1308 1791; x_wconf 86' lang='lat' dir='ltr'><strong>satis</strong></span> <span class='ocrx_word' id='word_1_500' title='bbox 1332 1758 1490 1796; x_wconf 88' lang='lat' dir='ltr'><strong>eruditis;</strong></span> <span class='ocrx_word' id='word_1_501' title='bbox 1516 1758 1587 1790; x_wconf 83' lang='lat' dir='ltr'><strong>fieri</strong></span> <span class='ocrx_word' id='word_1_502' title='bbox 1606 1761 1712 1790; x_wconf 81' lang='lat' dir='ltr'><strong>aulem</strong></span> 
     </span>
     <span class='ocr_line' id='line_1_80' title="bbox 938 1802 1710 1849; baseline -0.003 -12"><span class='ocrx_word' id='word_1_503' title='bbox 938 1811 1062 1849; x_wconf 90' lang='lat' dir='ltr'><strong>potest,</strong></span> <span class='ocrx_word' id='word_1_504' title='bbox 1083 1812 1121 1837; x_wconf 91' lang='lat' dir='ltr'><strong>ut</strong></span> <span class='ocrx_word' id='word_1_505' title='bbox 1139 1811 1231 1837; x_wconf 89' lang='lat' dir='ltr'><strong>recte</strong></span> <span class='ocrx_word' id='word_1_506' title='bbox 1249 1804 1320 1848; x_wconf 87' lang='lat' dir='ltr'><strong>quis</strong></span> <span class='ocrx_word' id='word_1_507' title='bbox 1340 1804 1476 1842; x_wconf 83' lang='lat' dir='ltr'><strong>sentiat,</strong></span> <span class='ocrx_word' id='word_1_508' title='bbox 1497 1810 1530 1835; x_wconf 91' lang='lat' dir='ltr'><strong>et</strong></span> <span class='ocrx_word' id='word_1_509' title='bbox 1547 1803 1594 1845; x_wconf 87' lang='lat' dir='ltr'><strong>id,</strong></span> <span class='ocrx_word' id='word_1_510' title='bbox 1617 1802 1710 1847; x_wconf 87' lang='lat' dir='ltr'><strong>quod</strong></span> 
     </span>
     <span class='ocr_line' id='line_1_81' title="bbox 937 1849 1558 1894; baseline -0.005 -11"><span class='ocrx_word' id='word_1_511' title='bbox 937 1851 1059 1890; x_wconf 82' lang='lat' dir='ltr'><strong>sentit,</strong></span> <span class='ocrx_word' id='word_1_512' title='bbox 1086 1850 1190 1894; x_wconf 89' lang='lat' dir='ltr'><strong>polite</strong></span> <span class='ocrx_word' id='word_1_513' title='bbox 1215 1849 1327 1893; x_wconf 88' lang='lat' dir='ltr'><strong>eloqui</strong></span> <span class='ocrx_word' id='word_1_514' title='bbox 1350 1861 1415 1881; x_wconf 91' lang='lat' dir='ltr'><strong>non</strong></span> <span class='ocrx_word' id='word_1_515' title='bbox 1440 1849 1558 1893; x_wconf 89' lang='lat' dir='ltr'><strong>possit.</strong></span> 
     </span>
    </p>

    <p class='ocr_par' dir='ltr' id='par_1_15' title="bbox 935 1894 1712 2573">
     <span class='ocr_line' id='line_1_82' title="bbox 1004 1894 1709 1939; baseline -0.003 -11"><span class='ocrx_word' id='word_1_516' title='bbox 1004 1907 1060 1929; x_wconf 78' lang='lat' dir='ltr'><strong>nec</strong></span> <span class='ocrx_word' id='word_1_517' title='bbox 1082 1901 1186 1928; x_wconf 74' lang='lat' dir='ltr'><strong>tamen</strong></span> <span class='ocrx_word' id='word_1_518' title='bbox 1209 1915 1254 1920; x_wconf 91' lang='lat'><strong>—-</strong></span> <span class='ocrx_word' id='word_1_519' title='bbox 1276 1895 1352 1939; x_wconf 79' lang='lat' dir='ltr'><strong>non]</strong></span> <span class='ocrx_word' id='word_1_520' title='bbox 1388 1894 1624 1926; x_wconf 82' lang='lat' dir='ltr'><strong>Particularum</strong></span> <span class='ocrx_word' id='word_1_521' title='bbox 1653 1903 1709 1927; x_wconf 76' lang='lat' dir='ltr'><strong>‘nec</strong></span> 
     </span>
     <span class='ocr_line' id='line_1_83' title="bbox 935 1939 1710 1985; baseline -0.005 -11"><span class='ocrx_word' id='word_1_522' title='bbox 935 1953 999 1975; x_wconf 74' lang='lat' dir='ltr'><strong>non</strong></span> <span class='ocrx_word' id='word_1_523' title='bbox 1020 1941 1063 1974; x_wconf 88' lang='lat' dir='ltr'><strong>ad</strong></span> <span class='ocrx_word' id='word_1_524' title='bbox 1088 1940 1272 1985; x_wconf 89' lang='lat' dir='ltr'><strong>copulanda</strong></span> <span class='ocrx_word' id='word_1_525' title='bbox 1304 1939 1434 1983; x_wconf 86' lang='lat' dir='ltr'><strong>singula</strong></span> <span class='ocrx_word' id='word_1_526' title='bbox 1455 1939 1592 1972; x_wconf 87' lang='lat' dir='ltr'><strong>nomina</strong></span> <span class='ocrx_word' id='word_1_527' title='bbox 1622 1950 1710 1978; x_wconf 90' lang='lat' dir='ltr'><strong>usus,</strong></span> 
     </span>
     <span class='ocr_line' id='line_1_84' title="bbox 938 1987 1711 2028; baseline -0.004 -9"><span class='ocrx_word' id='word_1_528' title='bbox 938 1994 993 2019; x_wconf 86' lang='lat' dir='ltr'><strong>ut:</strong></span> <span class='ocrx_word' id='word_1_529' title='bbox 1027 1991 1119 2028; x_wconf 70' lang='lat' dir='ltr'><strong>pater</strong></span> <span class='ocrx_word' id='word_1_530' title='bbox 1139 1998 1194 2019; x_wconf 81' lang='lat' dir='ltr'><strong>nec</strong></span> <span class='ocrx_word' id='word_1_531' title='bbox 1217 1997 1278 2019; x_wconf 78' lang='lat' dir='ltr'><strong>non</strong></span> <span class='ocrx_word' id='word_1_532' title='bbox 1301 1988 1405 2027; x_wconf 83' lang='lat' dir='ltr'><strong>filius,</strong></span> <span class='ocrx_word' id='word_1_533' title='bbox 1439 1987 1548 2017; x_wconf 82' lang='lat' dir='ltr'><strong>doctus</strong></span> <span class='ocrx_word' id='word_1_534' title='bbox 1570 1994 1626 2017; x_wconf 76' lang='lat' dir='ltr'><strong>‘nec</strong></span> <span class='ocrx_word' id='word_1_535' title='bbox 1647 1995 1711 2016; x_wconf 81' lang='lat' dir='ltr'><strong>non</strong></span> 
     </span>
     <span class='ocr_line' id='line_1_85' title="bbox 937 2030 1710 2076; baseline -0.005 -11"><span class='ocrx_word' id='word_1_536' title='bbox 937 2035 1034 2065; x_wconf 84' lang='lat' dir='ltr'><strong>bonus</strong></span> <span class='ocrx_word' id='word_1_537' title='bbox 1059 2032 1148 2076; x_wconf 90' lang='lat' dir='ltr'><strong>apud</strong></span> <span class='ocrx_word' id='word_1_538' title='bbox 1166 2034 1351 2064; x_wconf 85' lang='lat' dir='ltr'><strong>Varronem</strong></span> <span class='ocrx_word' id='word_1_539' title='bbox 1370 2030 1514 2074; x_wconf 89' lang='lat' dir='ltr'><strong>quidem,</strong></span> <span class='ocrx_word' id='word_1_540' title='bbox 1538 2037 1656 2073; x_wconf 86' lang='lat' dir='ltr'><strong>poetas</strong></span> <span class='ocrx_word' id='word_1_541' title='bbox 1675 2035 1710 2061; x_wconf 86' lang='lat' dir='ltr'><strong>et</strong></span> 
     </span>
     <span class='ocr_line' id='line_1_86' title="bbox 938 2075 1710 2121; baseline -0.006 -11"><span class='ocrx_word' id='word_1_542' title='bbox 938 2078 1132 2121; x_wconf 81' lang='lat' dir='ltr'><strong>posterioris</strong></span> <span class='ocrx_word' id='word_1_543' title='bbox 1167 2077 1285 2110; x_wconf 88' lang='lat' dir='ltr'><strong>aetatis</strong></span> <span class='ocrx_word' id='word_1_544' title='bbox 1319 2076 1496 2119; x_wconf 88' lang='lat' dir='ltr'><strong>scriptores</strong></span> <span class='ocrx_word' id='word_1_545' title='bbox 1534 2075 1710 2118; x_wconf 82' lang='lat' dir='ltr'><strong>reperitur,</strong></span> 
     </span>
     <span class='ocr_line' id='line_1_87' title="bbox 938 2120 1710 2166; baseline -0.005 -11"><span class='ocrx_word' id='word_1_546' title='bbox 938 2123 1027 2166; x_wconf 86' lang='lat' dir='ltr'><strong>apud</strong></span> <span class='ocrx_word' id='word_1_547' title='bbox 1052 2124 1246 2156; x_wconf 89' lang='lat' dir='ltr'><strong>Ciceronem</strong></span> <span class='ocrx_word' id='word_1_548' title='bbox 1276 2133 1454 2165; x_wconf 88' lang='lat' dir='ltr'><strong>nunquam.</strong></span> <span class='ocrx_word' id='word_1_549' title='bbox 1503 2121 1601 2164; x_wconf 86' lang='lat' dir='ltr'><strong>Apud</strong></span> <span class='ocrx_word' id='word_1_550' title='bbox 1620 2120 1710 2152; x_wconf 85' lang='lat' dir='ltr'><strong>hunc</strong></span> 
     </span>
     <span class='ocr_line' id='line_1_88' title="bbox 939 2165 1711 2211; baseline -0.003 -12"><span class='ocrx_word' id='word_1_551' title='bbox 939 2168 1027 2199; x_wconf 84' lang='lat' dir='ltr'><strong>enim</strong></span> <span class='ocrx_word' id='word_1_552' title='bbox 1062 2168 1124 2200; x_wconf 85' lang='lat' dir='ltr'><strong>hae</strong></span> <span class='ocrx_word' id='word_1_553' title='bbox 1169 2167 1352 2211; x_wconf 81' lang='lat' dir='ltr'><strong>particulae</strong></span> <span class='ocrx_word' id='word_1_554' title='bbox 1389 2166 1494 2200; x_wconf 85' lang='lat' dir='ltr'><strong>ubivis</strong></span> <span class='ocrx_word' id='word_1_555' title='bbox 1526 2165 1711 2199; x_wconf 86' lang='lat' dir='ltr'><strong>inserviunt</strong></span> 
     </span>
     <span class='ocr_line' id='line_1_89' title="bbox 939 2210 1711 2245; baseline -0.004 0"><span class='ocrx_word' id='word_1_556' title='bbox 939 2213 1159 2245; x_wconf 85' lang='lat' dir='ltr'><strong>connectendi</strong></span> <span class='ocrx_word' id='word_1_557' title='bbox 1152 2226 1176 2243; x_wconf 91' lang='lat' dir='ltr'><strong>s</strong></span> <span class='ocrx_word' id='word_1_558' title='bbox 1206 2213 1293 2244; x_wconf 89' lang='lat' dir='ltr'><strong>inter</strong></span> <span class='ocrx_word' id='word_1_559' title='bbox 1312 2224 1348 2245; x_wconf 89' lang='lat' dir='ltr'><strong>se</strong></span> <span class='ocrx_word' id='word_1_560' title='bbox 1368 2213 1449 2244; x_wconf 84' lang='lat' dir='ltr'><strong>totis</strong></span> <span class='ocrx_word' id='word_1_561' title='bbox 1469 2210 1711 2244; x_wconf 87' lang='lat' dir='ltr'><strong>enuntiationi—</strong></span> 
     </span>
     <span class='ocr_line' id='line_1_90' title="bbox 938 2256 1710 2301; baseline -0.001 -12"><span class='ocrx_word' id='word_1_562' title='bbox 938 2258 1018 2297; x_wconf 87' lang='lat' dir='ltr'><strong>bus,</strong></span> <span class='ocrx_word' id='word_1_563' title='bbox 1044 2265 1143 2301; x_wconf 87' lang='lat' dir='ltr'><strong>atque</strong></span> <span class='ocrx_word' id='word_1_564' title='bbox 1161 2258 1208 2290; x_wconf 88' lang='lat' dir='ltr'><strong>ita</strong></span> <span class='ocrx_word' id='word_1_565' title='bbox 1230 2258 1446 2296; x_wconf 88' lang='lat' dir='ltr'><strong>collocantur,</strong></span> <span class='ocrx_word' id='word_1_566' title='bbox 1471 2263 1509 2289; x_wconf 91' lang='lat' dir='ltr'><strong>ut</strong></span> <span class='ocrx_word' id='word_1_567' title='bbox 1528 2257 1591 2289; x_wconf 89' lang='lat' dir='ltr'><strong>alia</strong></span> <span class='ocrx_word' id='word_1_568' title='bbox 1608 2256 1710 2289; x_wconf 84' lang='lat' dir='ltr'><strong>verba</strong></span> 
     </span>
     <span class='ocr_line' id='line_1_91' title="bbox 938 2283 1712 2340; baseline -0.001 -6"><span class='ocrx_word' id='word_1_569' title='bbox 938 2283 1198 2340; x_wconf 68' lang='lat' dir='ltr'><strong>inteiserantur3</strong></span> <span class='ocrx_word' id='word_1_570' title='bbox 1226 2303 1270 2334; x_wconf 82' lang='lat' dir='ltr'><strong>cf.</strong></span> <span class='ocrx_word' id='word_1_571' title='bbox 1288 2304 1329 2334; x_wconf 87' lang='grc' dir='ltr'><strong>ΙΙ.</strong></span> <span class='ocrx_word' id='word_1_572' title='bbox 1346 2303 1375 2340; x_wconf 85' lang='grc'><strong>1,</strong></span> <span class='ocrx_word' id='word_1_573' title='bbox 1394 2304 1430 2340; x_wconf 86' lang='grc'><strong>1;</strong></span> <span class='ocrx_word' id='word_1_574' title='bbox 1455 2302 1512 2333; x_wconf 91' lang='lat' dir='ltr'><strong>ubi</strong></span> <span class='ocrx_word' id='word_1_575' title='bbox 1527 2313 1608 2334; x_wconf 89' lang='lat' dir='ltr'><strong>vero</strong></span> <span class='ocrx_word' id='word_1_576' title='bbox 1626 2313 1712 2333; x_wconf 90' lang='lat' dir='ltr'><strong>con-</strong></span> 
     </span>
     <span class='ocr_line' id='line_1_92' title="bbox 937 2348 1711 2390; baseline -0.001 -11"><span class='ocrx_word' id='word_1_577' title='bbox 937 2348 1069 2380; x_wconf 87' lang='lat' dir='ltr'><strong>iunctae</strong></span> <span class='ocrx_word' id='word_1_578' title='bbox 1090 2348 1264 2390; x_wconf 82' lang='lat' dir='ltr'><strong>leguntur,</strong></span> <span class='ocrx_word' id='word_1_579' title='bbox 1289 2348 1430 2379; x_wconf 80' lang='lat' dir='ltr'><strong>alterum</strong></span> <span class='ocrx_word' id='word_1_580' title='bbox 1453 2357 1550 2387; x_wconf 74' lang='lat' dir='ltr'><strong>neque.</strong></span> <span class='ocrx_word' id='word_1_581' title='bbox 1572 2354 1711 2379; x_wconf 89' lang='lat' dir='ltr'><strong>antece-</strong></span> 
     </span>
     <span class='ocr_line' id='line_1_93' title="bbox 938 2392 1710 2434; baseline -0.001 -10"><span class='ocrx_word' id='word_1_582' title='bbox 938 2393 998 2425; x_wconf 87' lang='lat' dir='ltr'><strong>dit.</strong></span> <span class='ocrx_word' id='word_1_583' title='bbox 1048 2394 1088 2424; x_wconf 89' lang='lat' dir='ltr'><strong>V.</strong></span> <span class='ocrx_word' id='word_1_584' title='bbox 1111 2392 1270 2425; x_wconf 66' lang='lat' dir='ltr'><strong>paradox.</strong></span> <span class='ocrx_word' id='word_1_585' title='bbox 1295 2395 1329 2432; x_wconf 91' lang='lat' dir='ltr'><strong>I,</strong></span> <span class='ocrx_word' id='word_1_586' title='bbox 1354 2392 1394 2425; x_wconf 73' lang='lat'><strong>8:</strong></span> <span class='ocrx_word' id='word_1_587' title='bbox 1430 2402 1525 2433; x_wconf 82' lang='lat' dir='ltr'><strong>neque</strong></span> <span class='ocrx_word' id='word_1_588' title='bbox 1551 2403 1614 2434; x_wconf 90' lang='lat' dir='ltr'><strong>ego</strong></span> <span class='ocrx_word' id='word_1_589' title='bbox 1645 2403 1710 2423; x_wconf 87' lang='lat' dir='ltr'><strong>un·-</strong></span> 
     </span>
     <span class='ocr_line' id='line_1_94' title="bbox 936 2437 1710 2482; baseline -0.001 -12"><span class='ocrx_word' id='word_1_590' title='bbox 936 2450 1034 2481; x_wconf 89' lang='lat' dir='ltr'><strong>quam</strong></span> <span class='ocrx_word' id='word_1_591' title='bbox 1048 2438 1137 2470; x_wconf 83' lang='lat' dir='ltr'><strong>bona</strong></span> <span class='ocrx_word' id='word_1_592' title='bbox 1150 2438 1334 2482; x_wconf 87' lang='lat' dir='ltr'><strong>perdidisse</strong></span> <span class='ocrx_word' id='word_1_593' title='bbox 1351 2437 1471 2477; x_wconf 86' lang='lat' dir='ltr'><strong>dicam,</strong></span> <span class='ocrx_word' id='word_1_594' title='bbox 1495 2437 1521 2469; x_wconf 86' lang='lat' dir='ltr'><strong>si</strong></span> <span class='ocrx_word' id='word_1_595' title='bbox 1535 2437 1590 2481; x_wconf 88' lang='lat' dir='ltr'><strong>qui</strong></span> <span class='ocrx_word' id='word_1_596' title='bbox 1609 2449 1710 2481; x_wconf 87' lang='lat' dir='ltr'><strong>pecus</strong></span> 
     </span>
     <span class='ocr_line' id='line_1_95' title="bbox 937 2483 1712 2527; baseline 0.001 -12"><span class='ocrx_word' id='word_1_597' title='bbox 937 2490 995 2515; x_wconf 88' lang='lat' dir='ltr'><strong>aut</strong></span> <span class='ocrx_word' id='word_1_598' title='bbox 1027 2483 1266 2527; x_wconf 90' lang='lat' dir='ltr'><strong>supellectilem</strong></span> <span class='ocrx_word' id='word_1_599' title='bbox 1300 2483 1470 2523; x_wconf 86' lang='lat' dir='ltr'><strong>amiserit,</strong></span> <span class='ocrx_word' id='word_1_600' title='bbox 1511 2493 1610 2524; x_wconf 79' lang='lat' dir='ltr'><strong>‘neque</strong></span> <span class='ocrx_word' id='word_1_601' title='bbox 1648 2493 1712 2516; x_wconf 78' lang='lat' dir='ltr'><strong>non</strong></span> 
     </span>
     <span class='ocr_line' id='line_1_96' title="bbox 937 2528 1534 2585; baseline 0 -25"><span class='ocrx_word' id='word_1_602' title='bbox 937 2540 1036 2585; x_wconf 87' lang='lat' dir='ltr'><strong>saepe</strong></span> <span class='ocrx_word' id='word_1_603' title='bbox 1058 2529 1201 2561; x_wconf 86' lang='lat' dir='ltr'><strong>laudabo</strong></span> <span class='ocrx_word' id='word_1_604' title='bbox 1224 2529 1407 2572; x_wconf 87' lang='lat' dir='ltr'><strong>sapientem</strong></span> <span class='ocrx_word' id='word_1_605' title='bbox 1429 2528 1534 2560; x_wconf 88' lang='lat' dir='ltr'><strong>illum.</strong></span> 
     </span>
    </p>

    <p class='ocr_par' dir='ltr' id='par_1_16' title="bbox 938 2572 1711 2786">
     <span class='ocr_line' id='line_1_97' title="bbox 1004 2572 1710 2625; baseline -0.004 -18"><span class='ocrx_word' id='word_1_606' title='bbox 1004 2572 1037 2606; x_wconf 91' lang='grc'><strong>4.</strong></span> <span class='ocrx_word' id='word_1_607' title='bbox 1063 2575 1248 2625; x_wconf 74' lang='lat' dir='ltr'><strong>Polyclitos]</strong></span> <span class='ocrx_word' id='word_1_608' title='bbox 1272 2574 1453 2617; x_wconf 87' lang='lat' dir='ltr'><strong>Polyclitus</strong></span> <span class='ocrx_word' id='word_1_609' title='bbox 1477 2585 1546 2606; x_wconf 88' lang='lat' dir='ltr'><strong>non</strong></span> <span class='ocrx_word' id='word_1_610' title='bbox 1568 2573 1710 2617; x_wconf 85' lang='lat' dir='ltr'><strong>pictura,</strong></span> 
     </span>
     <span class='ocr_line' id='line_1_98' title="bbox 938 2618 1711 2657; baseline 0 -7"><span class='ocrx_word' id='word_1_611' title='bbox 938 2619 997 2650; x_wconf 83' lang='lat' dir='ltr'><strong>sed</strong></span> <span class='ocrx_word' id='word_1_612' title='bbox 1020 2627 1092 2651; x_wconf 84' lang='lat' dir='ltr'><strong>arte</strong></span> <span class='ocrx_word' id='word_1_613' title='bbox 1113 2626 1271 2652; x_wconf 77' lang='lat' dir='ltr'><strong>statuaria</strong></span> <span class='ocrx_word' id='word_1_614' title='bbox 1300 2619 1494 2652; x_wconf 88' lang='lat' dir='ltr'><strong>nobilitatus</strong></span> <span class='ocrx_word' id='word_1_615' title='bbox 1523 2625 1615 2657; x_wconf 88' lang='lat' dir='ltr'><strong>erat,</strong></span> <span class='ocrx_word' id='word_1_616' title='bbox 1651 2618 1711 2650; x_wconf 89' lang='lat' dir='ltr'><strong>sed</strong></span> 
     </span>
     <span class='ocr_line' id='line_1_99' title="bbox 940 2663 1711 2707; baseline -0.001 -11"><span class='ocrx_word' id='word_1_617' title='bbox 940 2664 1057 2696; x_wconf 83' lang='lat' dir='ltr'><strong>Cicero</strong></span> <span class='ocrx_word' id='word_1_618' title='bbox 1082 2676 1149 2696; x_wconf 89' lang='lat' dir='ltr'><strong>non</strong></span> <span class='ocrx_word' id='word_1_619' title='bbox 1175 2664 1281 2697; x_wconf 81' lang='lat' dir='ltr'><strong>solum</strong></span> <span class='ocrx_word' id='word_1_620' title='bbox 1305 2664 1491 2707; x_wconf 85' lang='lat' dir='ltr'><strong>picturam,</strong></span> <span class='ocrx_word' id='word_1_621' title='bbox 1516 2663 1576 2695; x_wconf 89' lang='lat' dir='ltr'><strong>sed</strong></span> <span class='ocrx_word' id='word_1_622' title='bbox 1595 2674 1711 2695; x_wconf 90' lang='lat' dir='ltr'><strong>omnes</strong></span> 
     </span>
     <span class='ocr_line' id='line_1_100' title="bbox 940 2709 1710 2752; baseline 0 -12"><span class='ocrx_word' id='word_1_623' title='bbox 940 2721 1023 2752; x_wconf 83' lang='lat' dir='ltr'><strong>qnae</strong></span> <span class='ocrx_word' id='word_1_624' title='bbox 1046 2709 1080 2741; x_wconf 87' lang='lat' dir='ltr'><strong>in</strong></span> <span class='ocrx_word' id='word_1_625' title='bbox 1103 2709 1265 2752; x_wconf 86' lang='lat' dir='ltr'><strong>fingendis</strong></span> <span class='ocrx_word' id='word_1_626' title='bbox 1287 2709 1398 2752; x_wconf 88' lang='lat' dir='ltr'><strong>figuris</strong></span> <span class='ocrx_word' id='word_1_627' title='bbox 1424 2715 1599 2740; x_wconf 86' lang='lat' dir='ltr'><strong>versantur</strong></span> <span class='ocrx_word' id='word_1_628' title='bbox 1622 2715 1710 2740; x_wconf 85' lang='lat' dir='ltr'><strong>artes</strong></span> 
     </span>
     <span class='ocr_line' id='line_1_101' title="bbox 938 2754 1114 2786; baseline -0.006 0"><span class='ocrx_word' id='word_1_629' title='bbox 938 2754 1114 2786; x_wconf 80' lang='lat' dir='ltr'><strong>intellexit.</strong></span> 
     </span>
    </p>

    <p class='ocr_par' dir='ltr' id='par_1_17' title="bbox 939 2799 1713 3020">
     <span class='ocr_line' id='line_1_102' title="bbox 1008 2799 1710 2843; baseline -0.001 -11"><span class='ocrx_word' id='word_1_630' title='bbox 1008 2802 1113 2832; x_wconf 85' lang='lat' dir='ltr'><strong>Honos</strong></span> <span class='ocrx_word' id='word_1_631' title='bbox 1135 2802 1193 2831; x_wconf 80' lang='lat' dir='ltr'><strong>alit</strong></span> <span class='ocrx_word' id='word_1_632' title='bbox 1215 2803 1299 2831; x_wconf 76' lang='lat' dir='ltr'><strong>artes</strong></span> <span class='ocrx_word' id='word_1_633' title='bbox 1330 2799 1410 2843; x_wconf 87' lang='lat' dir='ltr'><strong>etc.]</strong></span> <span class='ocrx_word' id='word_1_634' title='bbox 1443 2801 1593 2831; x_wconf 77' lang='lat' dir='ltr'><strong>Davisius</strong></span> <span class='ocrx_word' id='word_1_635' title='bbox 1615 2811 1710 2831; x_wconf 88' lang='lat' dir='ltr'><strong>com-</strong></span> 
     </span>
     <span class='ocr_line' id='line_1_103' title="bbox 939 2843 1710 2888; baseline 0 -12"><span class='ocrx_word' id='word_1_636' title='bbox 939 2851 1036 2888; x_wconf 89' lang='lat' dir='ltr'><strong>parat</strong></span> <span class='ocrx_word' id='word_1_637' title='bbox 1059 2847 1175 2876; x_wconf 84' lang='lat' dir='ltr'><strong>Senec.</strong></span> <span class='ocrx_word' id='word_1_638' title='bbox 1201 2846 1261 2888; x_wconf 90' lang='lat' dir='ltr'><strong>Ep.</strong></span> <span class='ocrx_word' id='word_1_639' title='bbox 1283 2843 1381 2877; x_wconf 74' lang='grc'>102.;</span> <span class='ocrx_word' id='word_1_640' title='bbox 1419 2844 1572 2887; x_wconf 88' lang='lat' dir='ltr'><strong>antiquus</strong></span> <span class='ocrx_word' id='word_1_641' title='bbox 1607 2851 1710 2888; x_wconf 87' lang='lat' dir='ltr'><strong>poeta</strong></span> 
     </span>
     <span class='ocr_line' id='line_1_104' title="bbox 941 2889 1712 2944; baseline 0 -22"><span class='ocrx_word' id='word_1_642' title='bbox 941 2890 1007 2922; x_wconf 85' lang='lat' dir='ltr'><strong>ait:</strong></span> <span class='ocrx_word' id='word_1_643' title='bbox 1044 2892 1131 2922; x_wconf 82' lang='lat' dir='ltr'><strong>Laus</strong></span> <span class='ocrx_word' id='word_1_644' title='bbox 1159 2892 1220 2944; x_wconf 75' lang='lat' dir='ltr'><strong>⁷‹zlit</strong></span> <span class='ocrx_word' id='word_1_645' title='bbox 1253 2893 1344 2922; x_wconf 82' lang='lat' dir='ltr'><strong>artes.</strong></span> <span class='ocrx_word' id='word_1_646' title='bbox 1400 2889 1484 2921; x_wconf 80' lang='lat' dir='ltr'><strong>Plat.</strong></span> <span class='ocrx_word' id='word_1_647' title='bbox 1516 2890 1598 2932; x_wconf 81' lang='lat' dir='ltr'><strong>Rep.</strong></span> <span class='ocrx_word' id='word_1_648' title='bbox 1621 2890 1712 2922; x_wconf 89' lang='lat' dir='ltr'><strong>VIII.</strong></span> 
     </span>
     <span class='ocr_line' id='line_1_105' title="bbox 940 2931 1713 2989; baseline 0.003 -22"><span class='ocrx_word' id='word_1_649' title='bbox 940 2947 974 2989; x_wconf 87' lang='lat' dir='ltr'><strong>p.</strong></span> <span class='ocrx_word' id='word_1_650' title='bbox 987 2935 1063 2968; x_wconf 80' lang='lat'><strong>551.</strong></span> <span class='ocrx_word' id='word_1_651' title='bbox 1079 2938 1124 2967; x_wconf 83' lang='grc' dir='ltr'><strong>Α·</strong></span> <span class='ocrx_word' id='word_1_652' title='bbox 1147 2932 1303 2968; x_wconf 72' lang='grc' dir='ltr'>ἀσκεῖται</span> <span class='ocrx_word' id='word_1_653' title='bbox 1322 2932 1366 2977; x_wconf 84' lang='grc' dir='ltr'><strong>δη</strong></span> <span class='ocrx_word' id='word_1_654' title='bbox 1383 2932 1422 2968; x_wconf 86' lang='grc' dir='ltr'><strong>τὸ</strong></span> <span class='ocrx_word' id='word_1_655' title='bbox 1440 2931 1495 2968; x_wconf 77' lang='grc' dir='ltr'><strong>ἀεὶ</strong></span> <span class='ocrx_word' id='word_1_656' title='bbox 1512 2934 1713 2978; x_wconf 73' lang='grc' dir='ltr'><strong>τιμώμενον,</strong></span> 
     </span>
     <span class='ocr_line' id='line_1_106' title="bbox 941 2976 1528 3024; baseline -0.002 -9.991"><span class='ocrx_word' id='word_1_657' title='bbox 941 2977 1010 3023; x_wconf 71' lang='grc' dir='ltr'><strong>ἆμε</strong></span> <span class='ocrx_word' id='word_1_658' title='bbox 1013 2982 1058 3014; x_wconf 86' lang='grc' dir='ltr'><strong>λε</strong></span> <span class='ocrx_word' id='word_1_659' title='bbox 1054 2992 1118 3014; x_wconf 77' lang='grc' dir='ltr'><strong>,ται</strong></span> <span class='ocrx_word' id='word_1_660' title='bbox 1148 2979 1187 3014; x_wconf 71' lang='grc' dir='ltr'><strong>δε</strong></span> <span class='ocrx_word' id='word_1_661' title='bbox 1209 2978 1246 3014; x_wconf 74' lang='grc' dir='ltr'><strong>τὸ</strong></span> <span class='ocrx_word' id='word_1_662' title='bbox 1273 2976 1328 3013; x_wconf 75' lang='grc' dir='ltr'>οἵτ’.</span> <span class='ocrx_word' id='word_1_663' title='bbox 1331 2977 1528 3024; x_wconf 56' lang='grc' dir='ltr'><strong>ιιαζόιιενο).</strong></span> 
     </span>
    </p>
   </div>
   <div class='ocr_carea' id='block_1_11' title="bbox 1786 0 1811 3053">
    <p class='ocr_par' dir='ltr' id='par_1_18' title="bbox 1786 0 1811 3053">
     <span class='ocr_line' id='line_1_107' title="bbox 1786 0 1811 3053; baseline 0 0"><span class='ocrx_word' id='word_1_664' title='bbox 1786 0 1811 3053; x_wconf 95' lang='lat' dir='ltr'><strong> </strong></span> 
     </span>
    </p>
   </div>
  </div>
 </body>
</html>
