1843 3101
170 54 251 97 154
709 59 884 93 LIBER
908 61 952 92 11.
980 55 1042 100 18,
1066 56 1121 92 42.
1145 57 1201 93 43.

403 145 575 189 Summs,
608 155 770 193 spurcus
799 142 906 179 homo
919 170 930 188 ‚
965 142 1042 180 vita
1071 142 1140 180 z'lla
1169 142 1309 192 (ἰὸς-ητις
1338 141 1518 193 locoque,-

167 218 253 271 vir,
287 225 400 259 natus
419 217 464 257 ad
485 215 674 270 gloriam,
708 214 823 255 ullam
844 221 993 270 partem
1014 213 1133 255 animi
1151 221 1228 255 tam
1248 214 1403 255 mollem
1423 212 1603 265 habebit,
1635 228 1750 270 quam

166 307 246 334 non
271 291 522 333 meditatione
550 295 589 330 et
615 289 768 330 ratione
799 289 1056 330 corroboret?
1117 286 1288 330 Crudele
1313 288 1571 343 gladiatorum
1597 295 1750 344 specta-

167 367 294 409 culum
331 373 371 406 et
393 366 645 405 inhumanum
670 363 867 405 nonnullis
891 363 1017 404 videri
1041 364 1164 414 solet,
1213 370 1252 403 et
1273 362 1372 404 haud
1405 363 1488 405 scio
1523 377 1572 404 an
1606 363 1660 404 ita
1681 362 1748 414 sit,

166 449 208 483 ut
230 455 332 482 nunc
356 440 410 480 [it.
475 438 606 493 Quum
632 451 728 479 vero
753 445 889 479 sontes
918 440 1023 479 l'erro
1049 437 1347 493 depugnabant,
1394 437 1555 479 auribus
1581 439 1750 478 fortasse

164 516 326 566 multae,
361 513 482 555 oculis
503 514 656 569 quidem
680 513 783 554 nulla
801 519 957 569 poterat
971 526 1059 553 esse
1079 512 1218 553 fortior
1235 519 1373 554 contra
1393 512 1568 554 dolorem
1589 519 1628 554 et
1646 525 1751 553 mor-

163 597 241 631 tem
272 589 491 643 disciplina.

275 661 441 704 XVIII.

323 737 415 793 Age
448 737 530 788 sis,
576 751 677 778 nunc
711 738 757 778 de
793 738 946 778 ratione
972 737 1203 788 videamus,
1249 736 1322 777 nisi
1353 736 1442 791 quid
1470 736 1529 777 vis
1558 736 1606 777 ad
1634 735 1747 777 haec.

504 667 574 703 42.
607 660 670 703 De
690 662 977 704 exercitatione
1001 668 1037 702 et
1057 661 1340 702 consuetudine
1362 668 1402 702 et
1419 661 1749 703 commentatione

163 738 261 781 dixi.

162 813 219 855 A.
253 812 395 868 Egone
418 818 460 853 ut
483 819 519 852 te
538 811 812 866 interpellem?
870 810 935 852 Ne
959 811 1031 851 hoc
1055 811 1207 866 quidem
1231 811 1398 862 vellem3
1432 811 1486 852 ita
1510 824 1572 852 me
1592 811 1639 852 ad
1663 824 1750 851 cre-

162 888 330 930 dendum
361 894 427 928 tua
462 887 568 927 ducit
601 887 743 926 oratio.
823 885 889 926 M.
935 884 1047 926 Sitne
1082 886 1202 940 igitur
1236 886 1377 926 malum
1401 886 1560 936 dolere,
1604 899 1746 934 necne,

163 961 288 1006 Stoici
310 961 503 1012 viderint,
550 960 612 1014 qui
636 960 868 1000 contortulis
891 960 1120 1014 quibusdam
1151 968 1190 1001 et
1218 960 1378 1000 minutis
1398 959 1748 1011 conclusiunculis,

161 1051 236 1079 nec
269 1037 315 1077 ad
345 1050 487 1076 sensus
522 1034 842 1090 permanantibus
877 1035 974 1074 effici
1007 1034 1171 1085 volunt,
1226 1048 1306 1074 non
1338 1046 1428 1075 esse
1462 1033 1605 1075 malum
1640 1033 1750 1074 dolo-

159 1126 261 1153 rem.
323 1109 411 1165 Ego
442 1110 556 1160 illud,
591 1109 771 1164 quicquid
800 1108 872 1160 sit,
908 1116 1056 1149 tantum
1079 1122 1192 1159 esse,
1228 1115 1414 1163 quantum
1434 1108 1637 1159 videatur,
1669 1122 1748 1149 non

159 1193 276 1243 puto,
324 1185 498 1239 salsaque
525 1184 608 1225 eius
632 1183 787 1224 visione
823 1190 863 1223 et
888 1183 1020 1238 specie
1047 1184 1197 1224 moveri
1224 1183 1402 1225 homines
1426 1183 1512 1224 dico
1536 1183 1750 1225 vehemen-

160 1261 264 1313 tius,
309 1260 561 1313 doloremque
591 1258 675 1299 eius
700 1271 854 1298 omnem
884 1271 972 1298 esse
996 1257 1254 1299 tolerabilem.
1317 1256 1429 1299 Unde
1450 1257 1570 1312 igitur
1589 1257 1751 1298 ordiar?

161 1350 212 1377 an
236 1336 371 1377 eadem
396 1333 571 1374 breviter
594 1333 808 1386 attingam,
844 1345 941 1386 quae
964 1332 1078 1372 modo
1100 1332 1206 1384 dixi,
1240 1347 1316 1387 quo
1336 1332 1485 1373 facilius
1509 1331 1635 1372 oratio
1661 1345 1751 1387 pro-

161 1409 273 1466 gredi
304 1407 430 1464 possit
464 1407 649 1461 longius?
708 1412 778 1447 45.
812 1404 922 1446 Inter
947 1420 1086 1447 omnes
1114 1406 1234 1461 igitur
1258 1407 1332 1447 hoc
1356 1412 1537 1458 constat,
1585 1419 1659 1447 nec
1682 1406 1751 1447 do-

161 1491 247 1525 ctos
279 1482 459 1523 homines
489 1481 612 1522 solum
631 1512 641 1532 ,
685 1481 753 1521 sed
782 1480 898 1520 etiam
923 1481 1129 1532 indoctos,
1162 1481 1338 1523 virorum
1369 1495 1456 1522 esse
1483 1481 1666 1534 fortium,
1712 1488 1753 1523 et

161 1557 527 1613 magnanimorum,
574 1562 614 1596 et
647 1555 904 1610 patientium,
949 1562 988 1596 et
1024 1554 1190 1596 bumana
1218 1556 1488 1607 vincentium,
1534 1556 1753 1597 toleranter

161 1633 337 1674 dolorem
372 1631 474 1686 pati3
519 1644 592 1671 nec
619 1644 717 1671 vero
742 1630 944 1685 quisquam
974 1629 1065 1680 fuit,
1113 1629 1177 1684 qui
1203 1644 1315 1681 eum,
1363 1631 1426 1685 qui
1450 1630 1504 1671 ita
1529 1637 1747 1686 pateretur,

160 1722 242 1750 non
265 1706 498 1748 laudandum
524 1712 691 1759 putaret.
757 1702 874 1757 Quod
898 1717 992 1758 ergo
1017 1711 1056 1744 et
1077 1704 1299 1759 postulatur
1320 1718 1341 1744 a
1366 1705 1558 1758 fortibus,
1605 1712 1646 1747 et
1667 1705 1751 1746 lau-

162 1783 298 1833 datur,
333 1780 538 1837 quumlit3
567 1780 604 1820 id
623 1766 694 1819 'aut
715 1779 980 1819 extimescere
1000 1779 1190 1830 veniens,
1223 1785 1292 1819 aut
1312 1793 1390 1819 non
1412 1779 1517 1820 ferre
1539 1793 1748 1835 praesens,

161 1871 293 1899 nonne
318 1864 431 1912 turpe
457 1856 544 1896 est?
601 1853 724 1908 Atqui
747 1853 835 1894 vide
851 1885 861 1904 ‚
897 1866 946 1893 ne
970 1867 1085 1907 quum
1109 1867 1246 1894 omnes
1268 1861 1403 1895 rectae
1428 1854 1547 1895 animi
1572 1854 1751 1896 affectio-

161 1967 221 1999 111.
248 1964 309 2005 16,
335 1962 390 1999 34.
448 1965 498 1997 De
521 1975 590 2007 seq.
613 1975 643 1996 v.
667 1964 886 1995 commentatio
907 1973 940 1994 v.
975 1960 1196 1994 admiratione
1225 1939 1366 2005 prolatis
1399 1974 1431 1995 v.
1466 1974 1528 1995 nos
1561 1962 1596 1995 in
1627 1962 1686 1995 Gr.
1708 1963 1749 1996 L.

165 2011 210 2044 ad
232 2012 341 2049 1.3o,
368 2009 421 2043 74.
975 2009 1004 2052 §.
1027 2006 1100 2041 142.
1125 2008 1203 2040 Not.
1226 2007 1276 2040 Il.
1304 2020 1336 2052 p.
1350 2008 1428 2042 373.
1450 2008 1503 2040 ed.
1517 2009 1550 2041 2.

233 2057 378 2098 Samnis]
412 2057 534 2087 vorsus
569 2067 586 2085 e
610 2053 731 2085 Lucilii
758 2053 941 2085 Satirarum
1043 2063 1098 2086 nec
1132 2056 1175 2086 ad
1205 2064 1313 2086 sensus
1339 2055 1614 2097 permanantibus]
1652 2054 1696 2086 H.
1719 2066 1748 2088 e.

163 2102 250 2135 libro
272 2103 327 2142 IV,
345 2105 378 2134 2.
400 2101 536 2144 petitus.
571 2100 622 2131 Cf.
648 2099 750 2131 lndic.
771 2099 888 2131 histor.
909 2111 940 2130 v.

169 2150 308 2182 Samnis.

234 2195 321 2227 haud
342 2195 404 2225 scio
428 2193 485 2232 an]
515 2192 553 2223 V.
579 2191 621 2223 ad
644 2192 701 2222 Ill.
725 2192 765 2229 ὃ,
796 2190 845 2223 16.

233 2243 268 2272 ut
289 2249 372 2271 nunc
394 2237 443 2281 fil]
470 2238 511 2269 H.
530 2249 558 2269 e.
580 2237 702 2269 nostris
722 2236 939 2279 temporibus,

168 2284 286 2330 quibus
309 2295 375 2316 non
400 2284 508 2315 solum
531 2290 664 2321 sontes,
690 2282 750 2314 sed
774 2283 874 2314 etiam
897 2282 941 2313 li-

167 2330 240 2365 beri
262 2329 414 2362 homines
439 2329 644 2372 depugnant.

238 2376 382 2415 auribus]
424 2374 664 2417 intelligendae
699 2373 941 2416 disputationes

169 2423 212 2455 de
235 2420 481 2455 contemnendo
506 2419 623 2451 dolore
644 2425 677 2450 et
698 2426 806 2450 morte
827 2432 846 2450 a
867 2418 941 2461 phi-

170 2468 322 2512 losophis
340 2466 392 2498 vel
410 2466 443 2497 in
464 2465 586 2497 scholis
605 2465 656 2496 vel
675 2464 767 2496 libris
786 2464 941 2496 traditae.

237 2516 336 2547 oculis
355 2511 494 2555 quidem]
530 2511 620 2543 Infra
643 2511 699 2542 IV.
719 2510 752 2542 ll
767 2535 777 2549 ‚
801 2513 854 2542 24.
881 2522 942 2541 co—

170 2560 334 2604 gitatione
365 2559 453 2590 inter
483 2569 518 2588 se
542 2556 718 2594 differunt,
757 2567 793 2587 re
817 2557 942 2595 quidem

174 2606 349 2650 copulatae
361 2610 449 2636 sunt.
473 2604 513 2635 V.
527 2614 586 2635 nos
600 2601 632 2633 in
650 2603 706 2634 Gr.
720 2602 759 2633 L.
773 2604 802 2645 §.
817 2602 890 2634 153.
905 2601 939 2641 b)

171 2664 205 2696 p.
220 2652 298 2685 326.
320 2651 372 2683 ed.
387 2651 420 2682 2.
455 2650 513 2681 Gr.
537 2648 587 2691 γέ.
603 2647 664 2680 Od.
682 2660 703 2688 ι,
723 2645 802 2678 410.
830 2645 858 2679 εἰ
883 2644 941 2688 μὲν

171 2696 224 2739 δή
250 2695 352 2740 μήτις
374 2707 413 2730 σε
436 2692 606 2739 βιάζεται,
634 2691 698 2728 οἷον
722 2690 837 2730 ἐόντα,
862 2691 943 2725 νοῦ-

173 2741 232 2777 σόν
252 2739 283 2786 γ’
297 2738 410 2785 φῧπως
432 2740 504 2775 ἔστι
517 2738 595 2778 Διὸς
608 2736 753 2783 μεγάλου
764 2735 942 2771 ἅλέασὲαι.

171 2789 227 2820 Sic
249 2800 349 2832 saepe
373 2788 436 2820 hac
457 2785 640 2830 particulae
672 2785 705 2816 in
729 2783 943 2828 oppositione

172 2832 383 2876 usurpantur.

243 2880 322 2911 Car.
340 2880 466 2911 XVIII.
502 2875 557 2911 42.
613 2879 719 2919 qune
747 2879 781 2908 ut
803 2879 830 2908 te
849 2877 944 2907 inler-

170 2925 283 2964 pellem
293 2925 326 2968 7]
360 2926 410 2957 De
429 2924 496 2956 hoc
515 2935 573 2955 usu
595 2921 836 2956 coniunctionis
856 2924 890 2953 ut
911 2919 945 2952 in

976 2111 1043 2132 non
1067 2098 1111 2130 ad
1130 2111 1244 2131 sensus
1266 2100 1538 2144 penetrantibus,
1562 2099 1687 2132 nullam
1707 2099 1750 2132 ad

979 2157 1035 2178 eos
1067 2145 1265 2177 habentibus
1286 2146 1363 2178 vim.

1045 2193 1242 2232 doloremque
1265 2194 1345 2234 eius]
1382 2192 1425 2224 H.
1449 2203 1478 2224 e.
1498 2193 1658 2233 dolorem,
1695 2191 1751 2236 qui

976 2244 1172 2280 procreatur
1187 2248 1226 2268 ex
1245 2237 1329 2270 falsa
1344 2236 1472 2270 visione
1488 2245 1523 2270 et
1542 2237 1655 2282 specie
1669 2237 1750 2278 eius,

977 2282 1067 2326 quod
1091 2289 1221 2314 tantum
1244 2294 1311 2315 non
1337 2289 1399 2323 est,
1423 2290 1583 2327 quantum
1606 2283 1748 2316 videtur.

1043 2326 1098 2361 43.
1122 2330 1214 2368 Quod
1229 2339 1300 2370 eryo
1316 2332 1344 2360 et
1354 2331 1532 2369 postulatur
1542 2330 1622 2372 etc.]
1640 2329 1751 2362 Minus

977 2381 1130 2406 accurate
1160 2374 1290 2406 locutus
1323 2381 1374 2406 est
1395 2375 1429 2407 h.
1447 2375 1470 2407 l.
1498 2375 1633 2413 Cicero;
1674 2385 1751 2406 nam

977 2422 1065 2451 dolor
1089 2419 1223 2463 quidem
1245 2419 1471 2453 extimescitur
1492 2433 1555 2454 nec
1575 2421 1692 2458 fertur,
1715 2425 1752 2451 at

977 2465 1164 2509 postulatur
1197 2472 1231 2497 et
1260 2465 1414 2498 laudatur
1444 2468 1560 2499 doloris
1586 2467 1751 2506 patientia.

1045 2514 1138 2552 Atqui
1158 2513 1253 2552 vide,
1287 2522 1324 2544 ne
1345 2513 1441 2554 cett.]
1477 2510 1644 2544 Urbanius
1667 2522 1748 2553 pro:

977 2556 1068 2599 atqui
1094 2568 1215 2588 nomen
1239 2556 1372 2589 virtutis
1404 2568 1473 2589 non
1505 2563 1556 2589 est
1577 2556 1751 2599 proprium

977 2613 1100 2633 nomen
1127 2602 1274 2634 omnium
1296 2602 1476 2641 virtutum,
1501 2601 1561 2633 sed
1583 2601 1624 2633 ab
1650 2614 1688 2634 ea
1706 2622 1751 2626 —

977 2647 1167 2679 nominatae
1183 2654 1270 2679 sunt.
1294 2649 1336 2679 V.
1353 2647 1522 2679 Adnotata
1536 2647 1570 2678 in
1587 2648 1612 2680 Ι.
1624 2645 1682 2687 34,
1694 2648 1749 2682 83.

1046 2704 1125 2733 quae
1143 2704 1207 2725 una
1227 2695 1333 2726 ceteris
1350 2694 1530 2735 excellebat]
1555 2693 1599 2725 H.
1614 2704 1643 2724 e.
1667 2705 1751 2737 quae

977 2737 1118 2770 maxime
1140 2738 1336 2771 excellebat.
1384 2738 1439 2771 Sic
1458 2737 1649 2782 saepissime
1669 2749 1753 2773 unus

977 2783 1125 2827 ponitur,
1150 2791 1187 2816 ut
1206 2784 1342 2816 alicuius
1362 2783 1410 2816 rei
1428 2796 1592 2816 summum
1611 2785 1750 2828 gradum

978 2829 1153 2872 significet.
1209 2831 1251 2863 V.
1277 2829 1320 2862 ad
1341 2831 1383 2862 11.
1400 2829 1464 2871 26,
1489 2827 1545 2864 64.
1596 2831 1751 2864 Ceterum

980 2875 1206 2908 observandus
1231 2882 1281 2907 est
1311 2887 1387 2908 usus
1410 2877 1586 2917 Imperfecti
1613 2876 1649 2910 in
1671 2888 1752 2909 sen-

979 2921 1086 2953 tentia
1117 2921 1265 2965 generali
1294 2933 1372 2954 vere
1402 2922 1535 2954 latinus.
1593 2922 1752 2956 Refertur

172 2968 466 3009 exclamationibus
479 2969 532 3002 vel
544 2967 860 3012 interrogationibus
874 2977 947 2999 cum
982 2967 1070 3000 enim
1090 2967 1133 3000 ad
1151 2967 1234 3000 illud
1251 2974 1393 3012 tempus,
1416 2979 1482 3013 quo
1502 2979 1624 3002 nomen
1639 2974 1752 3002 ortum
