<?xml version="1.0" encoding="UTF-8"?>
<!DOCTYPE html PUBLIC "-//W3C//DTD XHTML 1.0 Transitional//EN"
    "http://www.w3.org/TR/xhtml1/DTD/xhtml1-transitional.dtd">
<html xmlns="http://www.w3.org/1999/xhtml" xml:lang="en" lang="en">
 <head>
  <title>
</title>
<meta http-equiv="Content-Type" content="text/html;charset=utf-8" />
  <meta name='ocr-system' content='tesseract 3.04.00' />
  <meta name='ocr-capabilities' content='ocr_page ocr_carea ocr_par ocr_line ocrx_word'/>
</head>
<body>
  <div class='ocr_page' id='page_1' title='image "./tusculanarumdi00ciceuoft_0014.png"; bbox 0 0 1811 3101; ppageno 0'>
   <div class='ocr_carea' id='block_1_1' title="bbox 104 31 1075 78">
    <p class='ocr_par' dir='ltr' id='par_1_1' title="bbox 104 31 1075 78">
     <span class='ocr_line' id='line_1_1' title="bbox 104 31 1075 78; baseline 0.005 -7"><span class='ocrx_word' id='word_1_1' title='bbox 104 31 132 77; x_wconf 82' lang='grc'>4</span> <span class='ocrx_word' id='word_1_2' title='bbox 724 39 1075 78; x_wconf 79' lang='lat' dir='ltr'><strong>PROLEGOMENA.</strong></span> 
     </span>
    </p>
   </div>
   <div class='ocr_carea' id='block_1_2' title="bbox 106 121 1701 2228">
    <p class='ocr_par' dir='ltr' id='par_1_2' title="bbox 106 121 1689 572">
     <span class='ocr_line' id='line_1_2' title="bbox 106 121 1688 177; baseline -0.001 -14"><span class='ocrx_word' id='word_1_3' title='bbox 106 124 308 177; x_wconf 85' lang='lat' dir='ltr'>ingenium</span> <span class='ocrx_word' id='word_1_4' title='bbox 338 123 516 177; x_wconf 87' lang='lat' dir='ltr'><strong>pollebat</strong></span> <span class='ocrx_word' id='word_1_5' title='bbox 547 123 740 162; x_wconf 83' lang='lat' dir='ltr'><strong>iudicium</strong></span> <span class='ocrx_word' id='word_1_6' title='bbox 768 123 972 176; x_wconf 83' lang='lat' dir='ltr'><strong>praeclare</strong></span> <span class='ocrx_word' id='word_1_7' title='bbox 996 123 1197 174; x_wconf 86' lang='lat' dir='ltr'><strong>enitescit,</strong></span> <span class='ocrx_word' id='word_1_8' title='bbox 1227 128 1268 162; x_wconf 89' lang='lat' dir='ltr'><strong>et</strong></span> <span class='ocrx_word' id='word_1_9' title='bbox 1288 135 1387 164; x_wconf 88' lang='lat' dir='ltr'><strong>vero</strong></span> <span class='ocrx_word' id='word_1_10' title='bbox 1409 121 1545 173; x_wconf 87' lang='lat' dir='ltr'><strong>etiam,</strong></span> <span class='ocrx_word' id='word_1_11' title='bbox 1575 123 1688 175; x_wconf 86' lang='lat' dir='ltr'><strong>quod</strong></span> 
     </span>
     <span class='ocr_line' id='line_1_3' title="bbox 106 190 1688 245; baseline -0.001 -13"><span class='ocrx_word' id='word_1_12' title='bbox 106 192 374 245; x_wconf 90' lang='lat' dir='ltr'><strong>philosophus</strong></span> <span class='ocrx_word' id='word_1_13' title='bbox 405 199 561 242; x_wconf 88' lang='lat' dir='ltr'><strong>noster,</strong></span> <span class='ocrx_word' id='word_1_14' title='bbox 593 205 852 243; x_wconf 89' lang='lat' dir='ltr'><strong>quaecunque</strong></span> <span class='ocrx_word' id='word_1_15' title='bbox 882 192 1026 231; x_wconf 90' lang='lat' dir='ltr'><strong>eximia</strong></span> <span class='ocrx_word' id='word_1_16' title='bbox 1055 191 1188 230; x_wconf 91' lang='lat' dir='ltr'><strong>adhuc</strong></span> <span class='ocrx_word' id='word_1_17' title='bbox 1213 206 1236 229; x_wconf 84' lang='lat' dir='ltr'><strong>a</strong></span> <span class='ocrx_word' id='word_1_18' title='bbox 1258 190 1406 243; x_wconf 87' lang='lat' dir='ltr'><strong>graecis</strong></span> <span class='ocrx_word' id='word_1_19' title='bbox 1435 190 1688 243; x_wconf 82' lang='lat' dir='ltr'><strong>philosophis</strong></span> 
     </span>
     <span class='ocr_line' id='line_1_4' title="bbox 106 259 1686 313; baseline -0.001 -13"><span class='ocrx_word' id='word_1_20' title='bbox 106 261 155 300; x_wconf 90' lang='lat' dir='ltr'><strong>de</strong></span> <span class='ocrx_word' id='word_1_21' title='bbox 176 261 319 300; x_wconf 85' lang='lat' dir='ltr'><strong>morali</strong></span> <span class='ocrx_word' id='word_1_22' title='bbox 339 261 524 300; x_wconf 83' lang='lat' dir='ltr'><strong>doctrina</strong></span> <span class='ocrx_word' id='word_1_23' title='bbox 542 266 658 298; x_wconf 88' lang='lat' dir='ltr'><strong>erant</strong></span> <span class='ocrx_word' id='word_1_24' title='bbox 677 260 893 312; x_wconf 88' lang='lat' dir='ltr'><strong>disputata,</strong></span> <span class='ocrx_word' id='word_1_25' title='bbox 924 267 1198 313; x_wconf 88' lang='lat' dir='ltr'><strong>perscrutatus</strong></span> <span class='ocrx_word' id='word_1_26' title='bbox 1217 261 1350 310; x_wconf 87' lang='lat' dir='ltr'><strong>eisque</strong></span> <span class='ocrx_word' id='word_1_27' title='bbox 1366 259 1565 311; x_wconf 82' lang='lat' dir='ltr'>eleganter</span> <span class='ocrx_word' id='word_1_28' title='bbox 1581 273 1686 311; x_wconf 90' lang='lat' dir='ltr'><strong>pru—</strong></span> 
     </span>
     <span class='ocr_line' id='line_1_5' title="bbox 107 327 1689 381; baseline -0.001 -13"><span class='ocrx_word' id='word_1_29' title='bbox 107 329 326 380; x_wconf 86' lang='lat' dir='ltr'><strong>denterque</strong></span> <span class='ocrx_word' id='word_1_30' title='bbox 344 343 459 378; x_wconf 89' lang='lat' dir='ltr'><strong>usus,</strong></span> <span class='ocrx_word' id='word_1_31' title='bbox 489 328 821 380; x_wconf 83' lang='lat' dir='ltr'><strong>praeclarissimas</strong></span> <span class='ocrx_word' id='word_1_32' title='bbox 842 329 885 367; x_wconf 92' lang='lat' dir='ltr'><strong>in</strong></span> <span class='ocrx_word' id='word_1_33' title='bbox 909 329 986 367; x_wconf 87' lang='lat' dir='ltr'><strong>scri</strong></span> <span class='ocrx_word' id='word_1_34' title='bbox 991 329 1070 381; x_wconf 87' lang='lat' dir='ltr'><strong>ptis</strong></span> <span class='ocrx_word' id='word_1_35' title='bbox 1091 329 1170 367; x_wconf 91' lang='lat' dir='ltr'><strong>suis</strong></span> <span class='ocrx_word' id='word_1_36' title='bbox 1196 328 1414 366; x_wconf 88' lang='lat' dir='ltr'>moralibus</span> <span class='ocrx_word' id='word_1_37' title='bbox 1435 327 1689 379; x_wconf 87' lang='lat' dir='ltr'><strong>consignavit</strong></span> 
     </span>
     <span class='ocr_line' id='line_1_6' title="bbox 106 395 1689 448; baseline -0.001 -12"><span class='ocrx_word' id='word_1_38' title='bbox 106 398 320 436; x_wconf 83' lang='lat' dir='ltr'><strong>sententias</strong></span> <span class='ocrx_word' id='word_1_39' title='bbox 342 404 381 435; x_wconf 88' lang='lat' dir='ltr'><strong>et</strong></span> <span class='ocrx_word' id='word_1_40' title='bbox 403 397 626 448; x_wconf 84' lang='lat' dir='ltr'><strong>complures</strong></span> <span class='ocrx_word' id='word_1_41' title='bbox 656 396 774 435; x_wconf 88' lang='lat' dir='ltr'><strong>huius</strong></span> <span class='ocrx_word' id='word_1_42' title='bbox 799 397 1006 436; x_wconf 84' lang='lat' dir='ltr'><strong>doctrinae</strong></span> <span class='ocrx_word' id='word_1_43' title='bbox 1037 396 1222 435; x_wconf 90' lang='lat' dir='ltr'><strong>notiones</strong></span> <span class='ocrx_word' id='word_1_44' title='bbox 1254 396 1484 447; x_wconf 87' lang='lat' dir='ltr'><strong>primarias,</strong></span> <span class='ocrx_word' id='word_1_45' title='bbox 1514 395 1689 435; x_wconf 79' lang='lat' dir='ltr'><strong>excussis</strong></span> 
     </span>
     <span class='ocr_line' id='line_1_7' title="bbox 108 463 1689 518; baseline -0.001 -15"><span class='ocrx_word' id='word_1_46' title='bbox 108 466 292 517; x_wconf 87' lang='lat' dir='ltr'><strong>interque</strong></span> <span class='ocrx_word' id='word_1_47' title='bbox 313 479 353 503; x_wconf 91' lang='lat' dir='ltr'><strong>se</strong></span> <span class='ocrx_word' id='word_1_48' title='bbox 381 466 620 517; x_wconf 87' lang='lat' dir='ltr'><strong>compara-tis</strong></span> <span class='ocrx_word' id='word_1_49' title='bbox 641 466 857 504; x_wconf 83' lang='lat' dir='ltr'><strong>contrariis</strong></span> <span class='ocrx_word' id='word_1_50' title='bbox 877 479 1114 518; x_wconf 85' lang='lat' dir='ltr'><strong>graecorum</strong></span> <span class='ocrx_word' id='word_1_51' title='bbox 1140 463 1478 517; x_wconf 84' lang='lat' dir='ltr'><strong>philosophorum</strong></span> <span class='ocrx_word' id='word_1_52' title='bbox 1507 463 1689 512; x_wconf 84' lang='lat' dir='ltr'><strong>decretis,</strong></span> 
     </span>
     <span class='ocr_line' id='line_1_8' title="bbox 110 534 684 572; baseline 0 0"><span class='ocrx_word' id='word_1_53' title='bbox 110 534 278 572; x_wconf 86' lang='lat' dir='ltr'><strong>clariore</strong></span> <span class='ocrx_word' id='word_1_54' title='bbox 307 534 395 571; x_wconf 91' lang='lat' dir='ltr'><strong>luce</strong></span> <span class='ocrx_word' id='word_1_55' title='bbox 426 534 684 572; x_wconf 82' lang='lat' dir='ltr'><strong>illuminavit.</strong></span> 
     </span>
    </p>

    <p class='ocr_par' dir='ltr' id='par_1_3' title="bbox 108 599 1697 1338">
     <span class='ocr_line' id='line_1_9' title="bbox 222 599 1690 654; baseline -0.001 -15"><span class='ocrx_word' id='word_1_56' title='bbox 222 602 267 639; x_wconf 89' lang='lat' dir='ltr'><strong>In</strong></span> <span class='ocrx_word' id='word_1_57' title='bbox 287 602 504 640; x_wconf 87' lang='lat' dir='ltr'><strong>moralibus</strong></span> <span class='ocrx_word' id='word_1_58' title='bbox 523 602 677 640; x_wconf 85' lang='lat' dir='ltr'><strong>Tullius</strong></span> <span class='ocrx_word' id='word_1_59' title='bbox 697 602 929 654; x_wconf 82' lang='lat' dir='ltr'><strong>principum</strong></span> <span class='ocrx_word' id='word_1_60' title='bbox 950 601 1288 651; x_wconf 83' lang='lat' dir='ltr'><strong>Academicorum,</strong></span> <span class='ocrx_word' id='word_1_61' title='bbox 1312 599 1511 639; x_wconf 83' lang='lat' dir='ltr'><strong>Arcesilae</strong></span> <span class='ocrx_word' id='word_1_62' title='bbox 1533 605 1571 638; x_wconf 90' lang='lat' dir='ltr'><strong>et</strong></span> <span class='ocrx_word' id='word_1_63' title='bbox 1591 600 1690 638; x_wconf 92' lang='lat' dir='ltr'><strong>Car-</strong></span> 
     </span>
     <span class='ocr_line' id='line_1_10' title="bbox 108 668 1695 721; baseline -0.003 -11"><span class='ocrx_word' id='word_1_64' title='bbox 108 669 263 719; x_wconf 86' lang='lat' dir='ltr'><strong>neadis,</strong></span> <span class='ocrx_word' id='word_1_65' title='bbox 305 684 413 708; x_wconf 91' lang='lat' dir='ltr'><strong>more</strong></span> <span class='ocrx_word' id='word_1_66' title='bbox 448 671 724 721; x_wconf 82' lang='lat' dir='ltr'><strong>probabilitati</strong></span> <span class='ocrx_word' id='word_1_67' title='bbox 755 671 967 709; x_wconf 84' lang='lat' dir='ltr'><strong>maximum</strong></span> <span class='ocrx_word' id='word_1_68' title='bbox 998 671 1128 708; x_wconf 92' lang='lat' dir='ltr'><strong>locum</strong></span> <span class='ocrx_word' id='word_1_69' title='bbox 1166 669 1375 708; x_wconf 90' lang='lat' dir='ltr'><strong>concessit.</strong></span> <span class='ocrx_word' id='word_1_70' title='bbox 1432 668 1559 707; x_wconf 87' lang='lat' dir='ltr'><strong>Multa</strong></span> <span class='ocrx_word' id='word_1_71' title='bbox 1589 668 1695 706; x_wconf 91' lang='lat' dir='ltr'><strong>enim</strong></span> 
     </span>
     <span class='ocr_line' id='line_1_11' title="bbox 110 737 1693 792; baseline -0.002 -14"><span class='ocrx_word' id='word_1_72' title='bbox 110 739 335 792; x_wconf 85' lang='lat' dir='ltr'><strong>probabilia</strong></span> <span class='ocrx_word' id='word_1_73' title='bbox 355 752 435 776; x_wconf 87' lang='lat' dir='ltr'><strong>esse</strong></span> <span class='ocrx_word' id='word_1_74' title='bbox 460 739 675 788; x_wconf 87' lang='lat' dir='ltr'><strong>iudicavit,</strong></span> <span class='ocrx_word' id='word_1_75' title='bbox 717 753 817 789; x_wconf 91' lang='lat' dir='ltr'><strong>quae</strong></span> <span class='ocrx_word' id='word_1_76' title='bbox 841 753 1068 790; x_wconf 84' lang='lat' dir='ltr'><strong>quanquam</strong></span> <span class='ocrx_word' id='word_1_77' title='bbox 1092 752 1173 777; x_wconf 93' lang='lat' dir='ltr'><strong>non</strong></span> <span class='ocrx_word' id='word_1_78' title='bbox 1195 737 1519 790; x_wconf 85' lang='lat' dir='ltr'><strong>perciperentur,</strong></span> <span class='ocrx_word' id='word_1_79' title='bbox 1549 742 1693 786; x_wconf 82' lang='lat' dir='ltr'><strong>tamen,</strong></span> 
     </span>
     <span class='ocr_line' id='line_1_12' title="bbox 111 804 1693 861; baseline -0.003 -14"><span class='ocrx_word' id='word_1_80' title='bbox 111 809 205 861; x_wconf 90' lang='lat' dir='ltr'><strong>quia</strong></span> <span class='ocrx_word' id='word_1_81' title='bbox 225 809 356 846; x_wconf 89' lang='lat' dir='ltr'><strong>visum</strong></span> <span class='ocrx_word' id='word_1_82' title='bbox 382 807 577 846; x_wconf 88' lang='lat' dir='ltr'><strong>haberent</strong></span> <span class='ocrx_word' id='word_1_83' title='bbox 602 808 797 858; x_wconf 86' lang='lat' dir='ltr'><strong>quendam</strong></span> <span class='ocrx_word' id='word_1_84' title='bbox 820 808 1011 860; x_wconf 84' lang='lat' dir='ltr'><strong>insignem</strong></span> <span class='ocrx_word' id='word_1_85' title='bbox 1038 814 1077 846; x_wconf 88' lang='lat' dir='ltr'><strong>et</strong></span> <span class='ocrx_word' id='word_1_86' title='bbox 1100 807 1308 855; x_wconf 85' lang='lat' dir='ltr'><strong>illustrem,</strong></span> <span class='ocrx_word' id='word_1_87' title='bbox 1340 806 1390 843; x_wconf 92' lang='lat' dir='ltr'><strong>iis</strong></span> <span class='ocrx_word' id='word_1_88' title='bbox 1413 805 1603 858; x_wconf 88' lang='lat' dir='ltr'><strong>sapientis</strong></span> <span class='ocrx_word' id='word_1_89' title='bbox 1627 804 1693 844; x_wconf 91' lang='lat' dir='ltr'><strong>vi-</strong></span> 
     </span>
     <span class='ocr_line' id='line_1_13' title="bbox 112 872 1693 929; baseline -0.004 -13"><span class='ocrx_word' id='word_1_90' title='bbox 112 884 191 916; x_wconf 84' lang='lat' dir='ltr'><strong>tam</strong></span> <span class='ocrx_word' id='word_1_91' title='bbox 221 877 303 929; x_wconf 85' lang='lat' dir='ltr'><strong>regi</strong></span> <span class='ocrx_word' id='word_1_92' title='bbox 331 890 445 928; x_wconf 89' lang='lat' dir='ltr'><strong>posse</strong></span> <span class='ocrx_word' id='word_1_93' title='bbox 478 876 744 914; x_wconf 71' lang='lat' dir='ltr'><strong>existimabat.</strong></span> <span class='ocrx_word' id='word_1_94' title='bbox 803 877 883 914; x_wconf 90' lang='lat' dir='ltr'><strong>Iam</strong></span> <span class='ocrx_word' id='word_1_95' title='bbox 910 890 1034 928; x_wconf 85' lang='lat' dir='ltr'><strong>supra</strong></span> <span class='ocrx_word' id='word_1_96' title='bbox 1067 875 1448 923; x_wconf 87' lang='lat' dir='ltr'><strong>demonstravimus,</strong></span> <span class='ocrx_word' id='word_1_97' title='bbox 1479 874 1523 911; x_wconf 90' lang='lat' dir='ltr'><strong>in</strong></span> <span class='ocrx_word' id='word_1_98' title='bbox 1553 872 1693 911; x_wconf 88' lang='lat' dir='ltr'><strong>morali</strong></span> 
     </span>
     <span class='ocr_line' id='line_1_14' title="bbox 110 941 1694 996; baseline -0.003 -12"><span class='ocrx_word' id='word_1_99' title='bbox 110 945 299 984; x_wconf 87' lang='lat' dir='ltr'><strong>doctrina</strong></span> <span class='ocrx_word' id='word_1_100' title='bbox 330 945 559 983; x_wconf 87' lang='lat' dir='ltr'><strong>Ciceronem</strong></span> <span class='ocrx_word' id='word_1_101' title='bbox 594 945 801 982; x_wconf 82' lang='lat' dir='ltr'><strong>maximam</strong></span> <span class='ocrx_word' id='word_1_102' title='bbox 832 951 987 996; x_wconf 88' lang='lat' dir='ltr'><strong>partem</strong></span> <span class='ocrx_word' id='word_1_103' title='bbox 1021 944 1250 981; x_wconf 85' lang='lat' dir='ltr'><strong>Stoicorum</strong></span> <span class='ocrx_word' id='word_1_104' title='bbox 1281 942 1454 994; x_wconf 89' lang='lat' dir='ltr'><strong>vestigiis</strong></span> <span class='ocrx_word' id='word_1_105' title='bbox 1485 941 1694 990; x_wconf 85' lang='lat' dir='ltr'><strong>institisse;</strong></span> 
     </span>
     <span class='ocr_line' id='line_1_15' title="bbox 112 1009 1697 1063; baseline -0.003 -12"><span class='ocrx_word' id='word_1_106' title='bbox 112 1014 224 1052; x_wconf 91' lang='lat' dir='ltr'><strong>nulla</strong></span> <span class='ocrx_word' id='word_1_107' title='bbox 259 1013 362 1051; x_wconf 86' lang='lat' dir='ltr'><strong>enim</strong></span> <span class='ocrx_word' id='word_1_108' title='bbox 391 1013 505 1051; x_wconf 89' lang='lat' dir='ltr'><strong>firma</strong></span> <span class='ocrx_word' id='word_1_109' title='bbox 537 1013 580 1050; x_wconf 89' lang='lat' dir='ltr'><strong>in</strong></span> <span class='ocrx_word' id='word_1_110' title='bbox 611 1027 655 1051; x_wconf 86' lang='lat' dir='ltr'><strong>ea</strong></span> <span class='ocrx_word' id='word_1_111' title='bbox 681 1020 720 1050; x_wconf 90' lang='lat' dir='ltr'><strong>et</strong></span> <span class='ocrx_word' id='word_1_112' title='bbox 748 1013 964 1051; x_wconf 89' lang='lat' dir='ltr'><strong>coniuncta</strong></span> <span class='ocrx_word' id='word_1_113' title='bbox 997 1019 1165 1049; x_wconf 88' lang='lat' dir='ltr'><strong>naturae</strong></span> <span class='ocrx_word' id='word_1_114' title='bbox 1198 1017 1413 1063; x_wconf 87' lang='lat' dir='ltr'><strong>praecepta</strong></span> <span class='ocrx_word' id='word_1_115' title='bbox 1442 1009 1552 1048; x_wconf 90' lang='lat' dir='ltr'><strong>tradi</strong></span> <span class='ocrx_word' id='word_1_116' title='bbox 1581 1021 1697 1061; x_wconf 86' lang='lat' dir='ltr'><strong>posse</strong></span> 
     </span>
     <span class='ocr_line' id='line_1_16' title="bbox 113 1077 1695 1132; baseline -0.003 -12"><span class='ocrx_word' id='word_1_117' title='bbox 113 1082 276 1131; x_wconf 83' lang='lat' dir='ltr'><strong>statuit,</strong></span> <span class='ocrx_word' id='word_1_118' title='bbox 306 1081 385 1119; x_wconf 90' lang='lat' dir='ltr'><strong>nisi</strong></span> <span class='ocrx_word' id='word_1_119' title='bbox 412 1087 482 1119; x_wconf 86' lang='lat' dir='ltr'><strong>aut</strong></span> <span class='ocrx_word' id='word_1_120' title='bbox 507 1081 554 1118; x_wconf 89' lang='lat' dir='ltr'><strong>ab</strong></span> <span class='ocrx_word' id='word_1_121' title='bbox 585 1081 654 1129; x_wconf 90' lang='lat' dir='ltr'><strong>iis,</strong></span> <span class='ocrx_word' id='word_1_122' title='bbox 687 1081 756 1132; x_wconf 90' lang='lat' dir='ltr'><strong>qui</strong></span> <span class='ocrx_word' id='word_1_123' title='bbox 781 1081 924 1130; x_wconf 89' lang='lat' dir='ltr'><strong>solam,</strong></span> <span class='ocrx_word' id='word_1_124' title='bbox 956 1086 1026 1118; x_wconf 88' lang='lat' dir='ltr'><strong>aut</strong></span> <span class='ocrx_word' id='word_1_125' title='bbox 1051 1080 1099 1118; x_wconf 87' lang='lat' dir='ltr'><strong>ab</strong></span> <span class='ocrx_word' id='word_1_126' title='bbox 1122 1079 1189 1129; x_wconf 86' lang='lat' dir='ltr'><strong>iis,</strong></span> <span class='ocrx_word' id='word_1_127' title='bbox 1221 1078 1290 1130; x_wconf 91' lang='lat' dir='ltr'><strong>qui</strong></span> <span class='ocrx_word' id='word_1_128' title='bbox 1310 1078 1479 1117; x_wconf 80' lang='lat' dir='ltr'><strong>maxime</strong></span> <span class='ocrx_word' id='word_1_129' title='bbox 1502 1077 1695 1116; x_wconf 89' lang='lat' dir='ltr'><strong>honesta-</strong></span> 
     </span>
     <span class='ocr_line' id='line_1_17' title="bbox 116 1146 1695 1202; baseline -0.002 -15"><span class='ocrx_word' id='word_1_130' title='bbox 116 1157 191 1188; x_wconf 80' lang='lat' dir='ltr'><strong>tem</strong></span> <span class='ocrx_word' id='word_1_131' title='bbox 213 1156 382 1202; x_wconf 85' lang='lat' dir='ltr'><strong>propter</strong></span> <span class='ocrx_word' id='word_1_132' title='bbox 405 1163 444 1187; x_wconf 85' lang='lat' dir='ltr'><strong>se</strong></span> <span class='ocrx_word' id='word_1_133' title='bbox 472 1148 652 1201; x_wconf 86' lang='lat' dir='ltr'><strong>dicerent</strong></span> <span class='ocrx_word' id='word_1_134' title='bbox 677 1149 956 1200; x_wconf 83' lang='lat' dir='ltr'><strong>expetendam,</strong></span> <span class='ocrx_word' id='word_1_135' title='bbox 986 1149 1014 1186; x_wconf 84' lang='lat' dir='ltr'><strong>i.</strong></span> <span class='ocrx_word' id='word_1_136' title='bbox 1035 1161 1068 1186; x_wconf 89' lang='lat' dir='ltr'><strong>e.</strong></span> <span class='ocrx_word' id='word_1_137' title='bbox 1094 1153 1165 1185; x_wconf 90' lang='lat' dir='ltr'><strong>aut</strong></span> <span class='ocrx_word' id='word_1_138' title='bbox 1184 1162 1207 1185; x_wconf 87' lang='lat' dir='ltr'><strong>a</strong></span> <span class='ocrx_word' id='word_1_139' title='bbox 1231 1147 1392 1195; x_wconf 86' lang='lat' dir='ltr'><strong>Stoicis,</strong></span> <span class='ocrx_word' id='word_1_140' title='bbox 1424 1152 1496 1185; x_wconf 87' lang='lat' dir='ltr'><strong>aut</strong></span> <span class='ocrx_word' id='word_1_141' title='bbox 1520 1147 1568 1185; x_wconf 86' lang='lat' dir='ltr'><strong>ab</strong></span> <span class='ocrx_word' id='word_1_142' title='bbox 1589 1146 1695 1184; x_wconf 88' lang='lat' dir='ltr'><strong>Aca-</strong></span> 
     </span>
     <span class='ocr_line' id='line_1_18' title="bbox 115 1213 1697 1270; baseline -0.003 -13"><span class='ocrx_word' id='word_1_143' title='bbox 115 1218 276 1257; x_wconf 82' lang='lat' dir='ltr'><strong>demicis</strong></span> <span class='ocrx_word' id='word_1_144' title='bbox 298 1225 336 1256; x_wconf 92' lang='lat' dir='ltr'><strong>et</strong></span> <span class='ocrx_word' id='word_1_145' title='bbox 355 1218 645 1270; x_wconf 85' lang='lat' dir='ltr'><strong>Peripateticis:</strong></span> <span class='ocrx_word' id='word_1_146' title='bbox 678 1232 774 1268; x_wconf 87' lang='lat' dir='ltr'><strong>quas</strong></span> <span class='ocrx_word' id='word_1_147' title='bbox 795 1224 875 1256; x_wconf 89' lang='lat' dir='ltr'><strong>tres</strong></span> <span class='ocrx_word' id='word_1_148' title='bbox 896 1216 1126 1268; x_wconf 88' lang='lat' dir='ltr'><strong>disciplinas</strong></span> <span class='ocrx_word' id='word_1_149' title='bbox 1148 1215 1191 1253; x_wconf 91' lang='lat' dir='ltr'><strong>in</strong></span> <span class='ocrx_word' id='word_1_150' title='bbox 1212 1214 1290 1253; x_wconf 88' lang='lat' dir='ltr'><strong>hoc</strong></span> <span class='ocrx_word' id='word_1_151' title='bbox 1309 1213 1585 1267; x_wconf 84' lang='lat' dir='ltr'><strong>philosophiae</strong></span> <span class='ocrx_word' id='word_1_152' title='bbox 1605 1214 1697 1253; x_wconf 92' lang='lat' dir='ltr'><strong>loco</strong></span> 
     </span>
     <span class='ocr_line' id='line_1_19' title="bbox 116 1285 1150 1338; baseline -0.004 -12"><span class='ocrx_word' id='word_1_153' title='bbox 116 1300 160 1326; x_wconf 86' lang='lat' dir='ltr'><strong>re</strong></span> <span class='ocrx_word' id='word_1_154' title='bbox 192 1287 434 1335; x_wconf 81' lang='lat' dir='ltr'><strong>consentire,</strong></span> <span class='ocrx_word' id='word_1_155' title='bbox 466 1286 694 1324; x_wconf 90' lang='lat' dir='ltr'><strong>nominibus</strong></span> <span class='ocrx_word' id='word_1_156' title='bbox 725 1286 950 1338; x_wconf 86' lang='lat' dir='ltr'><strong>discrepare</strong></span> <span class='ocrx_word' id='word_1_157' title='bbox 980 1285 1150 1323; x_wconf 88' lang='lat' dir='ltr'><strong>dicebat.</strong></span> 
     </span>
    </p>

    <p class='ocr_par' dir='ltr' id='par_1_4' title="bbox 118 1349 1701 2228">
     <span class='ocr_line' id='line_1_20' title="bbox 231 1349 1699 1407; baseline -0.003 -15"><span class='ocrx_word' id='word_1_158' title='bbox 231 1355 355 1393; x_wconf 88' lang='lat' dir='ltr'><strong>Stoici</strong></span> <span class='ocrx_word' id='word_1_159' title='bbox 381 1354 678 1407; x_wconf 85' lang='lat' dir='ltr'><strong>philosophiam</strong></span> <span class='ocrx_word' id='word_1_160' title='bbox 703 1354 891 1392; x_wconf 84' lang='lat' dir='ltr'><strong>moralem</strong></span> <span class='ocrx_word' id='word_1_161' title='bbox 914 1354 1210 1392; x_wconf 84' lang='lat' dir='ltr'><strong>distribuerunt</strong></span> <span class='ocrx_word' id='word_1_162' title='bbox 1235 1352 1279 1390; x_wconf 88' lang='lat' dir='ltr'><strong>in</strong></span> <span class='ocrx_word' id='word_1_163' title='bbox 1303 1350 1527 1390; x_wconf 85' lang='lat' dir='ltr'><strong>doctrinam</strong></span> <span class='ocrx_word' id='word_1_164' title='bbox 1557 1349 1606 1388; x_wconf 89' lang='lat' dir='ltr'><strong>de</strong></span> <span class='ocrx_word' id='word_1_165' title='bbox 1630 1363 1699 1388; x_wconf 89' lang='lat' dir='ltr'><strong>re-</strong></span> 
     </span>
     <span class='ocr_line' id='line_1_21' title="bbox 118 1419 1699 1472; baseline -0.004 -10"><span class='ocrx_word' id='word_1_166' title='bbox 118 1424 193 1462; x_wconf 85' lang='lat' dir='ltr'><strong>bus</strong></span> <span class='ocrx_word' id='word_1_167' title='bbox 223 1423 361 1472; x_wconf 89' lang='lat' dir='ltr'><strong>bonis,</strong></span> <span class='ocrx_word' id='word_1_168' title='bbox 393 1423 502 1461; x_wconf 86' lang='lat' dir='ltr'><strong>malis</strong></span> <span class='ocrx_word' id='word_1_169' title='bbox 527 1429 564 1460; x_wconf 89' lang='lat' dir='ltr'><strong>et</strong></span> <span class='ocrx_word' id='word_1_170' title='bbox 593 1422 936 1472; x_wconf 83' lang='lat' dir='ltr'><strong>indifferentibus,</strong></span> <span class='ocrx_word' id='word_1_171' title='bbox 967 1423 1015 1460; x_wconf 92' lang='lat' dir='ltr'><strong>de</strong></span> <span class='ocrx_word' id='word_1_172' title='bbox 1037 1421 1276 1470; x_wconf 76' lang='lat' dir='ltr'><strong>virtutibus,</strong></span> <span class='ocrx_word' id='word_1_173' title='bbox 1307 1420 1355 1458; x_wconf 91' lang='lat' dir='ltr'><strong>de</strong></span> <span class='ocrx_word' id='word_1_174' title='bbox 1381 1419 1501 1458; x_wconf 88' lang='lat' dir='ltr'><strong>animi</strong></span> <span class='ocrx_word' id='word_1_175' title='bbox 1529 1424 1699 1471; x_wconf 88' lang='lat' dir='ltr'><strong>pertur-</strong></span> 
     </span>
     <span class='ocr_line' id='line_1_22' title="bbox 121 1486 1700 1543; baseline -0.003 -14"><span class='ocrx_word' id='word_1_176' title='bbox 121 1492 373 1541; x_wconf 88' lang='lat' dir='ltr'><strong>bationibus,</strong></span> <span class='ocrx_word' id='word_1_177' title='bbox 406 1498 445 1529; x_wconf 89' lang='lat' dir='ltr'><strong>et</strong></span> <span class='ocrx_word' id='word_1_178' title='bbox 463 1491 511 1529; x_wconf 86' lang='lat' dir='ltr'><strong>de</strong></span> <span class='ocrx_word' id='word_1_179' title='bbox 532 1491 688 1530; x_wconf 83' lang='lat' dir='ltr'><strong>officiis.</strong></span> <span class='ocrx_word' id='word_1_180' title='bbox 749 1491 907 1543; x_wconf 83' lang='lat' dir='ltr'><strong>Duplex</strong></span> <span class='ocrx_word' id='word_1_181' title='bbox 926 1498 1056 1529; x_wconf 90' lang='lat' dir='ltr'><strong>autem</strong></span> <span class='ocrx_word' id='word_1_182' title='bbox 1077 1496 1164 1528; x_wconf 85' lang='lat' dir='ltr'><strong>erat</strong></span> <span class='ocrx_word' id='word_1_183' title='bbox 1183 1487 1482 1541; x_wconf 84' lang='lat' dir='ltr'><strong>philosophiam</strong></span> <span class='ocrx_word' id='word_1_184' title='bbox 1511 1486 1700 1525; x_wconf 89' lang='lat' dir='ltr'><strong>moralem</strong></span> 
     </span>
     <span class='ocr_line' id='line_1_23' title="bbox 119 1556 1700 1611; baseline -0.003 -13"><span class='ocrx_word' id='word_1_185' title='bbox 119 1560 323 1599; x_wconf 88' lang='lat' dir='ltr'><strong>tractandi</strong></span> <span class='ocrx_word' id='word_1_186' title='bbox 347 1560 473 1610; x_wconf 78' lang='lat' dir='ltr'><strong>ratio3</strong></span> <span class='ocrx_word' id='word_1_187' title='bbox 504 1566 679 1611; x_wconf 87' lang='lat' dir='ltr'><strong>utraque</strong></span> <span class='ocrx_word' id='word_1_188' title='bbox 700 1566 830 1597; x_wconf 83' lang='lat' dir='ltr'><strong>tamen</strong></span> <span class='ocrx_word' id='word_1_189' title='bbox 857 1560 1019 1598; x_wconf 88' lang='lat' dir='ltr'><strong>eandem</strong></span> <span class='ocrx_word' id='word_1_190' title='bbox 1041 1559 1118 1597; x_wconf 90' lang='lat' dir='ltr'><strong>sibi</strong></span> <span class='ocrx_word' id='word_1_191' title='bbox 1136 1558 1349 1596; x_wconf 86' lang='lat' dir='ltr'><strong>subiectam</strong></span> <span class='ocrx_word' id='word_1_192' title='bbox 1370 1556 1542 1595; x_wconf 88' lang='lat' dir='ltr'><strong>habebat</strong></span> <span class='ocrx_word' id='word_1_193' title='bbox 1570 1561 1700 1594; x_wconf 87' lang='lat' dir='ltr'><strong>mate-</strong></span> 
     </span>
     <span class='ocr_line' id='line_1_24' title="bbox 120 1620 1700 1680; baseline -0.004 -13"><span class='ocrx_word' id='word_1_194' title='bbox 120 1629 235 1667; x_wconf 87' lang='lat' dir='ltr'><strong>riam.</strong></span> <span class='ocrx_word' id='word_1_195' title='bbox 293 1627 430 1667; x_wconf 91' lang='lat' dir='ltr'><strong>Altera</strong></span> <span class='ocrx_word' id='word_1_196' title='bbox 455 1629 558 1666; x_wconf 87' lang='lat' dir='ltr'><strong>ratio</strong></span> <span class='ocrx_word' id='word_1_197' title='bbox 581 1635 668 1666; x_wconf 88' lang='lat' dir='ltr'><strong>erat</strong></span> <span class='ocrx_word' id='word_1_198' title='bbox 688 1622 905 1680; x_wconf 80' lang='grc' dir='ltr'><em>δογματικὴ</em></span> <span class='ocrx_word' id='word_1_199' title='bbox 929 1629 994 1667; x_wconf 89' lang='lat' dir='ltr'><strong>vel</strong></span> <span class='ocrx_word' id='word_1_200' title='bbox 1018 1620 1268 1679; x_wconf 82' lang='grc' dir='ltr'><strong><em>θεωρητική,</em></strong></span> <span class='ocrx_word' id='word_1_201' title='bbox 1299 1625 1604 1663; x_wconf 86' lang='lat' dir='ltr'><strong>fundamentum</strong></span> <span class='ocrx_word' id='word_1_202' title='bbox 1631 1629 1700 1662; x_wconf 89' lang='lat' dir='ltr'><strong>to-</strong></span> 
     </span>
     <span class='ocr_line' id='line_1_25' title="bbox 124 1691 1699 1749; baseline -0.004 -14"><span class='ocrx_word' id='word_1_203' title='bbox 124 1697 204 1735; x_wconf 82' lang='lat' dir='ltr'><strong>tius</strong></span> <span class='ocrx_word' id='word_1_204' title='bbox 234 1697 512 1749; x_wconf 86' lang='lat' dir='ltr'><strong>philosophiae</strong></span> <span class='ocrx_word' id='word_1_205' title='bbox 538 1697 716 1747; x_wconf 89' lang='lat' dir='ltr'><strong>moralis,</strong></span> <span class='ocrx_word' id='word_1_206' title='bbox 748 1711 849 1748; x_wconf 82' lang='lat' dir='ltr'><strong>quae</strong></span> <span class='ocrx_word' id='word_1_207' title='bbox 872 1697 917 1735; x_wconf 87' lang='lat' dir='ltr'><strong>in</strong></span> <span class='ocrx_word' id='word_1_208' title='bbox 949 1695 1167 1735; x_wconf 90' lang='lat' dir='ltr'><strong>scrutanda</strong></span> <span class='ocrx_word' id='word_1_209' title='bbox 1193 1700 1339 1733; x_wconf 88' lang='lat' dir='ltr'><strong>natura</strong></span> <span class='ocrx_word' id='word_1_210' title='bbox 1361 1706 1518 1731; x_wconf 88' lang='lat' dir='ltr'><strong>morum</strong></span> <span class='ocrx_word' id='word_1_211' title='bbox 1543 1698 1583 1730; x_wconf 89' lang='lat' dir='ltr'><strong>et</strong></span> <span class='ocrx_word' id='word_1_212' title='bbox 1612 1691 1699 1730; x_wconf 87' lang='lat' dir='ltr'><strong>ori-</strong></span> 
     </span>
     <span class='ocr_line' id='line_1_26' title="bbox 122 1761 1701 1818; baseline -0.003 -15"><span class='ocrx_word' id='word_1_213' title='bbox 122 1765 222 1817; x_wconf 86' lang='lat' dir='ltr'><strong>gine,</strong></span> <span class='ocrx_word' id='word_1_214' title='bbox 252 1766 556 1818; x_wconf 89' lang='lat' dir='ltr'><strong>aperiendisque</strong></span> <span class='ocrx_word' id='word_1_215' title='bbox 579 1766 687 1814; x_wconf 85' lang='lat' dir='ltr'><strong>iusti,</strong></span> <span class='ocrx_word' id='word_1_216' title='bbox 717 1766 825 1815; x_wconf 89' lang='lat' dir='ltr'><strong>boni,</strong></span> <span class='ocrx_word' id='word_1_217' title='bbox 856 1764 972 1816; x_wconf 83' lang='lat' dir='ltr'><strong>aequi</strong></span> <span class='ocrx_word' id='word_1_218' title='bbox 992 1764 1173 1802; x_wconf 83' lang='lat' dir='ltr'><strong>fontibus</strong></span> <span class='ocrx_word' id='word_1_219' title='bbox 1195 1762 1445 1801; x_wconf 82' lang='lat' dir='ltr'><strong>versabatur.</strong></span> <span class='ocrx_word' id='word_1_220' title='bbox 1491 1761 1582 1799; x_wconf 92' lang='lat' dir='ltr'><strong>Huc</strong></span> <span class='ocrx_word' id='word_1_221' title='bbox 1602 1773 1701 1812; x_wconf 87' lang='lat' dir='ltr'><strong>per-</strong></span> 
     </span>
     <span class='ocr_line' id='line_1_27' title="bbox 123 1828 1701 1873; baseline -0.003 -2"><span class='ocrx_word' id='word_1_222' title='bbox 123 1834 254 1871; x_wconf 84' lang='lat' dir='ltr'><strong>tinent</strong></span> <span class='ocrx_word' id='word_1_223' title='bbox 275 1834 475 1872; x_wconf 86' lang='lat' dir='ltr'><strong>Ciceronis</strong></span> <span class='ocrx_word' id='word_1_224' title='bbox 497 1834 590 1872; x_wconf 89' lang='lat' dir='ltr'><strong>libri</strong></span> <span class='ocrx_word' id='word_1_225' title='bbox 617 1834 664 1872; x_wconf 90' lang='lat' dir='ltr'><strong>de</strong></span> <span class='ocrx_word' id='word_1_226' title='bbox 690 1835 855 1873; x_wconf 87' lang='lat' dir='ltr'><strong>Finibus</strong></span> <span class='ocrx_word' id='word_1_227' title='bbox 874 1835 1078 1872; x_wconf 89' lang='lat' dir='ltr'><strong>Bonorum</strong></span> <span class='ocrx_word' id='word_1_228' title='bbox 1109 1839 1148 1870; x_wconf 90' lang='lat' dir='ltr'><strong>et</strong></span> <span class='ocrx_word' id='word_1_229' title='bbox 1170 1831 1381 1870; x_wconf 87' lang='lat' dir='ltr'><strong>Malorum.</strong></span> <span class='ocrx_word' id='word_1_230' title='bbox 1437 1829 1574 1868; x_wconf 86' lang='lat' dir='ltr'><strong>Altera</strong></span> <span class='ocrx_word' id='word_1_231' title='bbox 1595 1828 1701 1867; x_wconf 88' lang='lat' dir='ltr'><strong>ratio</strong></span> 
     </span>
     <span class='ocr_line' id='line_1_28' title="bbox 125 1896 1701 1954; baseline -0.003 -16"><span class='ocrx_word' id='word_1_232' title='bbox 125 1908 211 1939; x_wconf 82' lang='lat' dir='ltr'><strong>erat</strong></span> <span class='ocrx_word' id='word_1_233' title='bbox 230 1896 500 1953; x_wconf 78' lang='grc' dir='ltr'><em>παραινετική,</em></span> <span class='ocrx_word' id='word_1_234' title='bbox 530 1916 651 1953; x_wconf 87' lang='lat' dir='ltr'><strong>eaque</strong></span> <span class='ocrx_word' id='word_1_235' title='bbox 671 1902 881 1954; x_wconf 89' lang='lat' dir='ltr'><strong>popularis</strong></span> <span class='ocrx_word' id='word_1_236' title='bbox 905 1908 943 1940; x_wconf 89' lang='lat' dir='ltr'><strong>et</strong></span> <span class='ocrx_word' id='word_1_237' title='bbox 969 1901 1020 1939; x_wconf 88' lang='lat' dir='ltr'><strong>ad</strong></span> <span class='ocrx_word' id='word_1_238' title='bbox 1043 1913 1286 1938; x_wconf 89' lang='lat' dir='ltr'><strong>communem</strong></span> <span class='ocrx_word' id='word_1_239' title='bbox 1308 1897 1609 1950; x_wconf 85' lang='lat' dir='ltr'><strong>intelligentiam</strong></span> <span class='ocrx_word' id='word_1_240' title='bbox 1630 1910 1701 1935; x_wconf 91' lang='lat' dir='ltr'><strong>ac-</strong></span> 
     </span>
     <span class='ocr_line' id='line_1_29' title="bbox 127 1965 1700 2021; baseline -0.003 -14"><span class='ocrx_word' id='word_1_241' title='bbox 127 1970 394 2018; x_wconf 87' lang='lat' dir='ltr'><strong>commodata,</strong></span> <span class='ocrx_word' id='word_1_242' title='bbox 425 1984 542 2021; x_wconf 89' lang='lat' dir='ltr'><strong>quam</strong></span> <span class='ocrx_word' id='word_1_243' title='bbox 563 1970 700 2008; x_wconf 89' lang='lat' dir='ltr'><strong>Cicero</strong></span> <span class='ocrx_word' id='word_1_244' title='bbox 732 1971 775 2009; x_wconf 91' lang='lat' dir='ltr'><strong>in</strong></span> <span class='ocrx_word' id='word_1_245' title='bbox 804 1971 919 2009; x_wconf 90' lang='lat' dir='ltr'><strong>libris</strong></span> <span class='ocrx_word' id='word_1_246' title='bbox 950 1969 998 2008; x_wconf 89' lang='lat' dir='ltr'><strong>de</strong></span> <span class='ocrx_word' id='word_1_247' title='bbox 1022 1968 1193 2018; x_wconf 85' lang='lat' dir='ltr'><strong>Officiis,</strong></span> <span class='ocrx_word' id='word_1_248' title='bbox 1219 1968 1264 2007; x_wconf 89' lang='lat' dir='ltr'><strong>in</strong></span> <span class='ocrx_word' id='word_1_249' title='bbox 1286 1966 1522 2007; x_wconf 86' lang='lat' dir='ltr'><strong>Tusculanis</strong></span> <span class='ocrx_word' id='word_1_250' title='bbox 1547 1965 1700 2018; x_wconf 89' lang='lat' dir='ltr'><strong>Dispu-</strong></span> 
     </span>
     <span class='ocr_line' id='line_1_30' title="bbox 127 2034 1700 2089; baseline -0.003 -13"><span class='ocrx_word' id='word_1_251' title='bbox 127 2038 347 2076; x_wconf 84' lang='lat' dir='ltr'><strong>tationibus</strong></span> <span class='ocrx_word' id='word_1_252' title='bbox 372 2038 539 2089; x_wconf 88' lang='lat' dir='ltr'><strong>aliisque</strong></span> <span class='ocrx_word' id='word_1_253' title='bbox 558 2038 672 2076; x_wconf 86' lang='lat' dir='ltr'><strong>libris</strong></span> <span class='ocrx_word' id='word_1_254' title='bbox 696 2045 853 2076; x_wconf 88' lang='lat' dir='ltr'><strong>secutus</strong></span> <span class='ocrx_word' id='word_1_255' title='bbox 878 2045 949 2077; x_wconf 89' lang='lat' dir='ltr'><strong>est.</strong></span> <span class='ocrx_word' id='word_1_256' title='bbox 1007 2038 1062 2076; x_wconf 84' lang='lat' dir='ltr'><strong>Ea</strong></span> <span class='ocrx_word' id='word_1_257' title='bbox 1085 2043 1298 2089; x_wconf 87' lang='lat' dir='ltr'><strong>praecepta</strong></span> <span class='ocrx_word' id='word_1_258' title='bbox 1322 2036 1410 2086; x_wconf 89' lang='lat' dir='ltr'><strong>dat,</strong></span> <span class='ocrx_word' id='word_1_259' title='bbox 1439 2034 1584 2086; x_wconf 87' lang='lat' dir='ltr'><strong>quibus</strong></span> <span class='ocrx_word' id='word_1_260' title='bbox 1609 2047 1700 2072; x_wconf 89' lang='lat' dir='ltr'><strong>mo-</strong></span> 
     </span>
     <span class='ocr_line' id='line_1_31' title="bbox 124 2102 1700 2158; baseline -0.003 -13"><span class='ocrx_word' id='word_1_261' title='bbox 124 2120 188 2145; x_wconf 90' lang='lat' dir='ltr'><strong>res</strong></span> <span class='ocrx_word' id='word_1_262' title='bbox 209 2107 467 2158; x_wconf 85' lang='lat' dir='ltr'><strong>corrigantur</strong></span> <span class='ocrx_word' id='word_1_263' title='bbox 489 2113 528 2145; x_wconf 93' lang='lat' dir='ltr'><strong>et</strong></span> <span class='ocrx_word' id='word_1_264' title='bbox 549 2106 809 2157; x_wconf 82' lang='lat' dir='ltr'><strong>ordinentur,</strong></span> <span class='ocrx_word' id='word_1_265' title='bbox 839 2113 879 2145; x_wconf 87' lang='lat' dir='ltr'><strong>et</strong></span> <span class='ocrx_word' id='word_1_266' title='bbox 902 2107 945 2144; x_wconf 90' lang='lat' dir='ltr'><strong>in</strong></span> <span class='ocrx_word' id='word_1_267' title='bbox 967 2119 1100 2144; x_wconf 86' lang='lat' dir='ltr'><strong>omnes</strong></span> <span class='ocrx_word' id='word_1_268' title='bbox 1119 2112 1255 2157; x_wconf 86' lang='lat' dir='ltr'><strong>partes</strong></span> <span class='ocrx_word' id='word_1_269' title='bbox 1275 2117 1370 2144; x_wconf 87' lang='lat' dir='ltr'><strong>usus</strong></span> <span class='ocrx_word' id='word_1_270' title='bbox 1391 2103 1500 2143; x_wconf 88' lang='lat' dir='ltr'><strong>vitae</strong></span> <span class='ocrx_word' id='word_1_271' title='bbox 1533 2102 1700 2142; x_wconf 83' lang='lat' dir='ltr'><strong>confor-</strong></span> 
     </span>
     <span class='ocr_line' id='line_1_32' title="bbox 124 2171 395 2228; baseline 0.004 -15"><span class='ocrx_word' id='word_1_272' title='bbox 124 2175 225 2214; x_wconf 82' lang='lat' dir='ltr'><strong>mari</strong></span> <span class='ocrx_word' id='word_1_273' title='bbox 253 2171 395 2228; x_wconf 69' lang='lat' dir='ltr'><strong>pcissit.</strong></span> 
     </span>
    </p>
   </div>
   <div class='ocr_carea' id='block_1_3' title="bbox 446 2282 1411 2339">
    <p class='ocr_par' dir='ltr' id='par_1_5' title="bbox 446 2282 1411 2339">
     <span class='ocr_line' id='line_1_33' title="bbox 446 2282 1411 2339; baseline -0.006 -10"><span class='ocrx_word' id='word_1_274' title='bbox 446 2286 531 2329; x_wconf 87' lang='lat' dir='ltr'><strong>IV.</strong></span> <span class='ocrx_word' id='word_1_275' title='bbox 593 2286 665 2328; x_wconf 86' lang='lat' dir='ltr'><strong>De</strong></span> <span class='ocrx_word' id='word_1_276' title='bbox 699 2285 957 2329; x_wconf 78' lang='lat' dir='ltr'><strong>Tusculanis</strong></span> <span class='ocrx_word' id='word_1_277' title='bbox 986 2282 1411 2339; x_wconf 78' lang='lat' dir='ltr'><strong>Disputationibus.·</strong></span> 
     </span>
    </p>
   </div>
   <div class='ocr_carea' id='block_1_4' title="bbox 131 2374 1704 2980">
    <p class='ocr_par' dir='ltr' id='par_1_6' title="bbox 131 2374 1704 2912">
     <span class='ocr_line' id='line_1_34' title="bbox 240 2374 1700 2433; baseline -0.005 -13"><span class='ocrx_word' id='word_1_278' title='bbox 240 2381 391 2433; x_wconf 88' lang='lat' dir='ltr'><strong>Scripti</strong></span> <span class='ocrx_word' id='word_1_279' title='bbox 415 2387 511 2419; x_wconf 91' lang='lat' dir='ltr'><strong>sunt</strong></span> <span class='ocrx_word' id='word_1_280' title='bbox 536 2380 714 2432; x_wconf 88' lang='lat' dir='ltr'><strong>quinque</strong></span> <span class='ocrx_word' id='word_1_281' title='bbox 742 2380 836 2420; x_wconf 90' lang='lat' dir='ltr'><strong>libri</strong></span> <span class='ocrx_word' id='word_1_282' title='bbox 856 2379 1173 2418; x_wconf 89' lang='lat' dir='ltr'><strong>Tusculanarum</strong></span> <span class='ocrx_word' id='word_1_283' title='bbox 1193 2375 1520 2428; x_wconf 86' lang='lat' dir='ltr'><strong>Disputationum</strong></span> <span class='ocrx_word' id='word_1_284' title='bbox 1548 2374 1700 2413; x_wconf 87' lang='lat' dir='ltr'><strong>turbu-</strong></span> 
     </span>
     <span class='ocr_line' id='line_1_35' title="bbox 132 2444 1703 2501; baseline -0.004 -13"><span class='ocrx_word' id='word_1_285' title='bbox 132 2449 240 2488; x_wconf 81' lang='lat' dir='ltr'><strong>lento</strong></span> <span class='ocrx_word' id='word_1_286' title='bbox 269 2450 339 2488; x_wconf 91' lang='lat' dir='ltr'><strong>illo</strong></span> <span class='ocrx_word' id='word_1_287' title='bbox 366 2456 563 2501; x_wconf 86' lang='lat' dir='ltr'><strong>tempore,</strong></span> <span class='ocrx_word' id='word_1_288' title='bbox 595 2463 717 2500; x_wconf 90' lang='lat' dir='ltr'><strong>quum</strong></span> <span class='ocrx_word' id='word_1_289' title='bbox 744 2463 808 2487; x_wconf 92' lang='lat' dir='ltr'><strong>res</strong></span> <span class='ocrx_word' id='word_1_290' title='bbox 832 2448 996 2500; x_wconf 89' lang='lat' dir='ltr'><strong>publica</strong></span> <span class='ocrx_word' id='word_1_291' title='bbox 1026 2446 1129 2485; x_wconf 92' lang='lat' dir='ltr'><strong>bello</strong></span> <span class='ocrx_word' id='word_1_292' title='bbox 1159 2444 1271 2485; x_wconf 88' lang='lat' dir='ltr'><strong>civili</strong></span> <span class='ocrx_word' id='word_1_293' title='bbox 1298 2444 1440 2482; x_wconf 88' lang='lat' dir='ltr'><strong>misere</strong></span> <span class='ocrx_word' id='word_1_294' title='bbox 1466 2444 1703 2493; x_wconf 79' lang='lat' dir='ltr'><strong>vexabatur,</strong></span> 
     </span>
     <span class='ocr_line' id='line_1_36' title="bbox 131 2511 1703 2567; baseline -0.004 -12"><span class='ocrx_word' id='word_1_295' title='bbox 131 2525 169 2556; x_wconf 90' lang='lat' dir='ltr'><strong>et</strong></span> <span class='ocrx_word' id='word_1_296' title='bbox 192 2519 342 2567; x_wconf 87' lang='lat' dir='ltr'><strong>Cicero,</strong></span> <span class='ocrx_word' id='word_1_297' title='bbox 372 2518 605 2556; x_wconf 85' lang='lat' dir='ltr'><strong>muneribus</strong></span> <span class='ocrx_word' id='word_1_298' title='bbox 629 2518 806 2567; x_wconf 90' lang='lat' dir='ltr'><strong>orbatus,</strong></span> <span class='ocrx_word' id='word_1_299' title='bbox 837 2523 877 2555; x_wconf 88' lang='lat' dir='ltr'><strong>et</strong></span> <span class='ocrx_word' id='word_1_300' title='bbox 899 2516 975 2554; x_wconf 91' lang='lat' dir='ltr'><strong>sibi</strong></span> <span class='ocrx_word' id='word_1_301' title='bbox 1000 2521 1040 2553; x_wconf 88' lang='lat' dir='ltr'><strong>et</strong></span> <span class='ocrx_word' id='word_1_302' title='bbox 1059 2514 1203 2553; x_wconf 85' lang='lat' dir='ltr'><strong>litteris</strong></span> <span class='ocrx_word' id='word_1_303' title='bbox 1225 2513 1400 2551; x_wconf 81' lang='lat' dir='ltr'><strong>vivebat.</strong></span> <span class='ocrx_word' id='word_1_304' title='bbox 1456 2514 1489 2552; x_wconf 92' lang='lat' dir='ltr'>E</span> <span class='ocrx_word' id='word_1_305' title='bbox 1510 2511 1703 2564; x_wconf 87' lang='lat' dir='ltr'><strong>temporis</strong></span> 
     </span>
     <span class='ocr_line' id='line_1_37' title="bbox 132 2579 1704 2638; baseline -0.003 -15"><span class='ocrx_word' id='word_1_306' title='bbox 132 2587 258 2636; x_wconf 88' lang='lat' dir='ltr'><strong>notis,</strong></span> <span class='ocrx_word' id='word_1_307' title='bbox 289 2601 389 2638; x_wconf 88' lang='lat' dir='ltr'><strong>quae</strong></span> <span class='ocrx_word' id='word_1_308' title='bbox 417 2601 510 2626; x_wconf 88' lang='lat' dir='ltr'><strong>sane</strong></span> <span class='ocrx_word' id='word_1_309' title='bbox 539 2587 685 2625; x_wconf 88' lang='lat' dir='ltr'><strong>multae</strong></span> <span class='ocrx_word' id='word_1_310' title='bbox 716 2586 759 2624; x_wconf 88' lang='lat' dir='ltr'><strong>in</strong></span> <span class='ocrx_word' id='word_1_311' title='bbox 785 2586 848 2624; x_wconf 91' lang='lat' dir='ltr'><strong>his</strong></span> <span class='ocrx_word' id='word_1_312' title='bbox 877 2585 973 2636; x_wconf 88' lang='lat' dir='ltr'><strong>ipsis</strong></span> <span class='ocrx_word' id='word_1_313' title='bbox 996 2581 1230 2621; x_wconf 87' lang='lat' dir='ltr'><strong>Tusculanis</strong></span> <span class='ocrx_word' id='word_1_314' title='bbox 1261 2586 1435 2629; x_wconf 85' lang='lat' dir='ltr'><strong>exstant,</strong></span> <span class='ocrx_word' id='word_1_315' title='bbox 1465 2579 1704 2619; x_wconf 88' lang='lat' dir='ltr'><strong>luculentis-</strong></span> 
     </span>
     <span class='ocr_line' id='line_1_38' title="bbox 133 2649 1704 2709; baseline -0.003 -19"><span class='ocrx_word' id='word_1_316' title='bbox 133 2654 226 2692; x_wconf 81' lang='lat' dir='ltr'><strong>sime</strong></span> <span class='ocrx_word' id='word_1_317' title='bbox 251 2663 438 2706; x_wconf 87' lang='lat' dir='ltr'><strong>apparet,</strong></span> <span class='ocrx_word' id='word_1_318' title='bbox 469 2670 530 2695; x_wconf 86' lang='lat' dir='ltr'><strong>eas</strong></span> <span class='ocrx_word' id='word_1_319' title='bbox 552 2662 644 2709; x_wconf 87' lang='lat' dir='ltr'><strong>post</strong></span> <span class='ocrx_word' id='word_1_320' title='bbox 666 2655 792 2693; x_wconf 91' lang='lat' dir='ltr'><strong>libros</strong></span> <span class='ocrx_word' id='word_1_321' title='bbox 826 2654 874 2692; x_wconf 88' lang='lat' dir='ltr'><strong>de</strong></span> <span class='ocrx_word' id='word_1_322' title='bbox 896 2652 1064 2691; x_wconf 87' lang='lat' dir='ltr'><strong>Finibus</strong></span> <span class='ocrx_word' id='word_1_323' title='bbox 1086 2652 1293 2689; x_wconf 90' lang='lat' dir='ltr'><strong>Bonorum</strong></span> <span class='ocrx_word' id='word_1_324' title='bbox 1319 2655 1358 2687; x_wconf 86' lang='lat' dir='ltr'><strong>et</strong></span> <span class='ocrx_word' id='word_1_325' title='bbox 1378 2649 1577 2688; x_wconf 81' lang='lat' dir='ltr'><strong>Malorum</strong></span> <span class='ocrx_word' id='word_1_326' title='bbox 1597 2662 1704 2686; x_wconf 88' lang='lat' dir='ltr'><strong>anno</strong></span> 
     </span>
     <span class='ocr_line' id='line_1_39' title="bbox 133 2716 1704 2778; baseline -0.003 -20"><span class='ocrx_word' id='word_1_327' title='bbox 133 2722 330 2762; x_wconf 87' lang='lat' dir='ltr'><strong>DCCVIII.</strong></span> <span class='ocrx_word' id='word_1_328' title='bbox 350 2724 399 2762; x_wconf 91' lang='lat' dir='ltr'><strong>U.</strong></span> <span class='ocrx_word' id='word_1_329' title='bbox 419 2738 452 2762; x_wconf 84' lang='lat' dir='ltr'><strong>c·</strong></span> <span class='ocrx_word' id='word_1_330' title='bbox 483 2723 554 2778; x_wconf 83' lang='lat'><strong>(46</strong></span> <span class='ocrx_word' id='word_1_331' title='bbox 577 2739 612 2762; x_wconf 90' lang='lat' dir='ltr'><strong>a.</strong></span> <span class='ocrx_word' id='word_1_332' title='bbox 633 2722 745 2776; x_wconf 88' lang='lat' dir='ltr'><strong>Chr.)</strong></span> <span class='ocrx_word' id='word_1_333' title='bbox 768 2722 995 2770; x_wconf 80' lang='lat' dir='ltr'><strong>inchoatas,</strong></span> <span class='ocrx_word' id='word_1_334' title='bbox 1026 2719 1258 2770; x_wconf 86' lang='lat' dir='ltr'><strong>easdemque</strong></span> <span class='ocrx_word' id='word_1_335' title='bbox 1279 2717 1376 2756; x_wconf 88' lang='lat' dir='ltr'><strong>anni</strong></span> <span class='ocrx_word' id='word_1_336' title='bbox 1399 2717 1561 2756; x_wconf 87' lang='lat' dir='ltr'><strong>DCCIX.</strong></span> <span class='ocrx_word' id='word_1_337' title='bbox 1584 2716 1704 2755; x_wconf 89' lang='lat' dir='ltr'><strong>initio</strong></span> 
     </span>
     <span class='ocr_line' id='line_1_40' title="bbox 135 2785 1702 2845; baseline -0.003 -18"><span class='ocrx_word' id='word_1_338' title='bbox 135 2787 205 2841; x_wconf 85' lang='lat'><strong>(45</strong></span> <span class='ocrx_word' id='word_1_339' title='bbox 231 2804 266 2828; x_wconf 85' lang='lat' dir='ltr'><strong>a.</strong></span> <span class='ocrx_word' id='word_1_340' title='bbox 287 2791 398 2845; x_wconf 88' lang='lat' dir='ltr'><strong>Chr.)</strong></span> <span class='ocrx_word' id='word_1_341' title='bbox 431 2793 630 2832; x_wconf 83' lang='lat' dir='ltr'><strong>absolutas</strong></span> <span class='ocrx_word' id='word_1_342' title='bbox 658 2806 751 2831; x_wconf 90' lang='lat' dir='ltr'><strong>esse.</strong></span> <span class='ocrx_word' id='word_1_343' title='bbox 821 2791 971 2830; x_wconf 89' lang='lat' dir='ltr'><strong>Nomen</strong></span> <span class='ocrx_word' id='word_1_344' title='bbox 1001 2786 1208 2827; x_wconf 82' lang='lat' dir='ltr'><strong>duxerunt</strong></span> <span class='ocrx_word' id='word_1_345' title='bbox 1239 2801 1261 2825; x_wconf 91' lang='lat' dir='ltr'><strong>a</strong></span> <span class='ocrx_word' id='word_1_346' title='bbox 1300 2786 1532 2825; x_wconf 70' lang='lat' dir='ltr'><strong>Tusculano</strong></span> <span class='ocrx_word' id='word_1_347' title='bbox 1542 2812 1558 2831; x_wconf 87' lang='lat'><strong>,</strong></span> <span class='ocrx_word' id='word_1_348' title='bbox 1588 2785 1702 2823; x_wconf 88' lang='lat' dir='ltr'><strong>Cice-</strong></span> 
     </span>
     <span class='ocr_line' id='line_1_41' title="bbox 134 2851 1704 2912; baseline -0.002 -17"><span class='ocrx_word' id='word_1_349' title='bbox 134 2857 244 2896; x_wconf 88' lang='lat' dir='ltr'><strong>ronis</strong></span> <span class='ocrx_word' id='word_1_350' title='bbox 261 2859 429 2910; x_wconf 85' lang='lat' dir='ltr'><strong>praedio</strong></span> <span class='ocrx_word' id='word_1_351' title='bbox 447 2858 504 2912; x_wconf 88' lang='lat' dir='ltr'><strong>(v.</strong></span> <span class='ocrx_word' id='word_1_352' title='bbox 522 2862 646 2902; x_wconf 89' lang='lat' dir='ltr'><strong>Indic.</strong></span> <span class='ocrx_word' id='word_1_353' title='bbox 662 2859 844 2900; x_wconf 83' lang='lat' dir='ltr'><strong>historic.</strong></span> <span class='ocrx_word' id='word_1_354' title='bbox 863 2873 933 2898; x_wconf 86' lang='lat' dir='ltr'><strong>vv.</strong></span> <span class='ocrx_word' id='word_1_355' title='bbox 955 2858 1178 2896; x_wconf 66' lang='lat' dir='ltr'><strong>Tusculum</strong></span> <span class='ocrx_word' id='word_1_356' title='bbox 1195 2861 1235 2894; x_wconf 88' lang='lat' dir='ltr'><strong>et</strong></span> <span class='ocrx_word' id='word_1_357' title='bbox 1265 2855 1522 2893; x_wconf 74' lang='lat' dir='ltr'><strong>Tusculanae</strong></span> <span class='ocrx_word' id='word_1_358' title='bbox 1544 2851 1704 2906; x_wconf 63' lang='lat' dir='ltr'><strong>Dis-p.)-</strong></span> 
     </span>
    </p>

    <p class='ocr_par' dir='ltr' id='par_1_7' title="bbox 243 2922 1701 2980">
     <span class='ocr_line' id='line_1_42' title="bbox 243 2922 1701 2980; baseline -0.003 -14"><span class='ocrx_word' id='word_1_359' title='bbox 243 2926 444 2980; x_wconf 84' lang='lat' dir='ltr'><strong>Aperiunt</strong></span> <span class='ocrx_word' id='word_1_360' title='bbox 462 2935 593 2969; x_wconf 85' lang='lat' dir='ltr'><strong>autem</strong></span> <span class='ocrx_word' id='word_1_361' title='bbox 614 2930 660 2970; x_wconf 92' lang='lat' dir='ltr'><strong>hi</strong></span> <span class='ocrx_word' id='word_1_362' title='bbox 682 2929 778 2969; x_wconf 87' lang='lat' dir='ltr'><strong>libri</strong></span> <span class='ocrx_word' id='word_1_363' title='bbox 798 2942 861 2968; x_wconf 91' lang='lat' dir='ltr'><strong>res</strong></span> <span class='ocrx_word' id='word_1_364' title='bbox 883 2927 935 2966; x_wconf 80' lang='lat' dir='ltr'><strong>ad</strong></span> <span class='ocrx_word' id='word_1_365' title='bbox 954 2927 1067 2965; x_wconf 89' lang='lat' dir='ltr'><strong>beate</strong></span> <span class='ocrx_word' id='word_1_366' title='bbox 1089 2923 1308 2964; x_wconf 84' lang='lat' dir='ltr'><strong>vivendum</strong></span> <span class='ocrx_word' id='word_1_367' title='bbox 1329 2922 1498 2963; x_wconf 85' lang='lat' dir='ltr'><strong>maxime</strong></span> <span class='ocrx_word' id='word_1_368' title='bbox 1520 2935 1701 2961; x_wconf 80' lang='lat' dir='ltr'><strong>necessa-</strong></span> 
     </span>
    </p>
   </div>
  </div>
 </body>
</html>
