1859 3149
593 54 774 90 LIBER.
788 56 846 89 111.

873 53 936 95 14,
960 50 1018 87 29.
1041 51 1100 88 30.
1562 45 1647 90 189

163 135 288 181 XIV.
328 143 400 180 29.
443 135 555 178 Haec
586 136 709 192 igitur
741 135 1040 192 praemeditatio
1073 135 1293 176 futurorum
1323 134 1517 176 malorum
1549 136 1648 179 lenit

54 226 192 255 eorum
225 214 461 264 adventum,
502 224 604 266 quae
641 211 845 252 venientia
879 210 996 266 longe
1028 217 1121 251 ante
1149 210 1314 252 videris.

1377 207 1514 266 ltaque
1546 211 1649 266 apud

52 285 284 344 Euripidem
317 303 340 330 a
361 287 525 330 Theseo
559 286 663 328 dieta
685 286 916 337 laudantur,
956 285 1047 326 licet
1073 284 1203 338 enim,
1248 292 1291 326 ut
1323 298 1441 341 saepe
1464 285 1646 338 facimus,

53 361 96 404 iu
124 361 313 405 Latinum
342 363 409 404 ina
440 369 704 404 convertere:

261 441 362 479 Nam
392 441 462 492 qni
488 439 582 477 lme'c
610 439 743 476 audita
772 451 795 476 a
825 439 936 476 docto
967 438 1212 476 meminissem
1244 439 1340 484 viro,

262 516 432 554 Futuras
461 527 602 553 mecum
633 513 914 552 commentabar
942 514 1148 559 miserias,-

262 591 351 629 Aut
376 591 534 629 martem
562 588 736 627 acerbam
750 618 760 635 ,
796 594 864 626 aut
893 588 1012 626 exsili
1040 589 1223 625 maestam
1241 587 1403 639 sagam,

264 666 352 704 Aut
378 665 525 716 semper
553 664 719 715 aliquam
750 664 881 702 malem
913 663 1129 701 meditabdr
1157 663 1264 709 mali,

272 741 343 787 Ut,
376 742 414 778 si
444 753 519 792 qua
549 741 696 777 invecta
726 739 868 777 diritas
898 740 988 776 casl't
1009 737 1134 791 sot-et,

266 815 327 852 Ne
356 828 412 853 me
443 817 672 866 imparatum
703 815 797 852 0ιῦιά
829 814 1019 851 laem-aret
1048 826 1196 864 repens,

62 892 134 930 50.
169 884 285 942 Quod
308 894 438 929 autem
460 887 647 929 Theseus
672 901 696 928 a
720 887 835 928 docto
863 901 906 928 se
935 887 1093 927 audisse
1120 886 1238 937 dicit,
1284 886 1321 927 id
1348 886 1395 927 de
1421 900 1466 928 se
1487 885 1574 943 ipso
1598 887 1658 928 lo-

65 962 198 1018 quitur
220 961 450 1019 Euripides.

65 1069 120 1104 58.
162 1078 196 1104 et
230 1073 345 1105 senec.
373 1071 472 1106 Cous,
507 1071 550 1105 ad
584 1071 699 1116 Polyb.
728 1084 754 1104 c.
777 1070 841 1105 30:

65 1118 227 1158 „Quanto
250 1117 307 1150 ille
329 1117 468 1158 iustior,
504 1119 581 1162 qui,
608 1118 759 1150 nuntiata
787 1117 845 1149 filii

67 1170 195 1203 morte,
221 1163 355 1207 dignam
376 1176 498 1207 magno
522 1165 594 1196 viro
619 1176 735 1196 vocem
759 1164 845 1195 erni-

67 1208 131 1241 sit:
165 1211 258 1251 „1390
286 1220 383 1251 quum
414 1213 531 1251 genui,
563 1215 628 1242 tum
655 1213 845 1242 morilurnm

66 1257 146 1288 scivi
168 1275 214 1280 —
237 1255 368 1288 Deinde
393 1255 516 1288 adiecit
551 1268 621 1288 rem
648 1257 780 1288 maioris
812 1261 847 1287 et

42 1330 47 1339 ‚
68 1300 269 1345 prudentiae
289 1308 324 1334 et
343 1302 464 1341 animi,
488 1307 515 1335 et
538 1304 610 1334 huic
633 1304 677 1334 rei
700 1303 847 1334 sustuli.“

41 1343 45 1373 ι’
69 1346 215 1392 Liquide
247 1354 364 1392 patet,
400 1348 482 1381 haec
516 1359 586 1380 esse
618 1349 719 1380 verba
742 1347 847 1380 Tela-

70 1394 202 1435 monis,
239 1405 340 1437 quum
374 1394 405 1426 ei
436 1406 527 1427 mors
550 1393 659 1426 Aiacis
693 1393 848 1426 nuntiata

69 1445 170 1474 esset.
216 1439 358 1473 Telamo
378 1440 467 1474 enim
489 1440 555 1480 duo
577 1440 681 1479 filios,
714 1440 849 1472 Aiacem

71 1491 109 1518 et
129 1487 317 1526 Teucrum,
341 1486 375 1518 in
396 1487 521 1519 bellum
542 1486 727 1519 Troianum
746 1486 848 1518 mise-

73 1538 137 1565 rat.
182 1531 292 1571 „Aiax
312 1532 356 1565 ob
376 1532 514 1565 Achillis
534 1544 624 1564 arma
643 1533 706 1564 sibi
728 1538 850 1575 negata

94 1576 187 1610 ladio
209 1589 247 1610 se
268 1578 463 1618 transiecit3
499 1577 640 1610 alterum
662 1590 743 1611 vero
767 1590 851 1610 exu-

68 1589 144 1656 {ire
175 1623 271 1656 iussit
290 1630 406 1669 pater,
444 1624 520 1668 quia
555 1624 668 1657 fratris
692 1632 849 1663 mortem,

72 1669 216 1714 Ulyssea
260 1670 406 1703 versutia
446 1677 690 1714 praematuram
703 1696 711 1711 ‚
759 1670 851 1702 ferro

74 1727 143 1748 non
166 1715 380 1751 vindicarit.“
426 1716 538 1749 Verba
561 1723 639 1749 suut
662 1719 788 1749 Davisii
809 1716 851 1748 ad

72 1760 109 1794 h.
127 1761 149 1794 l.
168 1761 307 1795 Pluralis
320 1766 500 1804 morituros,
526 1763 730 1806 optimorum
751 1763 851 1795 codd.

75 1807 278 1841 auctoritate
298 1809 464 1846 munitus,
499 1809 695 1842 referendus
726 1815 778 1840 est
810 1808 853 1840 ad

74 1859 250 1899 utrumque
270 1855 373 1887 filium
392 1855 602 1893 Telamonis3
628 1854 720 1898 quod
742 1861 853 1886 autem

75 1900 204 1933 Seneca
223 1900 244 1932 l.
260 1900 292 1934 d.
313 1904 502 1934 moriturum
523 1901 644 1938 habet,
690 1900 726 1932 id
749 1912 789 1932 ex
813 1912 853 1932 eo

75 1945 310 1989 explicandum
334 1954 404 1987 est,
431 1946 521 1990 quod
540 1947 567 1978 is
599 1947 684 1978 haec
709 1946 810 1977 verba
836 1957 854 1977 e

77 1992 240 2025 memoria
262 1993 363 2025 allata
383 1993 500 2025 retulit
521 1992 564 2024 ad
585 2004 686 2023 unum
706 1991 852 2024 Aiacem.

145 2040 173 2070 ei
188 2040 235 2071 rei
247 2038 374 2081 sustuli]
397 2039 439 2070 H.
455 2049 483 2070 e.
501 2044 536 2070 et
551 2037 594 2069 ad
609 2045 754 2070 mortem
770 2037 854 2069 edu-

77 2082 160 2116 cavi.
219 2085 260 2117 V.
284 2085 506 2116 Ruhnkenium
534 2083 567 2115 in
594 2085 733 2116 Terent.
754 2082 855 2115 Andr.

77 2129 106 2161 Ι.
121 2128 165 2171 3,
192 2126 244 2162 14.
296 2129 405 2161 Verba
427 2132 454 2161 ei
475 2136 510 2162 et
528 2132 575 2162 rei
597 2126 857 2174 μονοσυλλάβως

76 2174 326 2218 pronuntianda
351 2181 438 2208 sunt.

145 2223 183 2252 ob
199 2221 428 2263 defendendam
443 2222 626 2264 Graeciam]
647 2221 856 2266 Praepositio

79 2268 129 2308 ob,
148 2267 320 2310 propriam
334 2279 379 2301 ao.
393 2278 487 2299 suam
503 2268 570 2300 vim
591 2279 738 2306 servanS,
765 2279 854 2300 non-

79 2316 249 2355 nunquam
271 2313 408 2357 ponitur
431 2313 474 2345 ad
497 2315 593 2355 finem
621 2321 657 2345 et
678 2316 857 2355 consilium,

80 2358 172 2402 quod
190 2359 358 2403 loquentis
379 2359 491 2392 animo
513 2363 706 2401 obversatur,
730 2366 857 2392 notan—-

80 2404 171 2436 dum.
232 2405 310 2439 Sall.
329 2406 399 2448 lug.
420 2407 634 2446 LXXXIX,
663 2406 691 2439 1.
728 2406 856 2438 existu-

79 2461 174 2482 mans
196 2451 388 2494 iugnrtham
407 2454 444 2484 ob
462 2462 536 2484 suos
553 2454 759 2485 tutandos—
772 2464 857 2484 ven—

79 2501 210 2528 turum:
237 2497 292 2529 ubi
317 2496 361 2530 cf.
383 2500 484 2530 Kritz.
504 2509 538 2541 p.
553 2496 631 2532 477.
678 2499 720 2530 V.
737 2509 798 2530 nos
821 2497 857 2530 in

80 2541 142 2574 Gr.
156 2543 196 2574 L.
221 2543 251 2587 §5-
268 2542 327 2576 131
341 2569 350 2582 ,
378 2544 430 2577 10.
453 2555 485 2587 p.
501 2544 578 2577 312.
604 2543 656 2577 ed.
672 2544 704 2576 2.

152 2588 230 2620 Car.
250 2589 344 2620 XIV.
376 2587 432 2623 29.
467 2591 557 2630 apud
587 2589 787 2633 Euripidem]
823 2589 858 2621 in

83 2630 258 2676 deperdita
275 2633 390 2666 fabula
402 2661 410 2675 ,
437 2647 520 2678 quae
536 2635 697 2679 inscripta
714 2642 766 2668 est
783 2638 859 2668 The-

84 2687 165 2712 seu&
217 2679 367 2724 Euripid.
383 2681 550 2724 Fragmm.
570 2693 602 2725 p.
615 2680 693 2716 476.
719 2681 772 2714 ed.
790 2683 857 2713 Be-

86 2722 162 2756 ckii.
176 2736 210 2768 p.
223 2724 279 2759 93.
293 2725 326 2760 b.
343 2726 396 2758 ed.
410 2727 451 2760 G.
469 2726 568 2759 Dind.
614 2727 726 2760 Verba
740 2740 860 2772 graeca

83 2767 134 2800 sic
154 2781 191 2801 se
213 2770 358 2804 habent:

132 2811 202 2857 ἐγώ
222 2814 262 2851 δὲ
280 2817 378 2852 τοῦτο
392 2817 485 2860 παρὰ
506 2819 614 2863 σοφοῦ
633 2831 722 2858 τινος
738 2817 859 2862 μαὲὠν

131 2856 380 2909 εἰς-φροντίδας
399 2864 474 2898 νοῦν
498 2862 678 2909 συμφοράς
701 2861 731 2899 τ’
755 2865 860 2910 ἐβαλ-

156 2912 161 2917 '
635 2908 745 2954 λᾶμην

131 2947 245 2994 φυγάς
273 2948 304 2986 τ’
337 2951 476 3000 ἐμαυτῷ
507 2955 703 3036 προςτιὲῐέεὶί
730 2953 861 2999 πάτρας

654 3013 724 3044 μης
760 3017 762 3019 ·

512 960 664 1004 Fuerat
697 962 800 1004 enim
835 962 990 1003 auditor
1012 961 1310 1017 Anaxagorae,
1354 975 1470 1017 quem
1507 963 1656 1015 ferunt,

925 1068 1091 1110 ἓεωτίτευς
1120 1067 1150 1104 τ’
1171 1066 1305 1113 οἷώρευς
1336 1069 1395 1105 καὶ
1417 1071 1533 1106 κακῶν
1554 1067 1659 1111 ἄλλοις

1435 1111 1550 1159 ὁδοΰς,

927 1161 976 1202 ὠς
998 1164 1031 1197 εἶ’
1050 1175 1082 1196 τι
1103 1159 1266 1207 :iqua
1290 1156 1336 1197 ὦν
1362 1161 1523 1204 ἐδόξαζόν
1545 1174 1627 1197 ποτε

928 1208 976 1253 μή
996 1222 1050 1252 μοι
1065 1208 1194 1250 vicere-a
1208 1207 1396 1249 προς-,πεσὸν
1412 1209 1534 1252 μᾶλλον
1549 1207 1660 1244 δάκοι.

954 1258 1022 1288 licet
1041 1255 1137 1298 enim]
1168 1255 1332 1287 particula
1355 1257 1437 1287 enim
1461 1255 1661 1298 explicanda

882 1309 932 1334 est
955 1301 1021 1333 sic:
1048 1304 1151 1341 itaque
1178 1303 1266 1341 apud
1291 1304 1366 1333 Eur.
1393 1311 1412 1332 a
1441 1303 1552 1333 Theseo
1575 1303 1662 1334 dicta

882 1349 1078 1387 laudarum,
1116 1359 1198 1389 quae
1236 1346 1267 1377 in
1303 1346 1444 1379 latinum
1473 1358 1664 1380 sermonem

885 1405 1046 1426 conversa
1070 1393 1116 1424 sie
1139 1406 1173 1424 se
1197 1393 1342 1429 habent3
1369 1392 1449 1425 licet
1471 1393 1568 1427 enim.
1609 1393 1664 1426 Sic

884 1448 983 1483 saepe
1017 1442 1099 1471 enirn
1131 1438 1345 1471 referendum
1379 1445 1428 1470 cst
1459 1438 1502 1471 ad
1526 1439 1662 1484 aliquid,

886 1485 987 1530 quod⁴
1002 1492 1114 1517 niente
1136 1485 1360 1528 supplendum
1384 1492 1456 1524 est,
1494 1486 1543 1518 uti
1564 1497 1667 1530 supra

887 1532 929 1564 ad
956 1533 980 1563 Ῐ.
999 1531 1041 1565 (i.
1072 1532 1122 1563 ll.
1150 1531 1462 1564 demonstravimus.

954 1580 1097 1618 aliquam
1122 1577 1250 1621 molem]
1287 1580 1435 1618 Aliquam
1469 1589 1532 1621 pro
1565 1580 1667 1611 aliam

885 1635 982 1666 quam
1008 1623 1134 1655 dictum
1158 1623 1310 1660 videtum
1336 1624 1394 1655 sed
1420 1624 1507 1656 hanc
1529 1624 1668 1667 opinio-

887 1683 961 1702 nem
982 1681 1100 1701 vanam
1117 1681 1188 1701 esse
1203 1677 1302 1714 atque
1320 1669 1462 1708 inanem,
1492 1681 1531 1700 ex
1549 1669 1586 1701 iis
1604 1682 1670 1713 ap-

887 1716 1038 1761 parebit,
1076 1727 1160 1759 quae
1195 1716 1293 1748 docui
1327 1716 1360 1747 iu
1394 1716 1451 1747 Gr.
1476 1715 1515 1746 L.
1544 1713 1668 1759 §.124-

888 1764 969 1795 Not.
989 1764 1014 1795 l.
1037 1775 1066 1805 p.
1086 1761 1159 1794 124.
1182 1760 1278 1793 edflz.
1329 1760 1557 1804 Singularibus
1581 1761 1671 1794 enim

889 1807 1083 1841 notionibus
1108 1807 1292 1838 communis
1319 1806 1415 1839 notio
1439 1807 1487 1839 ita
1511 1806 1671 1851 adiungi-

889 1862 961 1893 tur,
1000 1860 1035 1884 ut
1060 1852 1244 1885 communis
1270 1863 1337 1884 non
1358 1853 1579 1896 singularibus
1603 1865 1671 1898 op-

890 1905 1056 1944 ponatur,
1092 1898 1152 1930 sed
1174 1910 1235 1942 per
1256 1910 1292 1930 se
1313 1906 1506 1942 spectetur,
1544 1906 1581 1931 ut
1600 1899 1669 1932 h.l.

891 1952 947 1977 aut
968 1956 1058 1976 mors
1073 1970 1080 1984 ,
1105 1951 1162 1976 aut
1185 1945 1355 1984 exsilium,
1381 1952 1437 1978 aut
1459 1948 1586 1978 omnino
1610 1948 1671 1978 ali-

891 2002 953 2033 qua
977 1990 1056 2022 mali
1076 1990 1193 2022 moles.
1233 1990 1339 2030 019,
1361 1990 1423 2024 44:
1451 1990 1565 2031 Quid?
1593 1991 1672 2024 huic

893 2037 976 2069 calix
998 2036 1094 2068 mulsi
1112 2036 1347 2080 impingendus
1369 2043 1437 2076 est,
1479 2043 1514 2069 ut
1536 2037 1672 2080 plorare

890 2082 1047 2115 desinat?
1073 2089 1130 2114 aut
1152 2085 1274 2124 aliquid
1294 2082 1484 2117 eiusmodi?
1522 2083 1588 2115 Alii
1607 2083 1674 2117 loci

890 2129 988 2162 aliam
1008 2129 1322 2172 interpretationem
1341 2129 1538 2172 admittunt,
1563 2137 1598 2162 ut
1614 2131 1674 2165 ΙΙΙ,

894 2177 945 2213 1ὅ,
960 2173 1023 2209 43:
1049 2174 1076 2206 si
1093 2187 1173 2208 vero
1192 2178 1315 2217 aliquid
1333 2175 1433 2208 etiam
1453 2176 1486 2210 h.
1501 2187 1530 2208 e.
1551 2176 1578 2207 si
1591 2187 1671 2208 vero

889 2223 1013 2262 aliquid
1048 2220 1150 2253 etiam
1185 2221 1336 2263 accedat,
1372 2222 1463 2266 quod
1499 2222 1674 2254 nominare

891 2267 1016 2299 taedet.
1059 2268 1116 2300 IV.
1140 2264 1206 2311 24,
1231 2268 1293 2301 53:
1333 2280 1397 2312 qua
1431 2267 1669 2312 (fortitudinis)

891 2314 1030 2345 notione
1055 2320 1192 2356 aperta,
1218 2313 1290 2357 quis
1312 2321 1382 2354 est,
1410 2314 1463 2358 qui
1486 2322 1543 2346 aut
1564 2314 1673 2346 bella-

891 2359 976 2399 tori,
1014 2365 1070 2391 aut
1091 2359 1306 2403 imperatori,
1342 2367 1399 2392 aut
1422 2360 1549 2392 oratori
1567 2371 1674 2404 quae—

891 2413 944 2438 rat
973 2407 1115 2447 aliquid:
1152 2405 1200 2437 ibi
1229 2408 1352 2447 aliquid
1383 2418 1457 2439 cum
1486 2417 1606 2448 magna
1638 2402 1673 2437 vi

893 2451 1019 2484 dictum
1044 2458 1111 2488 est;
1138 2451 1268 2484 sublata
1286 2452 1552 2495 interrogatione
1576 2450 1671 2482 huius

893 2497 1131 2530 enuntiationis
1147 2498 1314 2530 sententia
1331 2505 1381 2530 est
1396 2498 1496 2530 haec:
1523 2498 1586 2529 hac
1606 2507 1674 2528 no-

891 2544 985 2576 tione
1008 2550 1123 2588 aperta
1137 2569 1145 2582 ‚
1171 2546 1249 2576 nihil
1267 2547 1363 2585 plane
1383 2543 1571 2587 requiritur.

961 2592 1087 2633 repens]
1126 2590 1168 2623 H.
1195 2602 1223 2622 e.
1260 2589 1444 2633 repentina.
1495 2588 1549 2619 Sic
1583 2586 1674 2620 infra

895 2636 992 2675 0122,
1015 2637 1077 2668 52:
1103 2647 1292 2679 quanquam
1315 2634 1458 2667 hostium
1479 2644 1588 2674 repens
1609 2632 1674 2665 ad·-

894 2689 1013 2714 ventus
1033 2682 1137 2725 magis
1157 2681 1327 2725 aliquanto
1349 2679 1546 2719 conturbat,
1573 2690 1673 2723 quam

893 2734 1118 2772 exspectatus.

963 2773 1015 2807 30.
1043 2784 1063 2805 a
1086 2775 1176 2805 docto
1200 2790 1246 2795 —
1269 2772 1410 2812 audisse]
1447 2770 1585 2814 Saepius
1615 2770 1674 2803 Ci-

896 2831 972 2852 cero
995 2819 1077 2851 dicit
1099 2820 1210 2850 audire
1230 2827 1269 2849 ex
1290 2819 1396 2857 aliquo
1416 2823 1474 2848 aut
1495 2818 1534 2849 de
1556 2819 1676 2859 aliquo.

964 2865 1192 2905 Anaxayorae]
1212 2865 1429 2905 Anaxagorae
1440 2862 1608 2908 Fragmm.
1619 2863 1672 2897 ed.

895 2910 1102 2943 Schaubach.
1123 2908 1215 2951 Lips.
1233 2907 1331 2942 1827.
1355 2919 1386 2951 p.
1400 2908 1456 2941 20.
1480 2909 1527 2953 (et
1539 2908 1607 2954 21.)

963 2966 1055 2997 quem
1081 2953 1200 2997 ferunt]
1246 2953 1300 2986 Cf.
1324 2953 1435 2987 valer.
1461 2954 1597 2990 Maxim.
1628 2956 1671 2988 V.

896 3000 956 3042 10,
982 3001 1015 3034 3.
1041 3006 1126 3032 extr.
