1843 3101
165 18 250 62 330

166 113 378 152 A9rayianus.
401 112 440 143 V.
454 111 497 144 ad
509 110 606 153 5,65,
635 111 687 145 Cf.
700 123 732 143 v.
746 113 941 144 Achradina.

166 158 262 197 Aiax,
285 157 477 190 Telamonis
503 157 597 198 lilius,
623 156 702 190 hinc
723 157 938 190 Telamonius

210 201 340 243 dictus,
378 203 432 235 vel
452 202 648 235 Salaminius
672 216 690 235 a
716 202 822 247 patria
843 202 940 235 Sala-

210 247 318 287 mine,
350 249 495 280 omnium
519 248 722 281 Graecorum
738 274 745 287 ,
783 249 838 292 qui
862 255 939 280 ante

210 295 346 327 Troiam
372 294 583 337 pugnabant,
617 294 798 327 secundum
822 293 939 326 Achil-

210 339 276 372 lem
297 340 508 373 fortissimus.
543 339 672 372 Achille
692 348 838 377 mortuo,
858 351 939 383 spe-

211 386 325 424 rabat,
363 385 449 417 illius
480 398 570 418 arma
604 385 668 418 sibi
693 386 851 418 traditum
877 385 939 425 iri;

211 442 311 475 quum
343 438 454 463 autem
474 431 582 463 Ulixis
615 432 736 464 astutia
760 444 820 477 spe
843 431 940 464 deie-

211 483 284 508 ctus
305 484 412 517 esset,
439 478 470 510 in
494 477 642 510 furorem
663 478 812 510 incidens
835 478 940 511 multa

208 521 324 555 insana
359 523 441 555 fecit
477 523 679 575 tandemque
711 536 843 556 manum
877 525 940 557 sibi

209 566 332 600 intulit.
392 570 500 609 Quum
530 569 649 614 iniquis
681 570 826 602 iudicum
859 582 940 602 sen-

209 614 322 646 tentiis
350 614 437 647 Ulixi
462 615 544 648 haec
565 627 656 648 arma
677 616 866 648 adiudicata
888 628 940 649 es-

209 666 305 700 sent,
346 660 463 693 Cicero
493 673 568 694 eum
598 661 722 695 iudicio
751 662 940 706 iniquorum

209 705 443 738 circumventis
486 715 653 740 accenset.
681 710 710 749 l,
735 708 790 742 9ὅ.
823 709 856 748 ὅ,
886 708 936 742 11.

207 751 263 784 ¹25.
286 752 338 786 71.
375 751 406 790 -l,
428 751 483 786 49.
504 754 559 786 52.

162 797 303 830 Albinus.
343 800 380 831 L.
410 801 589 832 Postumius
618 802 770 840 Albinus,
802 799 939 832 tertium

209 843 325 876 consul
347 844 466 876 absens
489 845 598 878 sactus
612 871 621 884 ,
648 846 803 878 Boiorum
817 870 824 883 ,
853 844 937 878 Gal-

207 888 272 921 liae
293 890 422 933 gentis,
459 891 500 923 ab
524 891 710 925 Hannibale
738 891 936 928 concitatae,

207 934 334 967 insidiis
359 936 392 968 in
422 936 503 969 silva
528 938 645 970 Litana
670 937 794 969 occidit
817 950 848 968 a.
871 935 938 969 216

206 993 225 1012 a
241 981 316 1013 Chr.
342 983 369 1020 1,
389 984 451 1014 δὲ).
479 982 533 1014 nbi
548 995 579 1014 v.
596 983 680 1015 Adn.
706 983 799 1015 Idem
814 990 848 1014 ct
860 981 936 1015 Tib.

207 1028 382 1070 Sempron.
398 1028 568 1061 Gracchus
582 1029 680 1072 primi
694 1029 830 1061 fuerunt
853 1040 938 1061 con-

208 1072 296 1104 sules
322 1086 340 1105 e
365 1073 473 1117 plebe.

163 1120 330 1159 Albucius,
359 1122 392 1152 T.
418 1127 493 1163 post
517 1128 708 1164 praeturam
728 1120 901 1153 Sardiniae
919 1134 938 1153 a

210 1165 245 1199 C.
268 1165 350 1197 lulio
377 1166 516 1199 Caesare
541 1168 708 1200 Strabone
731 1167 939 1210 repemnda-

207 1222 280 1244 rum
313 1220 484 1245 accusatus
508 1213 597 1246 etin
629 1213 779 1246 exsilium
810 1213 938 1255 missus,

207 1257 298 1290 exsul
323 1258 463 1291 Athenis
487 1259 589 1299 vixit,
619 1260 790 1304 perfectus
813 1260 938 1303 Epicu-

208 1315 282 1336 reus
303 1305 420 1345 evasit,
442 1305 612 1338 orationes
632 1305 768 1349 reliquit
784 1305 939 1349 scripsit—

209 1361 274 1394 que
308 1351 426 1384 satiras
449 1351 623 1384 Luciliano
655 1351 746 1384 stilo.
793 1352 938 1384 Lucilius

209 1407 285 1428 eum
308 1403 344 1428 ut
366 1409 484 1440 graeca
509 1397 704 1429 miscentem
729 1396 829 1429 verba
860 1397 940 1429 lati-

207 1440 259 1474 nis
284 1449 381 1475 notat
415 1443 504 1487 apud
530 1442 725 1476 Ciceronem
750 1442 792 1475 de
814 1443 887 1475 Fin.
910 1443 939 1483 1,

206 1486 240 1521 3.
263 1507 309 1512 —
327 1488 359 1527 ὑ,
385 1489 458 1522 ΙΟὸ.

163 1535 309 1574 Alcaeus,
333 1541 434 1576 poeta
458 1534 580 1578 lyricus
595 1534 830 1579 Mitylenaeus,
854 1534 940 1567 scri-

210 1578 277 1622 psit
317 1579 463 1612 dialecto
510 1580 647 1613 Aeolica
688 1581 731 1613 de
771 1581 940 1613 amoribus

212 1627 254 1666 (c.
275 1623 344 1658 600
365 1638 394 1658 a.
417 1626 509 1668 Chr.)
535 1624 569 1665 4,
591 1626 645 1661 71.

162 1671 361 1712 Alcibiades,
387 1671 512 1705 Cliniae
533 1672 639 1712 filius,
664 1672 813 1706 Socratis
836 1672 941 1706 disci-

210 1716 306 1760 pulus
333 1718 426 1760 (⁴20.
447 1730 476 1751 a.
502 1718 607 1761 Cim).
631 1720 663 1755 ὅ,
685 1719 740 1753 77.

163 1763 348 1795 Alcidamas
363 1775 403 1796 ex
414 1764 526 1802 Elaea.
547 1765 693 1798 Aeolidis
706 1765 740 1797 in
756 1764 832 1798 Asia
848 1765 939 1806 urbe,

211 1808 389 1848 oriundus,
425 1810 607 1855 discipulus
634 1811 800 1855 Gorgiae,
824 1811 942 1844 rhetor

208 1861 243 1887 et
263 1863 388 1888 orator.

164 1900 332 1942 Alcmaeo,
367 1900 451 1935 filius
481 1903 674 1946 Amphiarai
711 1905 823 1948 (quem
849 1903 939 1946 vide)

211 1955 246 1981 et
278 1947 464 1992 Eriphyle&
514 1948 574 1981 Cui
607 1961 708 1994 quum
744 1957 859 1994 pater,
897 1949 940 1982 ad

211 1993 335 2026 bellum
357 1994 521 2037 proficisci
539 2004 685 2035 coactus,
710 1995 888 2040 Eriphyles
906 1995 942 2028 in

210 2051 248 2072 se
264 2039 444 2083 nequitiam
463 2041 648 2084 aperuisset
664 2049 698 2075 et
713 2042 830 2074 mortis
850 2053 940 2081 suae,

212 2096 312 2130 quam
333 2085 532 2129 providebat
545 2113 552 2125 ‚
581 2087 764 2120 vindictam
784 2087 941 2132 reliquis-

213 2137 286 2170 set,
323 2139 457 2164 mortuo
482 2133 568 2175 patri
591 2134 777 2178 obsequens
799 2141 941 2167 matrem

214 2176 358 2210 sustulit.
390 2178 465 2217 Quo
483 2178 609 2212 scelere
623 2181 658 2212 in
677 2192 713 2212 se
734 2180 879 2213 admisso
898 2179 942 2212 ad

215 2223 383 2266 Phegeum
407 2223 579 2267 confugit,
603 2238 622 2258 a
643 2238 708 2270 quo
731 2233 939 2270 purgaretur,

214 2268 383 2313 filiamque
395 2268 463 2301 eius
473 2270 512 2301 Al
518 2270 732 2314 phesiboeam
746 2272 842 2304 duxit
856 2283 943 2304 uxo-

214 2326 296 2353 rem,
321 2313 372 2347 cui
392 2314 518 2347 monile
539 2317 637 2349 matri
651 2317 837 2350 detractum
861 2317 942 2361 (vid.

215 2360 443 2402 Amphiaraus)
486 2361 621 2394 obtulit.
683 2365 792 2403 Quum
832 2370 944 2395 antem

216 2405 307 2450 apud
329 2405 498 2450 Phegeum
520 2408 654 2447 furoris,
678 2408 712 2441 in
735 2420 833 2452 quem
855 2409 943 2442 inci—

215 2451 324 2492 derat,
348 2452 534 2486 remedium
554 2465 622 2487 non
641 2454 834 2493 invenisset,
859 2466 943 2487 con-

216 2498 306 2531 sulto
328 2498 464 2531 oraculo
488 2511 525 2532 se
548 2499 592 2532 ad
615 2499 800 2532 Acheloum
823 2508 942 2532 contu-

215 2543 267 2584 lit,
281 2543 337 2576 ubi
349 2544 476 2588 pariter
487 2545 680 2585 Callirhoes,
696 2545 833 2578 Acheloi
847 2546 945 2586 filiae,

216 2601 332 2623 amore
349 2597 464 2633 captus
486 2591 589 2624 fatale
608 2603 723 2625 aurum
741 2591 876 2624 tradere
897 2592 946 2624 iu-

218 2635 326 2669 betur.
374 2635 435 2669 llle
459 2649 495 2670 se
517 2638 643 2671 monile
663 2637 817 2671 daturum
841 2637 945 2681 polli-

219 2688 315 2715 cetur
329 2689 430 2727 atque
446 2695 483 2716 ea
499 2696 613 2717 caussa
629 2684 672 2717 ad
689 2683 946 2729 Alphesiboeam

219 2728 423 2772 repetiturus
445 2729 530 2762 illud
554 2730 753 2770 contendit3
787 2741 903 2763 verum
927 2741 946 2762 a

220 2773 345 2818 Phegei
367 2774 441 2807 filiis
463 2783 514 2808 est
533 2776 675 2810 occisus.
699 2778 734 2817 3,
761 2776 812 2810 11.

175 2820 282 2853 Aleius
299 2831 442 2862 campus,
460 2818 597 2866 ’Δλήῐαν
615 2822 741 2863 πεδίον,
764 2822 799 2854 in
821 2821 946 2861 Cilicia,

222 2865 320 2899 Asiae
342 2867 479 2900 minoris
506 2868 663 2912 regione,
686 2869 798 2902 situm.
831 2867 865 2908 3,
888 2866 946 2902 63-

176 2911 365 2953 Alexander,
385 2914 608 2947 Macedonum
624 2926 682 2948 rex
704 2914 785 2958 (333
797 2926 827 2947 a.
839 2913 946 2955 Chr.)-

176 2956 325 2998 Allienus,
343 2960 386 2991 Μ.
398 2961 559 3002 Pelignus,
581 2961 624 2994 ab
640 2960 801 2994 Africano
819 2959 948 2992 minore

734 31 882 64 INDEX
905 29 1185 65 HlSTORICUS.

1021 111 1053 143 in
1079 122 1189 154 pugna
1212 116 1308 144 scuto
1331 117 1506 154 protectus
1525 111 1627 144 morti
1648 111 1748 156 eripi-

1020 163 1086 188 tur.
1107 161 1140 194 4,
1162 157 1216 189 50.

974 204 1172 244 Amafinius,
1195 200 1416 245 philosophus
1437 201 1621 245 epicureus.
1670 202 1745 234 Ma-

1020 248 1070 280 lus
1113 254 1230 279 auctor
1273 246 1315 279 de
1359 247 1572 291 philosophia
1613 246 1746 281 latinus.

1020 293 1160 337 Physica
1182 292 1335 336 epicurea
1356 292 1500 337 scripsit.

974 352 1164 390 Ambracia,
1188 349 1412 393 Thesprotiae
1436 349 1525 390 urbs,
1549 349 1592 382 ad
1611 349 1747 382 nuvium

1020 395 1226 429 Arachthum
1244 395 1320 437 sita,
1345 395 1595 429 Corinthiorum
1616 394 1748 429 colonia

1022 441 1136 485 (hodie
1159 442 1264 481 Arta).
1291 442 1327 480 1,
1349 440 1405 475 134.

974 490 1198 529 Amphiaraus.
1234 488 1335 520 Vates
1358 486 1501 530 argivus,
1526 499 1624 532 quem
1637 486 1747 519 Adra-

1019 541 1089 566 stus
1115 545 1173 566 rex
1204 545 1316 566 secum
1340 532 1384 565 ad
1405 532 1528 566 bellum
1549 532 1748 567 Thebanum

1021 579 1142 612 ducere
1167 579 1295 616 voluit;
1321 579 1381 611 sed
1401 578 1457 611 ille
1479 579 1685 623 praesciens,
1711 589 1747 609 se

1019 625 1111 657 illinc
1134 636 1200 657 non
1226 625 1421 665 rediturum,
1447 624 1566 664 latuit3
1592 631 1626 657 et
1647 634 1748 668 quum

1020 671 1077 703 diu
1111 670 1252 703 inveniri
1286 682 1352 703 non
1379 677 1512 715 posset,
1548 669 1686 703 taudem
1706 669 1747 701 ab

1021 717 1180 761 Eriphyle
1204 728 1306 749 uxore
1329 729 1407 757 sua,
1443 728 1544 749 aureo
1569 715 1685 749 monili
1707 714 1750 748 ab

1019 763 1164 796 Adrasto
1187 774 1266 806 rege
1287 770 1463 807 corrupta,
1488 761 1672 806 productus
1693 767 1749 794 at-

1020 820 1085 853 que
1109 808 1156 840 ita
1187 808 1352 853 proticisci
1383 815 1516 841 coactus
1550 808 1660 852 primo
1682 806 1749 847 die,

1019 866 1086 898 quo
1120 854 1163 886 ad
1188 855 1323 888 Thebas
1359 855 1473 894 venit,
1512 854 1606 887 hiatu
1638 860 1749 886 terrae

1019 900 1197 943 absorptus
1219 907 1281 932 est.
1305 904 1338 939 2,
1359 900 1414 934 60.
1465 899 1518 932 cf.
1539 902 1686 942 Epigoni.

971 958 1185 997 Anacharsis,
1209 956 1357 1001 Scytha,
1381 956 1527 1001 sapiens,
1548 956 1748 1001 Scytharum

1017 1009 1089 1035 tum
1112 1003 1199 1046 regis
1224 1004 1349 1043 frater,
1386 1002 1518 1036 Solonis
1539 1001 1748 1048 temporibus

1018 1048 1173 1082 florebat.
1198 1050 1230 1089 5,
1256 1049 1311 1082 90.

972 1096 1155 1136 Anacreon,
1189 1102 1290 1138 poeta
1313 1094 1323 1126 l
1352 1094 1436 1127 ricus
1456 1105 1497 1126 ex
1514 1095 1610 1134 Teo,
1635 1093 1750 1127 Ioniae

1020 1141 1178 1181 civitate,
1213 1141 1306 1174 oriun
1336 1152 1393 1181 us,
1428 1139 1632 1185 aliquamdiu
1657 1139 1748 1185 apud

1019 1187 1251 1232 Polycratem,
1287 1187 1375 1219 Sami
1400 1193 1600 1231 tyrannum,
1630 1192 1750 1231 postea

1019 1233 1161 1266 Athenis
1186 1233 1275 1278 apud
1298 1232 1503 1266 Pisistratum
1526 1232 1618 1265 vixit.
1663 1231 1747 1265 Flo-

1019 1279 1086 1312 ruit
1112 1291 1140 1312 c.
1162 1291 1191 1311 a.
1217 1280 1285 1313 530
1296 1291 1326 1312 a.
1341 1279 1418 1312 Chr.
1444 1278 1585 1324 Scripsit
1604 1278 1749 1311 carmina

1019 1325 1192 1358 amatoria.
1217 1323 1258 1363 4,
1285 1324 1338 1359 71.

975 1373 1205 1413 Anaxaqoras‚
1243 1370 1492 1412 Clazomenius,
1528 1369 1749 1414 philosophus

1019 1416 1284 1450 sectaeionicae.
1320 1417 1440 1450 Rerum
1461 1415 1660 1449 naturalium
1676 1421 1748 1448 stu-

1021 1462 1078 1496 dio
1094 1463 1127 1495 in
1146 1463 1260 1507 pn'mis
1276 1473 1296 1495 o
1323 1474 1413 1495 eram
1431 1462 1537 1503 dedit,
1562 1461 1641 1495 inde
1657 1461 1749 1506 Phy-

1021 1508 1106 1541 sicus
1127 1516 1177 1541 est
1199 1509 1299 1553 appel
1314 1515 1399 1542 atus.
1440 1508 1518 1541 Fuit
1541 1508 1661 1542 doctor
1684 1507 1750 1540 Pe·-

1021 1554 1121 1586 riclis.
1179 1556 1217 1587 ln
1244 1555 1394 1588 exsilium
1424 1554 1542 1590 missus
1573 1552 1751 1599 Lampsaci

1022 1600 1116 1633 obiit.

973 1648 1196 1687 Anaxarchus,
1220 1646 1452 1691 philosophus,
1476 1646 1658 1691 discipulus
1681 1646 1751 1679 De-

1019 1692 1166 1732 mocriti,
1191 1692 1371 1725 Alexandri
1393 1693 1441 1725 M.
1462 1692 1498 1725 in
1522 1691 1751 1737 expeditioni-

1020 1738 1080 1771 bus
1104 1749 1236 1779 comeS‚
1263 1737 1542 1780 Nicocreontem‚
1570 1737 1675 1783 Cypri
1694 1749 1752 1770 re—

1020 1795 1116 1828 gem,
1158 1784 1321 1824 laeserat,
1364 1784 1419 1836 qui
1457 1790 1537 1829 post
1569 1782 1753 1817 Alexandri

1020 1838 1167 1862 mortem
1184 1842 1259 1862 eum
1276 1830 1420 1863 interhci
1435 1829 1541 1862 iussit.
1563 1832 1597 1871 2,
1616 1830 1672 1863 52.

973 1889 1204 1929 Andromache,
1227 1887 1385 1921 Hectoris
1401 1899 1495 1927 uxor,
1512 1886 1677 1928 Eetionis,
1694 1897 1751 1919 re—

1021 1933 1071 1977 gis
1089 1934 1300 1974 Thebarum,
1324 1933 1402 1967 filia.
1448 1934 1586 1966 Mortuo
1603 1932 1752 1972 Hectore

1020 1979 1167 2024 Pyrrhus
1179 1979 1316 2013 Achillis
1337 1979 1423 2013 filius
1437 1991 1510 2013 eam
1527 1979 1563 2013 in
1577 1977 1752 2013 Graeciam

1020 2025 1170 2058 abduxit.
1193 2026 1236 2067 3,
1262 2023 1317 2060 45.
1341 2027 1397 2060 53.

975 2073 1183 2105 Andronicus.
1221 2071 1300 2104 Vid.
1324 2073 1447 2106 Livius.

976 2120 1126 2151 Anticlea.
1162 2119 1203 2151 V.
1226 2117 1271 2150 ad
1294 2118 1338 2159 5,
1363 2116 1418 2153 46.

975 2165 1164 2204 Antiochus,
1197 2164 1393 2197 Ascalonita
1413 2175 1432 2196 e
1453 2175 1542 2198 nova
1559 2161 1754 2204 Aoedemia,

1023 2209 1158 2243 dicendi
1178 2209 1416 2254 peritissimus,
1442 2209 1586 2250 Luculli,
1615 2208 1754 2243 Cicero-

1023 2256 1074 2289 nis
1095 2263 1130 2288 et
1150 2255 1246 2289 Bruti
1267 2262 1489 2301 praeceptor,
1519 2255 1670 2290 Philonis
1697 2254 1754 2288 di—

1022 2301 1181 2346 scipulus,
1205 2302 1307 2346 longe
1325 2301 1425 2335 aliam
1445 2313 1487 2335 ac
1506 2301 1610 2335 ceteri
1619 2300 1754 2335 Acade-

1023 2347 1101 2380 mici
1126 2348 1212 2380 viam
1244 2349 1412 2391 ingressus
1442 2354 1504 2381 est.
1552 2347 1644 2381 Alias
1665 2347 1754 2381 enim

1024 2394 1260 2439 philosophiae
1272 2393 1478 2438 disciplinas,
1491 2393 1527 2427 in
1537 2393 1654 2439 primis
1664 2394 1753 2427 stoi-

1025 2452 1098 2473 cam
1122 2447 1156 2472 et
1177 2440 1453 2485 peripatetioem,
1478 2451 1555 2474 cum
1572 2439 1754 2474 Academia

1023 2485 1057 2518 in
1093 2486 1309 2520 concordiam
1338 2485 1492 2531 redigere
1519 2493 1659 2520 conatus
1690 2491 1753 2519 est.

979 2545 1153 2585 Antipater.
1188 2543 1335 2576 Plurium
1355 2543 1452 2577 huius
1473 2543 1616 2577 nominis
1635 2542 1751 2586 philo-

1023 2589 1337 2669 {uncas
1350 2588 1754 2668 ³¹²..2‘fa‘2‘zffi‘353332

1025 2646 1122 2724 Ρῖῗιιὲ
1137 2646 1299 2724 Diogeni?
1306 2646 1490 2725 Βὲἷςιοηῑῖ,
1500 2647 1636 2714 ‘imfimo
1647 2679 1750 2713 disci-

1025 2725 1138 2769 plinae
1162 2727 1289 2760 assecla
1309 2726 1497 2771 doctorque
1517 2726 1684 2766 Panaetii,
1707 2746 1754 2752 —

1028 2774 1134 2812 Tyrii,
1169 2772 1226 2816 qui
1248 2772 1314 2805 fuit
1345 2771 1525 2817 discipulus
1544 2771 1695 2805 Panaetii
1719 2779 1754 2806 et

1027 2811 1200 2850 familiaris
1214 2817 1351 2851 Catonis
1367 2818 1534 2852 Uticensis
1555 2818 1756 2863 scripsitque

1027 2863 1071 2896 de
1107 2863 1228 2897 officiis
1241 2888 1252 2904 ,
1274 2884 1320 2889 -
1365 2866 1532 2906 Cyrenaici
1562 2863 1756 2910 philosophi

1031 2911 1077 2954 (ὁ,
1101 2909 1202 2954 112).
1238 2911 1348 2951 Quem
1367 2922 1409 2943 ex
1425 2910 1466 2944 iis
1484 2909 1603 2945 Cicero
1623 2911 1658 2950 5,
1680 2909 1756 2946 107.

1029 2955 1212 3000 significet,
1237 2967 1305 2990 non
1329 2957 1410 2990 satis
1434 2956 1549 3002 liquet.
