1811 3069
157 25 212 67 48
681 31 1185 74 L1BER1.7‚14.8,15.

155 117 286 158 miser
315 120 376 156 est
409 113 472 155 M.
505 112 710 163 Crassus,
749 111 818 152 sed
850 119 1019 154 tantum:
1064 115 1193 155 miser
1224 114 1288 156 M.
1322 112 1517 157 Crassus.
1575 115 1633 158 A.
1665 113 1725 157 Ita

154 190 282 247 plane.
348 194 414 230 14.
449 187 516 229 M.
546 184 667 240 Quasi
692 200 770 226 non
805 200 968 227 necesse
990 187 1066 239 sit,
1101 188 1280 242 quicquid
1309 188 1383 229 isto
1412 189 1525 230 modo
1553 204 1724 250 pronun:

154 264 254 315 ties,
294 264 330 304 id
358 270 424 303 aut
446 275 560 311 esse,
594 266 660 300 aut
689 274 767 300 uon
796 273 900 300 esse.
964 261 1028 301 An
1055 269 1094 301 tu
1119 261 1332 302 dialecticis
1367 276 1416 302 ne
1439 262 1609 304 imbutus
1643 263 1726 317 qui-

155 339 241 380 dem
268 338 338 379 es?
392 334 435 376 In
461 334 593 390 primis
619 333 720 374 euim
744 333 817 374 hoc
841 335 1028 375 traditur:
1064 350 1176 376 omne
1208 335 1496 389 pronuntiatum
1530 336 1602 391 (sic
1622 337 1724 377 enim

152 413 245 454 mihi
275 412 314 452 in
344 408 567 466 praesentia
604 408 794 459 occurrit,
837 416 879 448 ut
902 409 1136 463 appellarem
1172 404 1347 462 οἷξίωμας
1392 417 1481 450 utar
1508 417 1596 465 post
1627 410 1720 461 alio,

153 488 185 527 si
212 487 400 527 invenero
427 482 606 534 melius3)
639 481 674 521 id
701 496 795 536 ergo
821 489 880 522 est
900 482 1186 537 pronuntiatum
1203 513 1213 532 ,
1254 483 1356 537 quod
1382 490 1441 523 est
1462 497 1624 534 verum,
1658 490 1725 523 aut

151 561 308 602 falsum.
384 556 513 611 Quum
547 556 641 596 (licis
674 555 814 610 igitur:
864 557 994 597 miser
1031 555 1095 596 M.
1134 554 1346 605 Crassus,-
1392 564 1459 597 aut
1496 556 1569 597 hoo
1602 557 1720 597 dicis:

149 636 279 676 miser
306 637 367 674 est
391 631 454 672 M.
484 628 689 680 Crassus,
720 637 762 670 ut
792 630 915 685 possit
948 629 1135 680 iudicari,
1170 644 1306 672 verum
1328 631 1390 682 id,
1425 630 1616 671 falsumne
1647 629 1720 681 sit,

149 716 217 751 aut
247 707 341 749 nihil
373 704 467 745 diois
495 703 668 744 omnino.
742 703 796 743 A.
831 703 920 757 Age
951 704 1028 744 iam
1062 704 1260 755 concedo,
1305 719 1384 744 uon
1415 718 1504 745 esse
1535 704 1719 755 miseros,

150 782 216 838 qui
245 780 386 822 mortui
415 778 517 829 sint,
566 777 747 832 quoniam
785 777 1012 828 extorsisti,
1057 785 1098 818 ut
1132 778 1300 830 faterer,
1354 778 1419 833 qui
1450 778 1607 819 omnino
1642 792 1723 819 non

149 862 300 906 essent,
333 868 401 895 eos
423 867 471 893 ne
491 851 654 892 miseros
675 851 828 905 quidem
848 865 937 892 esse
958 865 1089 906 posse.
1141 850 1275 905 Quid?
1306 852 1370 906 qui
1389 851 1587 907 vivimus,
1603 866 1721 906 quum

147 929 394 972 moriendum
415 927 488 976 sit,
529 939 659 966 nonne
681 925 815 965 miseri
838 926 1001 965 sumus?
1057 924 1170 979 Quae
1194 925 1296 965 enim
1319 932 1448 980 potest
1470 925 1510 965 in
1532 926 1610 966 vita
1632 938 1722 966 esse

147 1002 395 1053 iucunditas,
437 1014 554 1055 quum
589 999 670 1039 dics
703 1005 742 1039 ct
772 1006 908 1039 noctes
941 998 1187 1053 cogitandum
1224 999 1301 1051 sit,
1343 999 1421 1039 iam
1451 998 1604 1054 iamque
1634 1011 1722 1040 esse

142 1075 424 1120 moriundum?

258 1147 378 1191 VIII.
421 1154 489 1188 15.
525 1147 592 1188 M.
625 1145 753 1201 Ecqui
783 1160 878 1200 ergo
900 1145 1112 1200 intelligis,
1157 1130 1340 1201 quantum
1365 1146 1455 1187 mali
1480 1147 1527 1189 de
1551 1146 1721 1187 humana

144 1224 369 1267 conditione
406 1221 625 1262 deieceris?

699 1220 754 1259 Α.
798 1218 981 1272 Quonam
1019 1220 1164 1260 modo?
1222 1220 1291 1260 M.
1341 1218 1468 1273 Quia,
1514 1220 1547 1260 si
1586 1220 1716 1260 *mors

142 1299 264 1341 ctiam
303 1295 467 1338 mortuis
508 1294 693 1334 miserum
732 1300 862 1344 esset,
907 1293 1098 1334 infinitum
1138 1294 1325 1349 quoddam
1358 1301 1398 1335 et
1435 1293 1715 1349 sempiternum

143 1445 227 1469 mere
247 1435 269 1466 i.
294 1445 322 1465 e.
348 1431 467 1464 acriter
496 1430 661 1474 persequi)
696 1435 747 1461 est
769 1429 911 1461 dicendo

143 1488 203 1513 aut
227 1477 427 1522 disputando
455 1487 569 1519 urgere
594 1475 744 1518 aliquem.
791 1478 913 1508 Forcel-

143 1529 203 1559 lini.
222 1525 322 1558 Thes.
343 1524 376 1555 h.
391 1535 423 1554 v.

213 1579 268 1615 14.
314 1583 347 1612 in
368 1578 493 1621 primis]
519 1579 562 1609 H.
578 1589 605 1610 e.
630 1576 661 1608 in
683 1576 805 1615 initiis,
839 1577 912 1609 cle-

144 1627 286 1666 mentis,
311 1625 529 1657 fundamento
553 1622 811 1654 dialecticorum.

211 1686 291 1717 mihi
313 1686 344 1715 in
367 1682 543 1722 praesentia
568 1681 716 1719 occurrit,
749 1683 783 1710 ut
805 1681 912 1719 appel-

145 1730 257 1772 larem]
284 1728 357 1760 Fin.
374 1728 431 1758 Ill.
453 1725 514 1763 16,
542 1725 605 1757 53:
632 1724 722 1767 quod
742 1724 787 1755 illi
809 1721 911 1758 ἀδιά-

144 1788 245 1820 φορον
261 1774 392 1811 dicunt,
417 1771 452 1803 id
471 1770 552 1802 mihi
573 1769 619 1801 ita
639 1772 772 1802 occurrit
793 1771 913 1813 (ρπβ,

144 1828 181 1853 ut
198 1820 393 1853 indifferens
413 1819 557 1848 dicerem.

212 1886 301 1909 omne
321 1872 571 1915 pronuntiatum]
607 1872 658 1903 CF.
680 1870 909 1913 Acad.11:29,

144 1921 209 1956 95:
236 1920 487 1953 fundamentum
506 1917 699 1949 dialecticae
721 1924 787 1955 est,
815 1916 910 1959 quic—

145 1966 224 2011 quid
237 1965 425 1998 enuntietur
439 1963 485 2006 tid
498 1970 607 1994 autem
623 1962 791 2005 appellant
804 1960 909 2002 ἀξίω-

147 2024 213 2056 μα,
239 2010 328 2055 quod
353 2016 403 2040 est
425 2007 517 2051 quasi
537 2007 692 2050 effatum,)
721 2014 778 2039 aut
798 2019 910 2039 verum

147 2069 238 2096 csse,
264 2062 320 2087 aut
340 2054 470 2086 falsum.

212 2104 246 2135 id
267 2111 338 2142 eryo
361 2102 419 2139 est]
445 2097 572 2131 Vocula
593 2107 664 2137 ergo
688 2103 766 2139 post
787 2109 911 2140 paren—

145 2147 254 2181 thesin
288 2146 330 2177 ad
360 2143 544 2176 orationem
574 2142 791 2185 interruptam
822 2143 911 2174 reci-

144 2192 301 2237 piendam
322 2188 589 2232 frequentissima
609 2193 669 2218 est.
716 2187 829 2218 Oratio
849 2199 908 2218 au-

146 2246 216 2271 tem
235 2234 460 2272 οἷνακόὶωυὲος
476 2240 544 2265 est:
570 2232 616 2264 ita
635 2232 720 2263 enim
743 2239 813 2263 erat
828 2244 908 2264 con-

144 2282 322 2316 tinuanda:
348 2278 597 2324 pronuntiatum
620 2289 698 2320 ergo
724 2289 837 2309 verum
860 2285 910 2309 est

145 2337 202 2363 aut
226 2328 355 2360 falsum.

212 2384 320 2407 verum
339 2374 383 2411 id,
406 2373 562 2412 falsumne
579 2368 631 2412 sit]
656 2368 749 2399 Haec
770 2366 834 2399 duo
854 2367 910 2399 in-

144 2417 379 2463 terrogationis
401 2415 547 2448 membra
578 2425 645 2445 non
677 2412 738 2444 sibi
768 2412 909 2445 invicem

148 2465 302 2510 opposita
323 2469 416 2499 sunt3
438 2472 513 2492 nam
536 2467 603 2491 tum
626 2457 799 2490 dicendum
820 2465 906 2489 erat:

143 2521 253 2545 verum
275 2511 329 2550 id,
353 2519 396 2541 an
420 2509 536 2548 fulsum
557 2507 617 2544 εἰη
641 2503 700 2535 sed
721 2503 766 2534 ita
789 2503 908 2546 posita,

145 2564 183 2589 ut
203 2563 376 2598 utrumque
399 2565 459 2595 per
481 2563 516 2583 se
535 2556 715 2593 spectetur,
741 2548 832 2591 quasi
851 2549 906 2579 di-

147 2613 220 2635 cas:
261 2607 297 2632 ut
320 2598 426 2643 possit
445 2595 602 2632 iudicari,
627 2604 772 2626 verumne
795 2593 829 2624 id
852 2594 905 2632 sit,

147 2654 181 2679 et
200 2653 237 2678 ut
256 2646 361 2690 possit
375 2642 521 2681 iudicari,
543 2643 696 2682 falsumne
714 2638 748 2669 id
765 2638 819 2669 sit.
854 2639 904 2670 Cf.

149 2693 277 2724 Caesar.
304 2693 337 2723 Β.
355 2691 395 2722 G.
413 2690 495 2727 Vll,
524 2684 583 2719 114:
607 2696 713 2728 neque
736 2684 905 2723 iuteresse,

144 2740 267 2777 ipsosne
275 2735 485 2771 interficiant,
495 2732 759 2773 impedimentisne
769 2736 905 2761 exuant:

148 2782 204 2813 ubi
224 2795 255 2814 v.
268 2785 398 2822 Herzog.
439 2779 491 2811 Cf.
511 2776 698 2810 Kithner.L.
716 2775 773 2807 Gr.
788 2776 815 2820 §.
833 2774 907 2808 158.

148 2826 230 2858 Not.
245 2829 295 2860 15.
316 2839 348 2870 p.
361 2824 428 2861 264
448 2836 496 2869 sq.
525 2822 577 2855 etl.
592 2822 624 2854 2.

200 2883 296 2916 .CAP.
316 2884 404 2915 VIII.
432 2882 483 2916 15.
529 2883 568 2913 de
584 2882 723 2912 humana
739 2878 910 2910 conditione

149 2928 309 2971 deieceris]
332 2928 375 2960 H.
399 2940 427 2961 e.
451 2933 611 2971 quantum
634 2924 713 2958 mali
733 2923 820 2957 vitae
843 2923 910 2955 hu-

945 1441 1061 1462 manae
1074 1428 1265 1462 detraxeris.
1304 1429 1395 1462 Infra
1408 1430 1449 1461 ΙΙ.
1464 1429 1495 1468 5,
1518 1426 1580 1461 14:
1606 1440 1715 1472 quan·-

945 1482 1016 1507 tum
1051 1476 1092 1507 de
1123 1475 1248 1507 doloris
1279 1481 1408 1507 terrore
1437 1473 1606 1506 deieceris.
1655 1475 1712 1506 IV.

947 1520 955 1528 ¹
970 1521 1009 1560 7,
1035 1520 1098 1554 8οε
1126 1520 1205 1553 vitia
1229 1520 1358 1552 ratione
1381 1533 1400 1553 a
1420 1532 1456 1552 se
1478 1531 1549 1552 esse
1574 1518 1714 1553 deiecta.

1012 1599 1096 1621 mors
1116 1591 1208 1621 etiam
1230 1591 1360 1621 mortuis
1378 1591 1527 1620 miserum
1547 1588 1636 1629 esset]
1660 1586 1715 1619 Sic

944 1636 1099 1666 Bentleius
1133 1645 1193 1677 pro
1222 1636 1301 1666 mori
1325 1633 1499 1676 legendum
1530 1632 1713 1676 suspicatus

946 1686 1007 1710 est.
1070 1679 1267 1711 Coniectura
1304 1679 1436 1722 egregia
1472 1690 1510 1710 ac
1545 1677 1712 1721 palmaris,

946 1736 1043 1767 quam
1063 1736 1129 1756 non
1149 1724 1296 1756 dubitavi
1316 1725 1348 1755 in
1369 1724 1520 1756 ordinem
1536 1723 1713 1755 verborum

943 1770 1101 1812 recipcre.
1150 1769 1256 1810 Quid,
1287 1781 1427 1812 quaeso,
1455 1769 1624 1801 absurdius
1650 1780 1725 1800 co-.

944 1815 1040 1857 gitari
1054 1822 1177 1858 potest,
1201 1826 1297 1858 quam
1308 1814 1483 1854 sententia,
1507 1826 1603 1857 quam
1617 1825 1713 1857 prae-

944 1861 1001 1892 bet
1024 1860 1122 1892 lectio
1147 1862 1254 1892 mori?
1303 1861 1367 1900 Qui
1387 1859 1522 1891 tandem
1545 1860 1579 1891 h.
1596 1859 1630 1897 1.‚
1658 1858 1714 1890 ubi

944 1905 986 1937 de
1004 1908 1071 1937 iam
1086 1909 1216 1938 mortuis
1233 1905 1349 1948 agitur,
1375 1905 1625 1936 commemorari
1644 1915 1712 1946 po·-

943 1957 1009 1982 test
1028 1953 1182 1983 moriendi
1200 1952 1300 1989 actio,
1324 1951 1355 1982 h.
1371 1962 1399 1981 e.
1420 1951 1578 1988 transitus
1597 1961 1637 1980 ex
1657 1949 1711 1980 vi-

944 2008 1061 2028 vorum
1094 1996 1285 2028 conditione
1309 1996 1343 2028 in
1373 1993 1608 2027 mortuorum?
1664 1997 1711 2027 At

946 2045 1054 2073 mortis
1076 2053 1194 2074 nomen
1221 2041 1346 2084 optime
1371 2040 1529 2073 convenit
1559 2039 1592 2072 in
1622 2040 1711 2072 hunc

946 2086 1074 2124 locum;
1093 2097 1177 2119 mors
1194 2087 1279 2118 enim
1293 2090 1484 2119 mortuorum
1495 2085 1712 2128 intelligenda

947 2138 996 2162 est
1010 2139 1125 2171 status,
1144 2132 1177 2163 in
1192 2144 1256 2175 quo
1272 2131 1395 2164 mortui
1410 2138 1590 2163 versantur.
1625 2130 1710 2163 Tul—

945 2176 979 2206 lii
1011 2176 1111 2218 igitur
1135 2177 1298 2209 sententia
1330 2176 1412 2208 haec
1443 2180 1509 2208 est:
1546 2175 1710 2207 infinitum

945 2221 1112 2263 quoddam
1145 2229 1177 2253 et
1202 2223 1435 2265 sempiternum
1459 2221 1579 2253 malum
1601 2221 1708 2253 habe-

944 2278 1062 2304 remus,
1083 2266 1111 2297 si
1131 2278 1198 2298 non
1215 2267 1320 2298 solum
1341 2266 1408 2298 vita
1429 2267 1509 2309 ipsa,
1531 2266 1591 2297 sed
1608 2265 1710 2299 etiam.

944 2318 1066 2351 status,
1106 2312 1138 2342 in
1163 2323 1258 2354 quern
1281 2317 1357 2355 post
1376 2311 1462 2343 hauc
1486 2311 1587 2342 vitam
1609 2311 1709 2342 defe-

944 2356 1063 2395 rimur,
1090 2363 1123 2388 et
1143 2356 1175 2388 in
1199 2368 1264 2400 quo
1286 2356 1408 2389 mortui
1428 2363 1617 2394 versantur,
1643 2356 1709 2388 mi-

943 2413 995 2434 ser
1016 2408 1112 2435 esset.
1162 2401 1376 2445 Corruptelae
1397 2413 1508 2433 caussa
1528 2401 1636 2444 posita
1654 2401 1706 2434 vi-

943 2447 1041 2479 detur
1059 2447 1090 2479 in
1112 2454 1230 2479 neutro
1249 2450 1409 2487 miserum,
1434 2447 1522 2479 cuius
1542 2447 1590 2478 vis
1611 2458 1708 2490 quam

943 2500 1020 2536 apta
1045 2492 1120 2524 huic
1143 2493 1217 2524 loco
1247 2493 1310 2534 sit,
1349 2492 1523 2525 obscurum
1545 2503 1613 2524 non
1644 2499 1705 2532 est,

942 2544 978 2569 ut
997 2538 1039 2569 ad
1059 2539 1218 2576 Fam.VI‚
1243 2539 1305 2570 ‘211
1330 2538 1474 2570 omnium
1494 2549 1602 2569 rerum
1623 2548 1708 2570 mors

941 2589 991 2614 est
1012 2588 1190 2615 extremum.
1242 2583 1292 2614 Cf.
1315 2595 1376 2616 nos
1395 2583 1430 2615 in
1456 2583 1514 2615 Gr.
1528 2584 1567 2616 L.
1583 2585 1612 2627 ᾗ.
1629 2582 1703 2616 103.

940 2628 1021 2659 Νοῖ.
1035 2630 1066 2661 2.
1090 2640 1122 2671 p.
1141 2628 1212 2660 140.
1236 2628 1288 2659 ed.
1302 2629 1334 2661 2.

1007 2698 1040 2727 in
1060 2698 1146 2727 vita:
1169 2706 1251 2727 nunc
1271 2695 1376 2739 video]
1409 2697 1563 2728 Bentleius
1593 2695 1705 2728 locum

942 2739 989 2772 sic
1007 2740 1274 2783 distinguendum
1299 2747 1429 2772 censet:
1454 2742 1531 2781 quia
1546 2759 1592 2764 —
1609 2742 1705 2773 habe-

940 2796 1053 2818 remus.
1098 2788 1134 2818 1η
1156 2788 1222 2817 vita
1241 2796 1323 2817 nunc
1342 2787 1432 2818 video
1453 2787 1588 2818 calcem:
1620 2797 1704 2829 quae

942 2830 1028 2862 ratio
1048 2830 1136 2862 haud
1153 2830 1222 2862 scio
1238 2842 1279 2862 an
1298 2830 1438 2862 maxime
1454 2830 1632 2873 probabilis
1647 2830 1701 2863 sit.

941 2877 1031 2909 Tota
1053 2875 1140 2908 enim
1163 2875 1382 2919 oppositionis
1405 2875 1454 2909 'vis
1476 2888 1543 2909 non
1564 2875 1599 2909 in
1619 2885 1702 2909 nunc

942 2921 1051 2965 posita
1070 2928 1130 2964 est,
1151 2921 1212 2954 sed
1227 2920 1262 2953 in
1280 2921 1406 2955 verbis:
1428 2924 1462 2955 in
1478 2925 1556 2964 vila,
1577 2921 1702 2967 quippe

1791 319 1800 326 x

1808 445 1811 483 ἱ

1808 531 1811 542 t

1807 546 1811 640 l

1806 646 1811 676 ε

1805 677 1811 706 ὲ

1806 715 1811 726 ’1
