1859 3133
586 73 759 107 Lmen
785 75 809 107 1.
835 73 985 130 25,63.
1009 73 1076 119 26,
1100 75 1156 111 64.
1614 75 1671 118 83

71 170 144 210 re,
187 155 258 198 sed
287 154 482 200 vocabulo
513 154 704 196 errantia.
768 154 950 210 Quorum
983 160 1272 202 conversiones
1293 174 1510 218 omnesque
1535 173 1666 209 motus

53 232 139 288 vqui
162 231 355 288 [animus]
378 229 502 282 vidit,
547 229 579 271 is
606 229 762 283 docuit,
809 232 977 274 similem
999 234 1172 275 animum
1196 248 1310 276 suum
1333 236 1419 278 eius
1441 251 1557 292 esse,
1599 243 1665 297 qui

73 320 123 349 ea
144 306 357 349 fabricatus
374 312 486 346 esset
505 304 546 346 in
568 305 696 346 caelo.
758 311 829 347 63.
863 305 968 348 Nam
994 324 1111 364 quum
1134 309 1397 354 Archimedes
1421 313 1565 367 lunae,
1599 331 1664 358 30-

69 381 137 435 lis,
168 382 340 438 quinque
359 380 575 423 errantium
596 387 726 422 motus
746 381 784 422 in
809 381 1016 437 sphaeram
1041 384 1223 440 illigavit,
1257 386 1390 429 effecit
1409 388 1529 442 idem,
1560 393 1664 447 quod

67 455 162 510 ille,
204 455 271 512 qui
298 456 339 497 in
358 455 529 498 Timaeo
563 456 747 497 mundum
779 457 1004 499 aedificavit
1029 457 1209 502 Platonis
1242 462 1363 515 deus,
1408 471 1451 505 ut
1481 467 1664 510 tarditate

70 537 111 573 et
132 530 339 574 celeritate
363 531 644 573 dissimillimos
670 539 802 573 motus
835 546 912 573 una
940 541 1101 588 regeret
1131 537 1361 579 conversio.
1425 537 1541 594 Quod
1565 542 1600 584 si
1622 543 1664 586 in

68 605 144 648 hoc
166 607 311 648 mundo
337 606 423 648 fieri
446 606 532 648 sine
558 606 632 648 deo
659 621 739 648 non
763 614 917 663 potest,
962 622 1012 649 ne
1042 608 1080 649 in
1108 609 1277 665 sphaera
1313 614 1467 668 quidem
1500 617 1662 661 eosdem

67 687 199 723 motus
221 680 485 723 Archimedes
510 681 598 723 sine
623 681 758 723 divino
787 683 947 737 ingenio
972 683 1166 739 potuisset
1190 685 1352 728 imitari.

180 754 350 798 XXVI.
383 761 454 798 64.
494 754 597 798 Mihi
619 771 717 798 vero
742 771 790 798 ne
818 757 916 799 haec
941 759 1097 813 quidem
1119 761 1275 802 notiora
1297 769 1337 803 et
1357 762 1576 808 illustriora
1597 782 1663 810 ca-

66 843 159 873 rere
185 830 227 873 vi
250 831 384 873 divina
410 831 619 884 videntur,
653 839 698 874 ut
721 846 795 888 ego
827 840 894 875 aut
917 839 1072 890 poe’tam
1093 848 1219 889 grave
1243 836 1477 894 plenumque
1504 856 1663 885 carmen

66 903 154 947 sine
183 905 348 948 caelesti
372 907 502 963 aliquo
526 908 669 950 mentis
694 908 884 950 instinctu
908 916 1040 965 putem
1072 910 1263 962 fundere,
1307 920 1375 954 aut
1398 914 1664 970 eloquentiam

66 979 154 1022 sine
184 981 336 1023 maiore
359 983 526 1038 quadam
557 983 596 1024 vi
624 983 772 1035 fluere,
816 984 1083 1026 abundantem
1107 986 1341 1028 sonantibus
1375 990 1508 1032 verbis
1533 992 1665 1035 uberi-

67 1053 221 1111 busque
242 1056 468 1099 sententiis.
528 1056 785 1114 Philosophia
801 1073 915 1111 vero‚
951 1060 1122 1101 omnium
1143 1068 1269 1102 mater
1289 1063 1430 1104 artium
1444 1096 1454 1115 ‚
1490 1066 1580 1120 quid
1603 1076 1665 1110 est

67 1129 200 1184 aliud,
233 1130 337 1183 nisi,
381 1137 424 1172 ut
450 1129 590 1185 Plato,
635 1133 805 1186 donum,
849 1141 893 1175 ut
925 1148 1026 1190 ego,
1071 1135 1275 1176 inventum
1299 1137 1493 1180 deorum?
1551 1141 1664 1186 Haec

69 1248 235 1283 euloetum
257 1250 392 1284 videtur
409 1263 428 1284 a
443 1251 641 1295 glossatore,
664 1253 719 1298 qui
740 1253 846 1297 signi-

66 1294 166 1328 fioere
189 1295 346 1337 volebat,
382 1298 485 1331 verba
514 1302 569 1340 qui
591 1301 670 1332 vidit
701 1311 768 1332 non
803 1300 847 1332 ad

65 1341 274 1386 astrologum
307 1343 495 1388 quendam,
538 1344 599 1377 sed
633 1346 770 1378 omniuo
803 1347 847 1380 ad

64 1386 246 1421 humanum
268 1388 412 1422 animum
434 1390 614 1424 referenda
637 1404 720 1424 esse.

131 1443 188 1479 63.
225 1447 440 1492 Archimedes]
477 1448 569 1481 Haec
600 1449 742 1493 sphaera
774 1456 846 1482 erat

63 1490 240 1532 machina,
265 1491 300 1524 in
326 1504 389 1537 qua
413 1494 624 1538 planetarum
648 1497 846 1528 conversio-

64 1548 125 1570 nes
143 1545 483 1582 repraesentarentur.
534 1541 586 1574 Cf.
612 1542 654 1574 N.
672 1543 712 1574 D.
730 1543 774 1584 11,
789 1544 845 1576 ὃὸ.

63 1582 245 1627 Eleganter
265 1584 400 1618 Ovidius
425 1586 513 1619 Fast.
528 1588 592 1627 Vl,
618 1588 704 1622 277:

88 1633 173 1663 Arte
189 1630 365 1675 Syracosia
379 1643 558 1676 suspensus
577 1633 612 1666 iu
632 1637 708 1666 ae‘re
733 1634 845 1668 clauso

93 1723 97 1727 ,
134 1688 210 1720 Stat
225 1687 344 1732 globus
359 1688 513 1723 immensi
527 1703 632 1735 parva
648 1691 751 1735 figura
765 1693 846 1737 poli.

132 1746 225 1785 Quod
243 1747 272 1778 si
287 1764 334 1770 —
354 1748 424 1788 fieri
444 1758 508 1781 non
529 1753 639 1790 polest,
662 1760 700 1782 ne
721 1769 766 1774 —
788 1761 846 1791 po-

64 1791 171 1824 tuisset
200 1791 335 1836 imitari]
372 1793 537 1826 Attendas
568 1795 611 1827 ad
645 1795 847 1840 singularem

65 1835 303 1870 conditionalis
327 1839 568 1873 enuntiationis
594 1842 754 1879 formam,
782 1854 845 1886 qua

64 1881 100 1915 in
119 1883 251 1926 protasi·
265 1895 423 1928 praesens
441 1885 625 1923 indicativi,
650 1887 684 1919 in
705 1889 847 1932 apodosi

64 1927 432 1975 plusquampertjectum
464 1933 670 1965 coniunctivi
699 1935 845 1977 positum

66 1981 138 2007 est:
177 1975 268 2008 cuius
288 1977 420 2019 generis
444 1978 596 2022 exempla
619 1979 699 2011 licet
721 1980 846 2012 rariora

65 2019 153 2060 sint,
177 2031 292 2054 eorum
321 2028 434 2055 tamen
456 2024 544 2056 ratio
567 2024 753 2057 rectissime
774 2037 846 2058 sese

64 2065 178 2099 habet.
227 2067 392 2100 Nimirum
419 2068 571 2101 conditio
593 2070 629 2101 in
655 2071 783 2114 protasi
810 2078 847 2103 ut

66 2119 158 2145 certa
175 2111 360 2145 indicativo
381 2113 540 2153 effertur3
564 2127 649 2159 quae
670 2123 782 2149 autem
807 2130 847 2150 ex

66 2156 131 2190 hac
153 2157 351 2201 simpliciter
373 2159 483 2203 posita
515 2161 709 2195 conditione.
735 2163 845 2196 effici-

65 2208 122 2235 tur
145 2204 339 2237 consecutio
362 2205 560 2249 exprimitur
582 2207 649 2248 ita,
686 2215 722 2241 ut
747 2210 846 2243 certis

67 2248 265 2293 quibusdam
296 2250 545 2285 conditionibus
579 2253 693 2287 futura
730 2255 845 2288 fuerit.

64 2294 242 2328 Sententia
258 2295 359 2339 igitur
376 2297 473 2331 huius
491 2298 560 2331 loci
577 2300 648 2332 aliis
668 2302 779 2334 verbis
798 2302 846 2335 ita

65 2347 182 2385 potaet
201 2341 368 2375 exhiberi:
403 2344 504 2384 Quod
521 2344 550 2377 si
572 2358 635 2390 pro
660 2355 753 2381 certo
777 2360 846 2392 po·-

65 2385 196 2427 nimus,
218 2387 287 2421 hoe
305 2388 338 2421 in
359 2389 486 2423 mundo
504 2391 576 2424 fieri
596 2392 668 2425 sine
688 2393 754 2426 deo
776 2406 844 2428 non

44 2476 48 2479 .
65 2443 186 2476 posse3
209 2434 378 2478 sequitur,
405 2442 441 2469 ut
462 2437 689 2479 Archimedes,
715 2443 778 2473 nisi
795 2443 846 2474 di-

64 2479 177 2512 vinum
195 2481 357 2521 ingenium
379 2483 555 2525 habuisset,
577 2484 713 2518 eosdem
734 2494 844 2519 motus

6 2566 10 2569 Ι
63 2535 133 2558 non
153 2526 321 2568 potuisset
339 2527 474 2561 imitari.
524 2530 653 2563 Graece
675 2532 731 2565 hic
750 2533 844 2565 locus

64 2569 124 2624 ⁸³⁰.
135 2571 276 2615 exprimi
301 2580 434 2616 potest:
457 2574 502 2629 ,εἰ
524 2574 585 2619 μὲν
609 2569 665 2611 οὖν
689 2579 788 2613 τοῦτο
811 2577 845 2612 ἐν

64 2625 175 2660 τουτῳ
207 2617 258 2662 τῷ
293 2616 418 2664 κόσμῳ
452 2632 532 2657 ανευ
562 2622 643 2657 Sem]
667 2623 846 2668 γίγνεσὲῖαι

65 2659 115 2697 αὖ
146 2659 366 2705 δύναται,
405 2662 477 2702 065²
510 2662 551 2702 ἂν
584 2667 618 2702 ἐν
642 2670 687 2714 τῇ
713 2670 844 2716 σφαίρᾳ

64 2704 128 2747 τὰς
162 2706 272 2748 αὗταὶς
312 2709 466 2756 κινήσεις
502 2708 724 2759 ’Δρχιμήδης
764 2712 844 2751 ἄνευ

67 2750 159 2786 zeton
181 2755 240 2789 νοῦ
263 2758 446 2800 μιμεῖσθαι
469 2758 487 2793 ἐ
498 2761 549 2794 δυ
561 2772 577 2794 ν
588 2758 612 2805 ἤ
625 2761 648 2794 2
659 2774 694 2805 η.

110 2838 112 2841 ,
136 2808 355 2850 emxxvx.
375 2813 432 2849 64.
455 2820 490 2849 ut
505 2827 562 2859 eqo
584 2822 640 2851 aut
655 2823 783 2860 poenam
799 2840 845 2845 —-

62 2851 186 2906 Pflssm]
219 2857 366 2909 lflegatio
399 2871 438 2894 ne
461 2880 505 2887 —
528 2866 654 2904 quidem
687 2866 845 2899 enuntia-

65 2903 169 2948 {lm-us
187 2903 363 2944 prunariae
383 2905 453 2939 vim
472 2919 566 2941 suam
587 2918 722 2944 exercet
744 2912 846 2945 etiam

65 2953 103 2976 m
115 2945 355 2984 secundariam.
379 2952 515 2997 Optime
528 2956 669 2997 Bogyius
680 2956 717 2990 in
727 2958 844 3002 Progr-

882 1266 917 1298 p.
934 1254 988 1287 22.
1015 1267 1086 1287 rcm
1109 1257 1263 1300 exemplo
1286 1257 1477 1291 illustravit.
1514 1262 1589 1301 Fac,
1613 1263 1665 1297 in-

883 1300 967 1344 quit,
990 1301 1134 1345 aliquem
1151 1302 1281 1335 dicere:
1307 1305 1413 1344 „Non
1432 1306 1564 1340 videtur
1584 1310 1663 1343 mihi

882 1347 965 1379 haec
1000 1347 1051 1379 via
1086 1348 1240 1391 periculis
1271 1362 1406 1389 carere,
1445 1361 1480 1384 ut
1503 1360 1578 1387 tuto
1604 1368 1664 1399 per

882 1405 954 1425 eam
979 1393 1043 1425 iter
1069 1395 1180 1426 facere
1213 1403 1328 1439 putem
1357 1397 1496 1430 licere.“
1544 1402 1664 1445 Ecquis

881 1451 949 1471 nou
976 1439 1088 1478 videt,
1127 1452 1194 1473 non
1222 1449 1340 1485 putare
1362 1443 1553 1484 hominem,
1587 1455 1662 1481 tuto

879 1485 946 1517 iter
969 1486 1080 1518 facere
1100 1486 1223 1531 licere,
1256 1488 1316 1520 scd
1341 1489 1448 1522 multo
1470 1493 1574 1536 magis
1599 1506 1661 1526 ne·

881 1543 982 1576 gare,
1008 1532 1044 1564 id
1067 1533 1135 1565 lieri
1162 1533 1291 1577 posse?

949 1600 1046 1631 gyrat-e
1074 1592 1277 1633 plenumque]
1320 1594 1423 1626 Grave
1447 1595 1662 1631 referendum

881 1635 1017 1668 videtur
1034 1636 1077 1668 ad
1097 1637 1338 1669 sententiarum
1359 1639 1424 1671 virn
1445 1647 1545 1685 atque
1565 1643 1664 1676 uber-

879 1689 1007 1719 tatem,
1042 1685 1168 1723 plenum
1201 1683 1243 1715 ad
1273 1684 1448 1718 modorum
1485 1687 1660 1733 grhytlimi)

881 1729 1092 1760 suavitatem.
1141 1729 1197 1761 Sic
1225 1729 1346 1762 dicitur
1379 1734 1475 1772 pleno
1508 1744 1570 1767 voa:
1598 1747 1661 1779 pro

882 1787 1017 1807 canora.
1061 1774 1112 1806 Cf.
1134 1775 1176 1806 de
1196 1776 1252 1807 Or.
1268 1777 1326 1807 ΙΙΙ.
1347 1776 1402 1815 37,
1424 1779 1503 1811 150:
1530 1779 1563 1812 in
1584 1782 1662 1825 qui-

880 1820 940 1852 bus
968 1820 1104 1863 rx'erbis)
1139 1823 1267 1860 plenum
1301 1821 1461 1866 quiddam
1486 1833 1520 1858 et
1543 1837 1662 1861 sonans

881 1866 988 1898 inesse
1013 1866 1176 1898 videatur.

948 1927 1073 1963 poetam
1097 1942 1142 1947 —-
1171 1924 1316 1969 fundere]
1355 1937 1416 1969 pro
1442 1928 1540 1961 Arch.
1567 1942 1594 1962 c.
1615 1932 1659 1965 ὃς

880 1972 1016 2012 poetam
1037 1976 1155 2002 natura
1171 1969 1243 2012 ipsa
1264 1972 1385 2008 valere.
1413 1980 1447 2006 et
1466 1976 1587 2008 mentis
1607 1977 1662 2010 vi·-

880 2014 970 2046 ribus
995 2015 1152 2054 excitari,
1190 2023 1223 2048 et
1248 2017 1341 2061 quusi
1365 2018 1480 2051 divino
1515 2022 1662 2066 quodam

880 2060 998 2104 spiritu
1020 2061 1137 2093 inflari.
1165 2061 1207 2094 de
1229 2065 1283 2094 Or.
1310 2065 1350 2096 ΙΙ.
1374 2064 1429 2101 46.
1451 2065 1534 2100 194:
1560 2081 1661 2113 saepe

881 2106 993 2138 audivi
1017 2111 1154 2151 poetam
1180 2108 1305 2141 bonum
1329 2111 1496 2144 neminem
1521 2133 1568 2138 —
1589 2115 1661 2148 sine

878 2151 1141 2186 inflammatione
1171 2155 1359 2188 animorum
1380 2158 1538 2192 exsistere
1563 2172 1661 2204 posse

881 2206 915 2231 et
935 2199 1006 2231 sine
1027 2200 1174 2243 quodam
1192 2201 1309 2233 afflatu
1329 2203 1463 2236 furoris.
1503 2207 1660 2241 Praecla-

880 2257 917 2277 re
941 2246 1063 2278 cecinit
1087 2247 1223 2279 Ovidius
1244 2248 1333 2281 Fast.
1353 2250 1399 2281 VI
1413 2276 1421 2290 ‚
1447 2251 1489 2283 ὃς

880 2303 941 2335 Est
962 2303 1052 2335 Deus
1079 2303 1115 2336 in
1140 2304 1257 2347 nobis,
1290 2306 1441 2349 agitante
1467 2309 1659 2345 calescimus

1448 2354 1521 2397 illo,

912 2396 1061 2440 Impetus
1074 2395 1130 2428 hic
1146 2408 1261 2430 sacrae
1273 2398 1401 2432 semina
1412 2402 1533 2433 mentis
1546 2402 1657 2436 habet.

880 2453 1055 2486 Praeclare
1070 2453 1168 2487 Plato
1187 2455 1223 2488 in
1235 2456 1376 2489 Phaedr.
1399 2469 1433 2501 p.
1446 2456 1524 2491 245.
1545 2462 1591 2491 A:
1618 2455 1659 2499 ὃς

880 2495 911 2533 δ’
932 2493 970 2533 ἂν
989 2495 1068 2534 ἄνευ
1090 2501 1212 2543 μανίας
1232 2502 1381 2537 Μουσῶν
1405 2503 1461 2537 ἐπὶ
1480 2504 1659 2547 ποιητικὰς

880 2542 989 2587 Σῑύρας
1020 2541 1209 2590 ἀφίκηται,
1389 2561 1405 2587 ς
1436 2546 1485 2587 ὥς
1516 2546 1583 2591 ἄρα
1617 2550 1657 2585 ἐκ

879 2590 1002 2645 τέχνης
1021 2591 1139 2631 ἱκανὸς
1157 2593 1303 2637 ποιητὴς
1323 2592 1504 2637 ἐσόμενος,
1530 2593 1659 2639 ἀτελὴς

879 2633 985 2676 αυτὸς
1015 2650 1054 2672 τε
1086 2638 1145 2672 καὶ
1172 2637 1197 2683 τί
1229 2640 1365 2683 ποίησις
1399 2637 1461 2673 ὗτῑᾶ
1494 2641 1558 2683 τῆς
1588 2643 1656 2677 τῶν

879 2683 1087 2727 μαινομένων
1114 2682 1138 2727 τί
1162 2686 1222 2720 τοῦ
1250 2685 1502 2728 σωφρονοῦντος
1528 2683 1658 2731 η’φοινί-

879 2729 959 2772 σὲη.
1001 2730 1062 2762 Ad
1084 2731 1223 2763 verbum
1242 2733 1416 2773 fundendi,
1442 2730 1484 2762 de
1508 2733 1657 2767 versibus

878 2775 1016 2819 proprie
1050 2776 1194 2815 dictum,
1231 2788 1339 2820 comp.
1373 2775 1415 2808 de
1443 2777 1498 2809 Or.
1516 2779 1578 2812 ΙΙΙ.
1599 2781 1657 2822 50,

880 2820 956 2854 194.
982 2824 1084 2855 Tusc.
1108 2824 1136 2855 Ι.
1161 2821 1225 2861 4-4,
1254 2822 1329 2855 107.

924 2869 1044 2900 donum
1058 2888 1098 2893 -
1110 2869 1254 2910 deorum]
1272 2867 1356 2899 Plat.
1369 2867 1524 2902 Timaeus
1536 2871 1657 2915 p.533.

879 2914 929 2945 D:
965 2914 1016 2958 τῷ
1041 2915 1157 2958 ἓνητῷ
1192 2912 1282 2956 γένει
1313 2912 1470 2957 δωρηὲὲν
1494 2915 1535 2951 ἐκ
1556 2918 1658 2955 θεῶν.

878 2959 974 2992 Infra
996 2961 1038 2992 II.
1062 2960 1104 3002 ὃ,
1130 2958 1184 2992 13.
1210 2960 1271 2991 ΠΙ.
1292 2957 1334 3000 3,
1359 2957 1394 2993 6.
1417 2961 1461 2995 V.
1484 2962 1599 2999 1—4,

1260 3016 1329 3057 6*

1249 2548 1385 2582 :eust-5⁸¹.
