1843 3085
146 45 222 89 132

145 144 229 178 tura
250 134 451 177 excelsum
473 134 665 188 quendam
688 132 870 174 videlicet
893 139 934 174 et
953 132 1073 173 altum
1094 138 1133 173 et
1155 130 1323 173 humana
1348 128 1628 186 despicientem
1649 141 1718 184 ge-

144 211 254 262 nuit3
288 210 416 264 itaque
443 208 554 248 facile
578 207 617 247 in
638 207 769 248 animo
794 206 884 249 forti
905 213 1042 248 contra
1065 213 1232 247 mortem
1252 205 1384 246 habita
1409 203 1554 245 insedit
1572 203 1715 244 oratio.

735 52 904 85 menn
929 53 971 84 11.
996 53 1039 93 4,
1067 50 1120 85 12.

143 284 224 327 Sed
256 285 352 325 haec
386 283 521 323 eadem
553 296 643 322 num
679 294 819 322 censes
847 282 948 337 apud
977 295 1045 322 eos
1074 282 1181 336 ipsos
1207 279 1367 332 valere,
1410 277 1488 319 nisi
1513 276 1719 319 admodum

144 373 312 416 paucos,
348 371 368 398 a
392 356 530 410 quibus
558 355 743 407 inventa,
778 355 1001 411 disputata,
1034 354 1256 409 conscripta
1273 354 1396 395 sunt?
1436 350 1591 406 Quotus
1616 350 1719 392 enim

144 434 308 489 quisque
334 430 652 486 philosophorum
677 430 902 481 invenitur,
945 429 1010 484 qui
1035 429 1086 470 sit
1112 429 1166 470 ita
1193 434 1396 479 moratus,
1437 426 1491 467 ita
1517 426 1649 467 animo
1674 438 1720 466 ac

145 509 225 549 vita
253 505 512 556 constitutus,
554 511 597 545 ut
618 504 717 545 ratio
743 505 941 560 postulat?
985 504 1046 558 qui
1079 502 1322 558 disciplinam
1345 514 1457 541 suam
1485 514 1563 541 non
1586 506 1719 541 osten-

146 581 329 621 tationem
354 579 543 620 scientiae
560 610 570 629 ‚
615 579 683 619 sed
712 579 838 634 legem
869 579 973 619 vilae
998 578 1134 633 putet?
1177 576 1240 631 qui
1263 576 1509 630 obtemperet
1534 573 1619 629 ipse
1645 573 1721 615 sibi

142 663 181 696 et
200 653 369 696 decretis
392 653 474 694 suis
492 654 657 708 pareat?
718 659 783 694 12.
816 651 965 693 Videre
994 652 1085 692 licet
1106 651 1203 692 alios
1227 657 1335 691 tanta
1356 649 1515 691 levitate
1536 655 1576 689 et
1600 647 1723 688 iacta-

143 731 248 770 tione
263 761 273 779 ‚
307 735 349 769 ut
369 728 418 768 iis
445 728 563 768 suerit
584 741 662 768 non
683 727 865 767 didicisse
891 727 1055 777 melius,
1090 725 1186 766 alios
1209 724 1399 780 pecuniae
1417 722 1578 778 cupidos
1594 753 1604 773 ,
1637 721 1722 777 glo-

141 805 223 845 riae
246 802 476 852 nonnullos,
519 802 662 842 multos
686 801 885 842 libidinum
909 815 1049 841 servos
1065 832 1075 851 ,
1122 807 1162 840 ut
1188 814 1276 840 eum
1301 812 1437 839 eorum
1460 797 1542 838 vita
1564 795 1722 837 mirabi-

140 878 230 919 liter
250 883 396 933 pugnet
419 876 572 916 oratio:
607 875 708 929 quod
736 875 889 929 quidem
911 875 1002 914 mibi
1026 874 1181 914 videtur
1211 887 1300 913 esse
1325 871 1606 927 turpissimum.
1667 867 1722 911 Ut

143 952 270 1002 enim,
311 951 343 991 si
373 949 668 1004 grammaticum
696 963 738 989 se
768 949 969 1003 professus
997 947 1185 1002 quispiam
1216 946 1382 986 barbare
1407 945 1610 1000 loquatur,
1654 950 1723 984 aut

142 1027 175 1066 si
205 1025 374 1066 absurde
410 1030 526 1064 canat
551 1023 611 1074 is,
657 1022 720 1076 qui
749 1036 791 1063 se
823 1022 957 1062 haberi
988 1021 1084 1065 ,velit
1119 1020 1336 1070 musicum,
1380 1019 1453 1060 hoo
1477 1017 1630 1073 turpior
1652 1017 1719 1069 sit,

147 1132 234 1165 Alias
257 1132 328 1164 sere
345 1131 462 1163 vocula
484 1134 575 1171 qnasi
596 1131 818 1174 praemittitur
837 1141 915 1174 pro-

145 1178 271 1211 nomini
303 1179 444 1218 quidam.
501 1177 554 1209 Sic
589 1177 676 1208 infra
704 1176 824 1216 11.‘.16,
850 1174 913 1209 64:

145 1223 397 1268 amplitudinem
431 1222 531 1255 animi
564 1230 597 1254 et
630 1226 722 1263 quusi
754 1224 917 1262 quandam

147 1270 403 1313 exaggeranlll.
423 1270 474 1310 11,
496 1268 556 1300 25:
577 1271 668 1308 quasi
688 1270 844 1308 quasdam
864 1267 917 1297 su-

148 1317 220 1347 rias.
269 1316 325 1347 IV.
347 1315 396 1353 11,
419 1313 480 1346 24:
507 1316 598 1353 quas-2⁶
616 1316 773 1354 quaedam
793 1315 917 1344 Socra-

146 1362 213 1393 tica
228 1359 403 1392 medicina.
446 1358 495 1390 Cf.
515 1360 718 1399 Stiireubury.
733 1358 773 1389 ad
790 1370 839 1389 or.
855 1368 915 1400 pro

148 1405 245 1438 Arch.
269 1417 302 1448 p.
318 1405 362 1437 30
377 1416 425 1447 sq.
440 1430 448 1443 ,
475 1403 528 1446 qui
553 1404 693 1446 primum
716 1403 917 1441 observavit,

147 1451 235 1495 apud
253 1451 444 1482 Ciceronem
460 1450 561 1480 semel
578 1456 708 1480 tantum
725 1448 787 1491 legi
807 1453 833 1480 et
849 1451 918 1489 qui-

148 1499 224 1529 dam
238 1498 329 1537 quasi
347 1497 447 1539 (Part.
463 1502 545 1526 orat.
561 1495 622 1533 IX,
638 1495 719 1530 sm.
739 1495 818 1526 alias
832 1505 918 1525 sem-

149 1555 209 1585 per
228 1547 254 1574 e!
266 1544 357 1582 quasi
373 1543 524 1582 quidam‚·
544 1547 615 1571 tum
633 1540 724 1572 nullo
739 1540 813 1571 loco
826 1539 918 1571 inve-

148 1588 209 1620 niri
225 1592 316 1627 atque
332 1589 394 1630 (acl
407 1589 497 1627 quasi
509 1588 650 1626 quidam,
663 1597 769 1629 neque
782 1585 917 1617 omnino

149 1639 240 1674 alque
266 1633 329 1676 gae)
354 1635 466 1673 quusi,
503 1643 608 1674 neque
639 1636 730 1672 alque
760 1631 822 1673 &acl
848 1635 918 1662 tan-

147 1690 242 1720 quam
257 1703 265 1717 ‚
288 1677 346 1709 sed
366 1689 497 1720 semper
519 1682 545 1709 et
564 1679 673 1717 quasi,
698 1681 724 1708 et
746 1681 919 1716 tanquam;

150 1724 239 1757 cuius
259 1724 304 1755 roi
321 1735 467 1755 caussam
485 1723 627 1765 positam
647 1734 716 1753 csse
735 1722 767 1753 in
789 1721 919 1754 diversa

148 1770 180 1802 vi
206 1769 440 1813 particularum
464 1772 555 1808 alque
580 1768 643 1811 <acl
667 1774 700 1799 et
720 1772 756 1799 el.

215 1818 370 1847 excelsum
401 1813 572 1856 quendam]
616 1814 657 1844 H.
691 1825 718 1845 e.
755 1812 920 1845 excelsum

148 1860 329 1897 hominem,
347 1868 380 1891 ut
394 1872 441 1902 gr.
457 1857 606 1902 γενναῖόν
619 1871 701 1892 τινα.
728 1859 798 1890 Fin.
815 1860 852 1890 ll.
868 1856 918 1898 14,

150 1906 213 1939 46:
240 1906 342 1937 altum
363 1905 519 1948 quiddam
538 1912 571 1936 ct
591 1905 764 1936 excelsum.
811 1907 920 1943 Quum

152 1962 232 1982 vero
244 1951 451 1983 substantivo
464 1950 514 1981 vel
528 1950 589 1981 soli
603 1950 653 1981 vel
667 1962 739 1981 cum
753 1949 920 1981 adiectivo

152 1996 330 2027 coniuncto
347 2007 530 2038 pronomen
544 1997 673 2035 quidam
687 1995 829 2032 additur,
850 2002 921 2026 tum

151 2041 218 2073 hoc
233 2041 431 2084 pronomine
448 2041 611 2072 indicatur
626 2041 750 2084 aliquid
768 2041 920 2072 eximium

153 2087 221 2118 sive
243 2087 276 2118 in
299 2086 442 2124 bonam,
477 2085 546 2117 sive
575 2086 607 2116 in
634 2087 753 2117 malam
778 2093 918 2129 partem.

156 2133 186 2163 Is
207 2132 262 2175 qui
280 2132 426 2175 loquitur
445 2130 493 2162 rei
513 2131 775 2173 magnitudinem
794 2132 921 2163 101110-

154 2178 217 2209 scit
230 2203 239 2217 ‚
264 2178 317 2209 vel
347 2177 474 2208 nescire
504 2188 539 2207 se
563 2177 666 2219 fingit.
717 2177 839 2208 Eadem
874 2177 922 2207 vis

155 2230 206 2255 est
225 2223 334 2265 graeci
356 2222 562 2265 pronominis
580 2222 743 2253 indefiniti
763 2222 823 2260 τίς.
879 2223 920 2253 V.

156 2280 217 2301 nos
233 2268 266 2300 in
283 2269 339 2300 Gr.
355 2268 500 2299 Gramm.
512 2268 551 2299 T.
566 2268 605 2298 11.
622 2267 651 2302 (i.
663 2268 740 2305 633,
753 2266 784 2300 ll».
798 2280 830 2310 p.
845 2266 922 2301 331.

155 2314 289 2346 Laelius
299 2314 360 2346 IX.
374 2314 413 2345 2:
437 2306 638 2344 admirabilis
654 2312 814 2355 quaedam
832 2324 925 2344 exar-

157 2359 264 2391 descit
292 2358 546 2391 benevolentiae
577 2358 781 2400 magnitudo.
833 2357 923 2389 Infra

157 2406 214 2437 IV.
230 2405 294 2445 28,
318 2404 380 2438 61:
409 2404 626 2435 Constantem
648 2403 735 2434 euim
757 2403 924 2446 quendam

158 2450 330 2490 volumus,
371 2449 541 2488 sedatum,
580 2460 735 2490 gravem,
780 2448 923 2480 humana

158 2497 268 2529 omnia
298 2502 503 2540 prementem
516 2521 524 2535 ‚
567 2493 659 2525 illurn
692 2505 781 2533 esse,
827 2505 924 2536 quem

157 2542 403 2585 magnanimum
433 2548 467 2573 et
498 2540 622 2572 fortem
646 2539 753 2570 virum
774 2539 922 2571 dicimus.

159 2590 198 2622 V.
220 2589 271 2626 10,
297 2588 357 2621 31:
384 2598 467 2631 quae
486 2592 562 2617 sunt
579 2584 689 2627 magni
705 2584 872 2615 cuiusdam
891 2590 925 2615 et

160 2633 219 2666 alti
238 2633 310 2666 viri.
351 2633 406 2665 Sic
425 2632 472 2664 dr.
492 2630 661 2675 praeclara
682 2629 843 2672 quaedam
862 2641 924 2669 res,

161 2679 334 2722 singularis
352 2677 514 2722 quaedam
534 2689 598 2708 res.
646 2674 802 2714 Acad.11,
820 2676 831 2706 1
848 2687 853 2705 ;
874 2674 925 2706 in-

163 2725 327 2757 credibilis
345 2724 506 2768 quaedam
520 2721 643 2766 ingenii
656 2719 850 2763 magnitudo
860 2732 924 2757 ——;

162 2770 277 2802 habuit
293 2770 381 2802 enim
395 2769 540 2802 divinam
556 2767 720 2812 quandam
732 2765 925 2797 memoriam

162 2827 282 2848 rerum.
338 2816 429 2847 Infra
442 2817 553 2854 luz,
579 2814 617 2846 3:
654 2811 745 2857 quasi
766 2810 924 2842 maximus

163 2860 296 2902 quidam
309 2862 484 2904 magister,
503 2859 644 2904 populus
663 2858 709 2902 (h.
723 2869 749 2889 e.
769 2852 925 2900 m'agister

161 2914 261 2982 {gem
278 2907 390 2939 nescio
412 2918 509 2950 quam
528 2904 640 2948 magni
660 2903 843 2944 faciamus).
867 2901 923 2944 26,

218 2962 224 2981 z
246 2959 385 2993 propter
399 2951 501 2984 animi
513 2950 729 2985 acerbitatem
747 2947 924 2993 quandam.

953 1130 1003 1162 Cf.
1021 1131 1158 1162 Killmer.
1181 1129 1221 1159 L.
1239 1127 1295 1159 Gr.
1315 1128 1342 1170 ξ.
1358 1123 1433 1160 124.
1452 1124 1578 1160 Not.6.
1598 1137 1630 1169 p.
1641 1123 1718 1160 276.

952 1176 1003 1207 cd.
1019 1179 1050 1207 2.
1105 1172 1295 1217 Comparari
1315 1178 1427 1216 potest
1446 1183 1520 1204 cum
1540 1171 1599 1204 illo
1619 1172 1722 1204 nescio

951 1223 1026 1262 quid
1046 1223 1246 1261 praeclarum
1268 1229 1329 1261 pro
1353 1217 1450 1249 Arch.
1463 1218 1494 1251 7.

1018 1265 1174 1308 videlicet]
1195 1263 1317 1295 Videre
1334 1263 1431 1302 licet,
1455 1261 1644 1294 manifesto.
1679 1262 1718 1295 V.

952 1311 995 1343 ad
1022 1311 1118 1349 121,
1144 1314 1197 1344 415.
1223 1316 1257 1341 et
1282 1310 1323 1341 ΙΙ.
1341 1308 1399 1347 11,
1423 1308 1478 1341 27.

1018 1359 1050 1388 in
1077 1358 1183 1388 animo
1205 1357 1279 1396 forti
1301 1374 1345 1378 —
1367 1355 1481 1386 insedit
1508 1355 1624 1393 oratio]
1659 1363 1721 1397 pro

956 1403 1053 1434 Corn.
1074 1402 1162 1432 Ball).
1177 1402 1210 1439 1,
1236 1400 1275 1432 4:
1302 1400 1336 1432 in
1355 1399 1470 1431 animis
1491 1399 1638 1431 omnium
1658 1410 1720 1442 pe·-

952 1448 1038 1479 nitns
1060 1447 1181 1478 insedit
1206 1445 1323 1477 oratio.
1343 1445 1385 1477 ad
1407 1449 1475 1478 Att.
1494 1446 1519 1476 1.
1540 1444 1597 1477 11:
1622 1445 1724 1477 habet

952 1493 1109 1537 qnicldam
1129 1492 1297 1535 profecto,
1322 1489 1412 1534 qnod
1434 1491 1537 1534 magis
1555 1489 1589 1521 in
1610 1490 1722 1523 animo

952 1541 1019 1571 eins
1044 1537 1213 1569 insederit.

1015 1589 1125 1625 quotus
1137 1586 1265 1624 quisque
1278 1581 1546 1626 philosophorum]
1567 1580 1722 1625 Proprie:

952 1633 1006 1662 (ler
1024 1633 1083 1661 wie
1100 1630 1377 1669 vielsteJeclesm(1I‚
1401 1627 1433 1659 h.
1450 1639 1478 1659 e.
1498 1629 1596 1671 quani
1615 1627 1723 1670 pauci.

953 1676 1006 1707 sie
1029 1676 1070 1706 N.
1095 1675 1133 1705 D.
1154 1675 1186 1714 Ι,
1211 1676 1273 1706 'toz
1313 1674 1440 1713 Quotus
1472 1673 1560 1705 enim
1584 1673 1722 1717 quisquo

953 1722 1116 1754 formosus
1133 1718 1209 1750 est?
1225 1738 1267 1742 —
1288 1720 1333 1749 ita
1352 1721 1501 1750 moratus.
1527 1719 1629 1751 Acad.
1645 1719 1669 1758 1,
1682 1717 1721 1751 9:

952 1765 1201 1809 Theophrastus
1220 1771 1342 1802 autem,
1363 1763 1413 1795 vir
1433 1770 1466 1795 et
1480 1765 1632 1797 oratione
1644 1774 1723 1796 sua-

953 1812 1002 1844 vis
1025 1819 1058 1843 et
1080 1811 1125 1842 ita
1150 1816 1315 1848 moratus,
1352 1815 1389 1840 ut
1411 1820 1490 1851 prae
1513 1821 1549 1841 se
1569 1809 1724 1853 probita-

953 1865 1022 1890 tem
1045 1856 1210 1901 quandam
1231 1861 1265 1886 et
1286 1853 1524 1897 ingenuitatem
1543 1855 1640 1887 ferat.
1676 1855 1725 1887 De

954 1916 985 1936 v.
1008 1905 1189 1936 constitutus
1212 1901 1301 1932 conl'.
1325 1910 1385 1943 pro
1409 1899 1517 1932 Sestio
1540 1900 1603 1933 65:
1637 1900 1725 1932 beno

954 1957 1070 1980 natura
1096 1945 1268 1980 constituti
1290 1945 1361 1978 viri.
1410 1945 1502 1978 Lael.
1526 1946 1586 1979 13:
1624 1945 1725 1978 animi

953 1995 1039 2027 bene
1063 1992 1246 2025 constituti.

1023 2039 1166 2081 decretis]
1202 2041 1331 2070 Decreta
1353 2035 1627 2080 philosophorum
1648 2028 1727 2075 sunt

958 2085 1109 2117 Ciceroni
1133 2085 1338 2115 Graecorum
1361 2079 1527 2126 δόγματα.
1566 2081 1668 2114 Acad.
1683 2083 1726 2114 11.

957 2131 988 2167 9,
1013 2131 1075 2165 ¹37:
1105 2129 1291 2173 (sapientia)
1311 2139 1395 2171 quae
1414 2139 1520 2172 neque
1540 2127 1581 2159 de
1599 2139 1634 2159 se
1652 2127 1725 2171 ipsa

958 2176 1111 2207 dubitare
1135 2175 1253 2211 debet,
1290 2185 1396 2217 neque
1429 2173 1471 2205 de
1500 2172 1566 2205 suis
1582 2175 1726 2214 decretis,

958 2233 1040 2265 quae
1060 2219 1251 2263 philosophi
1272 2225 1393 2251 vocant
1413 2215 1580 2262 δόγματα.
1617 2219 1726 2251 Etiam

957 2267 1092 2298 verbum
1114 2266 1298 2297 decernendi
1319 2271 1494 2305 usurpatur
1522 2263 1565 2295 de
1586 2271 1727 2297 senten—

956 2312 1015 2351 tia,
1041 2323 1138 2354 quam
1158 2316 1338 2352 sequuntur
1356 2309 1559 2352 philosophi,
1584 2316 1621 2341 ut
1637 2309 1726 2342 infra

959 2369 986 2388 0.
1001 2356 1042 2395 6,
1071 2356 1130 2389 15:
1157 2355 1183 2386 si
1203 2354 1238 2386 id
1257 2365 1420 2386 summum
1439 2354 1561 2386 malum
1581 2366 1653 2387 esse
1672 2356 1725 2388 dc·

957 2404 1094 2434 creverit.

1029 2448 1079 2479 12.
1125 2448 1246 2478 levitate
1275 2448 1303 2476 et
1326 2446 1506 2487 iactatione]
1541 2443 1638 2476 Talia
1665 2455 1726 2476 ex-

958 2491 1073 2535 plicari
1093 2491 1203 2523 solent
1227 2502 1286 2533 per
1305 2489 1463 2532 figuram,
1498 2500 1582 2533 quae
1605 2488 1727 2521 dicitur

954 2536 988 2571 ἓν
1023 2535 1078 2571 διὰ
1101 2540 1227 2574 &uobis
1248 2541 1284 2567 ut
1306 2535 1389 2567 haec
1410 2534 1510 2567 verba
1533 2533 1727 2577 accipienda

957 2583 1024 2614 sint
1045 2593 1106 2625 pro
1128 2585 1187 2614 levi
1209 2583 1384 2613 iactatione.
1440 2583 1484 2612 At
1504 2591 1620 2623 parum
1641 2592 1726 2624 pro—

959 2628 1084 2659 ficimus
1106 2627 1169 2659 hac
1188 2624 1430 2668 interpretandi
1452 2625 1591 2658 ratione.
1640 2626 1726 2658 Nam
1772 2622 1773 2626 ¹

960 2680 994 2704 et
1026 2673 1059 2704 in
1084 2672 1168 2711 1100,
1207 2678 1240 2702 et
1266 2670 1299 2702 in
1325 2669 1442 2703 ceteris
1466 2669 1542 2703 huic
1564 2670 1725 2704 similibus

960 2717 1118 2761 exemplis
1140 2723 1314 2759 utrumque
1335 2715 1531 2748 vocabulum
1552 2728 1644 2749 suam
1665 2716 1725 2749 ob—

956 2763 1043 2795 tinet
1075 2775 1114 2795 ae
1138 2761 1307 2805 propriam
1338 2761 1425 2799 vim'3
1461 2760 1521 2793 sed
1543 2761 1726 2794 observan—

959 2809 1037 2840 dum
1057 2814 1117 2848 est,
1137 2818 1236 2851 saepe
1256 2806 1321 2839 duo
1339 2806 1499 2839 vocabula
1517 2806 1617 2850 iungi,
1638 2818 1726 2852 quo—
1777 2802 1780 2808 ’

956 2866 1029 2886 rum
1050 2853 1189 2886 alterum
1211 2852 1396 2884 universam
1414 2851 1463 2884 re'i
1482 2852 1656 2885 notionem
1675 2853 1725 2885 si-

957 2899 1111 2943 gnificat,
1136 2899 1277 2931 alterum
1300 2898 1330 2930 ei
1351 2897 1532 2930 accuratius
1551 2898 1723 2942 explican-

958 2946 1020 2978 dae
1042 2945 1095 2979 vel
1113 2944 1231 2978 clarius
1247 2943 1462 2977 illustrandae
1480 2943 1631 2986 inservit,
1654 2944 1725 2978 sive
