1843 3101
172 91 256 136 244

174 185 225 226 tis
246 181 378 224 verbis
399 177 640 221 iracundiam
663 174 845 225 laudant,
890 179 1018 214 cotem
1041 169 1280 212 fortitudinis
1301 181 1392 210 esse
1415 167 1571 220 dicunt,
1615 167 1758 209 multo-

176 272 251 314 que
285 263 324 298 et
352 256 392 296 in
415 254 568 294 hostem
590 257 630 291 et
658 249 699 290 in
729 247 949 304 improbum
970 247 1096 289 civem
1121 243 1442 287 vehementiores
1468 241 1659 283 iratorum
1685 242 1759 282 im-

763 92 928 126 LIBER
954 91 1010 126 IV.
1037 87 1098 130 19,
1121 88 1176 123 44.

175 339 289 390 petus
310 342 423 379 esse3
457 327 567 367 leves
588 331 718 365 autem
736 321 979 364 ratiunculas
1002 334 1155 371 eorum,
1190 319 1254 374 qui
1275 318 1330 359 ita
1350 317 1596 373 cogitarent:
1624 328 1759 371 proe-

177 408 278 448 lium
303 407 468 446 rectum
503 405 565 441 est
600 399 680 439 leoc
701 396 831 452 fieri‚·
873 396 1072 438 convenit
1097 394 1310 435 dimicare
1334 405 1425 447 pro
1445 390 1630 447 legibus,
1673 403 1760 444 pro

174 481 398 529 libertate,
436 488 526 531 pro
544 474 729 529 partim
771 471 868 512 haec
893 470 1036 511 nullam
1062 468 1205 509 habent
1227 467 1330 519 vim,
1364 466 1440 508 nisi
1463 465 1524 507 ira
1546 463 1761 507 excanduit

175 553 378 596 fortitudo.
440 548 530 591 Nec
563 561 660 589 vero
694 546 741 587 de
763 544 1018 586 bellatoribus
1042 543 1167 584 solum
1195 542 1414 597 disputant3
1460 540 1625 596 imperia
1644 551 1760 580 seve-

175 630 281 671 riora
309 626 414 668 nulla
446 637 535 665 esse
568 627 704 678 putant
737 620 823 661 sine
846 619 975 674 aliqua
1002 617 1216 659 acerbitate
1239 615 1485 656 iracundiae.
1548 611 1762 656 Oratorem

176 703 345 757 denique
378 714 458 742 non
478 697 594 738 modo
619 702 896 745 accusantem,
943 692 1013 734 scd
1047 705 1096 732 ne
1119 690 1393 731 defendentem
1417 688 1571 744 quidem
1597 687 1764 744 probant

175 779 262 820 sine
287 775 435 817 aculeis
456 770 707 821 iracundiae,
749 782 849 824 quae
875 767 990 808 etiam
1015 766 1049 807 si
1070 780 1148 806 non
1174 764 1297 817 adsit,
1340 771 1472 806 tamen
1494 762 1626 807 verbis
1645 768 1762 816 atque

177 859 287 894 motu
327 848 586 891 simulandam
624 845 891 893 arbitrantur,
941 849 983 882 ut
1016 840 1207 882 auditoris
1244 839 1342 880 iram
1374 837 1546 879 oratoris
1577 836 1764 878 incendat

176 927 294 969 actio.
367 922 509 964 Virum
547 920 713 974 denique
748 916 874 957 videri
907 922 1076 969 negant,
1125 914 1189 968 qui
1212 913 1333 954 irasci
1357 912 1533 964 nesciat,
1578 923 1760 965 eamque,

177 1015 292 1057 quam
320 999 539 1041 lenitatem
567 1007 640 1034 nos
667 992 832 1032 dicimus
849 1023 860 1042 ,
907 989 1054 1030 vitioso
1079 986 1346 1029 Ιρηίὶἰιιάὶηἱε
1370 986 1528 1026 nomine
1552 985 1761 1040 appellant.

177 1081 248 1118 44.
281 1071 370 1115 Nec
389 1085 486 1113 vero
506 1069 632 1109 solum
658 1066 756 1107 hane
779 1064 979 1106 libidinem
1002 1062 1185 1112 laudant,
1221 1063 1302 1115 (est
1324 1059 1427 1101 enim
1452 1059 1512 1100 ira
1528 1091 1539 1111 ‚
1583 1066 1626 1100 ut
1649 1058 1763 1099 modo

177 1147 359 1199 definivi,
408 1143 623 1186 ulciscendi
658 1140 823 1193 lihid03)
871 1138 939 1180 sed
976 1137 1102 1192 ipsum
1127 1136 1220 1176 illud
1247 1147 1372 1189 genus
1407 1133 1472 1175 vel
1496 1133 1666 1175 libidinis
1698 1131 1764 1173 vel

178 1221 398 1280 cupiditatis
438 1219 484 1259 ad
510 1230 698 1259 summam
723 1214 930 1255 utilitatem
964 1226 1054 1253 esse
1088 1211 1221 1251 dicunt
1251 1224 1273 1250 a
1300 1216 1442 1250 natura
1465 1209 1621 1259 datum3
1669 1205 1765 1248 nihil

178 1298 282 1340 enim
320 1308 565 1351 quenquam,
615 1291 689 1332 nisi
725 1290 827 1345 quod
858 1289 998 1339 libeat,
1046 1285 1246 1342 praeclare
1276 1285 1407 1324 facere
1435 1296 1567 1338 posse.
1628 1280 1765 1323 Noctu

159 1371 400 1414 ¹ambulabat
421 1369 461 1410 in
484 1367 636 1424 publico
662 1363 975 1412 Themistocles,
1010 1361 1111 1416 quod
1137 1373 1316 1400 somnum
1346 1371 1487 1413 capere
1509 1370 1588 1397 non
1612 1361 1762 1412 posset,

179 1444 537 1502 quaerentibusque
561 1438 846 1495 respondebat,
879 1435 1070 1477 Miltiadis
1095 1433 1267 1490 tropaeis
1289 1446 1332 1473 se
1356 1446 1378 1473 e
1398 1445 1536 1473 somno
1562 1429 1763 1471 suscitari.

181 1519 257 1562 Cui
283 1534 361 1561 non
388 1524 480 1559 sunt
502 1515 657 1556 auditae
682 1510 964 1554 Demosthenis
992 1510 1178 1565 vigiliae?
1221 1508 1285 1562 qui
1313 1506 1449 1547 dolere
1471 1519 1514 1546 se
1537 1504 1688 1555 aiebat,
1731 1502 1767 1545 si

179 1594 333 1649 quando
356 1591 535 1648 opificum
564 1588 799 1629 antelucana
827 1585 956 1626 victus
990 1591 1097 1625 esset
1119 1581 1327 1623 industria.
1389 1578 1667 1634 Philosophiae
1698 1578 1765 1619 de·-

179 1670 296 1724 nique
317 1667 440 1723 ipsius
464 1663 660 1721 principes
682 1675 879 1716 nunquam
917 1659 958 1699 in
991 1659 1073 1700 suis
1101 1657 1240 1698 studiis
1265 1662 1396 1697 tantos
1421 1667 1653 1710 progressus
1680 1653 1765 1694 sine
1820 1688 1823 1691 Α

182 1741 363 1798 flagranti
381 1739 590 1796 cupiditate
613 1738 743 1778 facere
762 1735 999 1790 potuissent.
1062 1730 1229 1774 Ultimas
1250 1737 1378 1770 terras
1403 1729 1594 1770 lustrasse
1615 1725 1766 1783 Pytha-

253 1868 332 1901 Car.
345 1867 444 1899 XIX.
481 1862 535 1898 43.
572 1863 773 1896 iracundiam
806 1860 955 1904 laudant]
991 1859 1047 1891 illa
1077 1856 1212 1901 quidem
1236 1867 1275 1887 ex
1299 1855 1470 1887 rhetorum
1491 1864 1635 1897 pompa:
1661 1851 1767 1884 ardo-

183 1915 233 1947 Ob
265 1913 441 1945 discrimen
475 1910 652 1942 verborum
682 1911 750 1940 irae
773 1913 807 1939 et
830 1910 958 1939 iracun-
991 1917 1045 1938 res
1068 1903 1253 1935 animorum
1273 1905 1410 1942 cotesque
1427 1902 1588 1933 virtutum.
1606 1897 1768 1931 Acad.11.

184 1962 257 1993 diae
283 1959 324 1991 ab
347 1959 420 2001 ipso
447 1957 609 1988 Cicerone
640 1966 738 1997 supra
763 1965 790 1985 c.
816 1952 874 1991 1¹3,
901 1951 956 1984 27.
993 1948 1057 1989 44,
1084 1950 1158 1982 1:55.

185 2005 332 2049 positum
365 2005 515 2036 Davisius
548 2001 581 2033 h.
601 2000 622 2032 l.
661 2011 728 2031 non
762 1999 961 2038 iracundiae,

187 2050 247 2082 sed
281 2053 348 2082 irae
387 2060 508 2081 nomen
545 2045 771 2090 exspectabat.
834 2044 960 2075 Contra

186 2107 285 2140 quam
314 2094 512 2126 sententiam
539 2099 630 2124 recte
655 2097 786 2123 exortus
811 2096 862 2121 est
884 2091 960 2120 Klo-

187 2144 268 2174 tzius
291 2139 424 2172 dicens:
461 2140 598 2179 „XVenn
622 2137 691 2168 ihm
716 2136 803 2168 oben
832 2138 962 2167 iracun-

187 2188 245 2219 dia
266 2186 321 2217 siir
342 2185 396 2216 die
415 2196 455 2216 zu
475 2183 634 2216 tadelnde
654 2181 869 2224 Geneigtheit
889 2191 962 2211 zum

188 2234 298 2265 Zorne
321 2230 410 2273 galt,
448 2241 485 2261 so
508 2229 551 2260 ist
575 2229 647 2260 hier
676 2228 846 2259 iracundia
878 2224 963 2257 nach

191 2277 251 2309 der
271 2275 412 2309 Ansicht
433 2274 493 2306 der
512 2273 772 2316 Peripatetiker,
807 2271 861 2303 die
885 2271 964 2302 aber

194 2323 310 2355 Cicero
330 2321 423 2353 nicht
445 2319 564 2351 einrnal
587 2318 714 2360 billigt,
741 2317 800 2349 der
817 2316 965 2351 Zustand

192 2379 224 2401 u.
249 2368 303 2400 die
325 2364 540 2409 Geneigtheit
566 2375 639 2394 zum
662 2365 790 2401 Zorne,
825 2362 859 2394 in
882 2362 966 2393 wel-

195 2414 273 2447 cher
294 2425 370 2445 man
392 2423 432 2444 zu
457 2416 558 2453 guten
579 2408 728 2440 Werken
761 2408 865 2440 durch
889 2408 964 2450 jene

194 2459 300 2492 leicht
323 2471 363 2491 zu
384 2454 565 2500 erregende
588 2453 879 2496 Empfindlichkeit
902 2464 965 2495 ge-

193 2505 324 2538 trieben
357 2502 457 2541 wird,
492 2500 571 2533 aber
598 2498 799 2541 keineswegs
835 2509 872 2530 so
901 2497 966 2529 viel

198 2551 246 2583 als
267 2553 354 2583 ira.“
402 2549 555 2580 Ceterum
588 2543 727 2576 eandem
755 2555 849 2586 quam
872 2542 965 2574 Peri-

199 2595 338 2640 patetici
365 2591 565 2627 sententiam
594 2588 701 2621 secuti
730 2595 807 2620 sunt
836 2594 966 2618 veteres

197 2640 388 2674 Academici
423 2641 467 2682 (v.
501 2635 657 2670 Academ.
694 2635 733 2666 ΙΙ.
764 2631 827 2671 44,
856 2633 964 2673 1353,

202 2699 343 2730 quorum
362 2684 509 2727 vestigiis
528 2680 651 2715 institit
671 2677 866 2713 Aristoteles
880 2702 887 2715 ‚
912 2676 967 2720 qui

198 2733 288 2765 idem
308 2732 377 2764 irae
401 2730 560 2762 defensor
584 2725 711 2759 exstitit
734 2731 767 2756 et
789 2723 880 2755 illam
901 2722 968 2753 ho-

199 2778 342 2811 minibus
365 2775 510 2809 exsecari
528 2772 644 2806 vetuit.
679 2773 793 2805 Calcar
815 2767 902 2800 enim
924 2770 969 2799 ait

199 2834 263 2857 esse
294 2825 440 2863 viria-'is3
474 2822 533 2853 hac
563 2822 690 2859 erepta,
724 2818 872 2848 inermem
898 2815 969 2845 ani-

199 2880 287 2902 mum
306 2873 334 2901 et
356 2870 401 2900 ad
421 2870 550 2900 conatus
579 2873 711 2905 maynos
731 2863 861 2902 piqrum
886 2862 969 2893 iner-

202 2918 319 2955 temque
342 2915 435 2955 fieri,
471 2919 507 2943 ut
533 2913 678 2942 Senecae
709 2905 818 2940 verbis
850 2904 892 2937 de
916 2906 968 2936 Ira

203 2960 261 2991 111.
287 2971 313 2990 c.
332 2960 354 2992 ὃ
377 2965 460 2990 utar.

268 3008 364 3037 cotem
394 3000 601 3045 fortitudinis]
635 2999 728 3033 Infra
757 3009 785 3030 c.
811 2995 876 3035 21,
899 2992 965 3028 48:

1061 1997 1136 2027 haec
1170 1995 1293 2026 nullam
1323 1994 1436 2024 habent
1469 1991 1549 2033 vim]
1598 1988 1767 2021 Bentleius

996 2040 1256 2074 coniecithubere
1267 2049 1278 2079 ‚·
1291 2044 1326 2070 at
1338 2050 1368 2069 v.
1381 2036 1550 2069 Adnotata
1562 2035 1596 2067 in
1609 2047 1635 2067 c.
1651 2034 1701 2074 10,
1713 2030 1768 2066 24.

1063 2087 1181 2127 virum}
1210 2087 1281 2124 Vir,
1307 2083 1354 2115 uti
1376 2094 1529 2126 graecum
1551 2078 1649 2124 ἀνήρ,
1669 2090 1769 2122 saepe

996 2145 1056 2177 per
1090 2129 1321 2164 excellentiam
1353 2128 1484 2161 dicitur.
1553 2126 1641 2159 Hinc
1673 2132 1770 2158 natae

997 2185 1074 2210 sunt
1097 2177 1174 2209 illae
1196 2175 1379 2208 formulae:
1414 2177 1464 2206 vir
1483 2183 1536 2214 es,
1557 2175 1584 2206 si
1601 2175 1652 2205 vir
1669 2181 1719 2211 es,
1743 2171 1771 2202 si

997 2226 1058 2256 viri
1089 2225 1170 2255 estis.
1229 2223 1334 2264 Supra
1365 2221 1407 2251 Π.
1431 2220 1497 2260 22,
1532 2219 1595 2252 53:
1633 2216 1770 2256 Marius,

998 2269 1182 2301 rusticanus
1217 2266 1285 2306 vir,
1327 2265 1388 2298 sed
1420 2264 1519 2308 plane
1547 2266 1609 2296 vir.
1654 2263 1695 2295 V.
1727 2260 1771 2294 ad

999 2317 1042 2347 II.
1061 2316 1104 2347 22
1116 2340 1123 2353 ,
1142 2314 1196 2345 5¹2.

1067 2359 1275 2399 lentitudinis]
1296 2368 1379 2400 quae
1395 2367 1515 2399 graece
1534 2350 1703 2397 ἅοργησία
1720 2351 1772 2384 di-

1001 2406 1094 2438 citur.
1130 2403 1303 2436 Aristotel.
1327 2402 1434 2434 Ethic.
1461 2402 1502 2433 11.
1528 2412 1557 2432 c.
1578 2400 1610 2433 7.

1068 2448 1123 2483 44.
1164 2453 1225 2482 Nec
1259 2459 1331 2481 vero
1367 2449 1467 2480 solum
1499 2447 1580 2478 hanc
1610 2444 1770 2476 libidinem

1001 2497 1149 2537 laudant]
1170 2496 1352 2538 Exspectes
1369 2503 1424 2525 nec
1441 2501 1515 2525 vero
1535 2491 1669 2522 solam
1689 2490 1771 2521 hanc

1001 2545 1021 2573 l.
1042 2544 1083 2582 l.‚·
1109 2546 1325 2584 opponuntur
1346 2538 1434 2570 enim
1450 2535 1552 2568 verba
1570 2537 1674 2574 ipsum
1692 2534 1772 2565 illud

1002 2597 1132 2627 genus
1155 2587 1304 2617 libidinis.
1339 2582 1406 2614 Sed
1427 2580 1556 2624 saepius
1579 2578 1772 2610 adverbium

1000 2634 1101 2663 solum
1127 2634 1187 2674 (Ξ
1207 2631 1321 2668 modo,
1343 2627 1479 2668 tantum)
1513 2635 1575 2667 pro
1605 2623 1771 2656 adiectivo

1003 2677 1157 2719 ponitur,
1182 2675 1216 2706 h.
1237 2686 1266 2706 e.
1288 2672 1474 2705 accuratior
1495 2669 1662 2708 definitio,
1688 2680 1772 2713 quae

1002 2721 1138 2764 proprie
1161 2720 1203 2751 ad
1222 2719 1405 2751 subiectum
1429 2723 1486 2748 aut
1504 2715 1671 2748 obiectum
1689 2726 1772 2758 per-

999 2766 1140 2802 tinebat,
1165 2765 1208 2797 ad
1219 2763 1446 2807 praedicatum
1459 2761 1672 2794 transfertur.
1696 2759 1770 2792 Fin.

1002 2813 1028 2844 Ι.
1054 2811 1115 2849 13,
1135 2808 1199 2843 44:
1226 2816 1263 2841 ut
1282 2808 1412 2852 sapiens
1431 2809 1531 2840 solum
1548 2826 1595 2831 —-
1617 2806 1688 2838 sine
1709 2816 1768 2838 ae-

1002 2856 1169 2900 gritudine
1189 2854 1298 2899 possit
1309 2860 1346 2886 et
1358 2853 1428 2885 sine
1448 2860 1539 2885 metu
1558 2852 1689 2884 vivere:
1713 2849 1770 2882 ubi

1002 2904 1184 2943 Madvi9ius
1216 2906 1294 2944 apte
1326 2905 1496 2943 comparat
1519 2897 1584 2930 off.
1609 2897 1634 2930 Ι.
1658 2896 1689 2940 ᾗ
1703 2895 1769 2928 22:

1002 2959 1096 2990 „uon
1126 2949 1214 2979 nobis
1247 2948 1382 2978 solum
1419 2943 1490 2976 nati
1526 2945 1662 2976 sumus“
1695 2951 1770 2972 cum

1001 2994 1075 3026 Fin.
1093 2994 1135 3025 11.
1160 2988 1264 3036 545:
1299 3002 1368 3024 non
1391 2992 1450 3023 sibi
1472 3000 1509 3022 se
1532 2989 1619 3022 soli
1641 2992 1767 3019 natum.

1834 556 1843 664 μ--...,-ι
