1859 3149
609 85 782 120 Lmen
803 87 861 122 iv.
889 84 952 130 17,
976 85 1035 123 37.
1058 87 1120 123 aa.
1587 85 1666 129 241

56 165 164 209 idem
197 180 317 222 quum
344 164 472 209 Stoici
507 167 556 208 de
588 167 770 224 sapiente
803 168 962 222 dicunt,
1007 169 1126 212 nimis
1153 170 1441 214 admirabiliter
1468 174 1666 231 nimisque

56 241 265 298 magnifice
296 242 430 284 dicere
463 241 663 284 videntur.
1301 236 1304 243 λ

171 315 317 360 XVII.
360 322 432 360 57.
478 315 590 373 Ergo
623 317 710 369 hic,
757 317 935 374 quisquis
974 326 1058 371 est,
1105 321 1170 377 qui
1199 323 1472 367 moderatione
1504 334 1544 369 et
1567 344 1663 372 con-

55 391 204 435 stantia
224 391 382 447 quietus
405 391 537 434 animo
572 400 634 435 est
657 393 811 449 sibique
835 393 920 449 ipse
947 393 1148 449 placatus,
1198 405 1239 439 ut
1274 413 1346 440 nec
1372 400 1552 444 tabescat
1578 420 1662 447 mo-

54 467 204 518 lestiis,
250 481 324 508 nec
352 468 558 523 frangatur
582 468 723 510 timore
739 501 750 520 ,
796 482 870 510 nec
893 469 1079 511 sitienter
1099 472 1191 527 quid
1213 482 1409 529 expetens
1433 478 1574 522 ardeat
1594 481 1662 524 de-

54 541 220 594 siderio,
253 556 328 584 nec
350 543 554 585 alacritate
578 543 675 585 l'utili
698 544 877 599 gestiens
896 544 1158 600 deliquescat,
1192 548 1225 589 is
1250 556 1309 590 est
1333 551 1510 607 sapiens,
1545 570 1661 611 quem

12 617 16 626 '
54 616 310 673 quaerimus,
355 617 390 660 is
425 618 675 671 estimatus,
724 619 786 661 cui
812 620 908 662 nihil
931 620 1189 663 humanarum
1216 638 1349 666 rerum
1381 634 1449 668 aut
1469 628 1660 673 intolera-

53 691 133 733 bile
168 692 217 735 ad
240 692 523 735 demittendum
551 694 750 746 animum,
797 703 865 736 aut
892 696 1008 737 nimis
1031 697 1216 739 laetabile
1253 700 1301 741 ad
1323 701 1570 746 efferendum
1598 707 1659 749 vi-

53 757 138 809 deri
175 774 322 823 potest.
384 766 490 823 Quid
517 770 621 810 enim
649 770 833 811 videatur
856 771 891 812 ei
919 786 1104 828 magnum
1130 774 1170 815 in
1196 774 1316 816 rebus
1340 776 1548 833 humanis,
1595 784 1658 824 cui

51 841 271 884 aeternitas
311 843 440 885 omnis
470 844 670 900 totiusque
702 846 835 887 mundi
879 854 973 888 nota
1014 848 1066 889 sit
1093 850 1353 904 magnitudo?
1423 852 1531 896 Nam
1567 857 1659 912 quid

49 923 118 959 aut
144 917 187 959 in
217 918 358 960 studiis
393 918 598 971 humanis,
644 927 712 962 aut
744 921 784 962 in
820 929 898 963 tam
936 922 1085 978 exigua
1109 924 1307 968 brevitate
1334 928 1439 970 vitae
1470 945 1659 987 magnum

49 992 220 1049 sapienti
245 993 371 1035 videri
399 1002 552 1050 potest,
587 996 651 1051 qui
676 1010 836 1052 semper
857 998 988 1038 animo
1017 999 1073 1040 sic
1100 1001 1298 1054 excubat,
1335 1010 1376 1044 ut
1401 1004 1438 1045 ei
1467 1006 1563 1048 nihil
1586 1008 1661 1050 im-

47 1067 252 1124 provisum
286 1070 469 1111 accidere
504 1071 657 1127 possit,
711 1072 807 1113 nihil
841 1072 1108 1129 inopinatum,
1160 1076 1256 1117 nihil
1288 1079 1450 1121 omnino
1481 1086 1658 1127 novum?

48 1148 122 1184 58.
154 1142 291 1199 Atque
309 1144 412 1186 idem
435 1145 489 1186 ita
515 1160 647 1187 acrem
679 1147 717 1188 in
743 1162 881 1189 omnes
906 1156 1038 1204 partes
1063 1150 1188 1191 aciem
1208 1151 1401 1206 intendit,
1437 1162 1478 1197 ut
1498 1171 1658 1216 semper

47 1217 183 1260 videat
209 1219 346 1261 sedem
376 1219 450 1262 sibi
485 1235 532 1261 ac
556 1221 684 1263 locum
718 1223 805 1264 sine
831 1224 1011 1265 molestia
1037 1233 1156 1281 atque
1181 1241 1332 1282 angore
1358 1229 1544 1284 vivendi,
1592 1241 1651 1288 ut,

46 1306 322 1350 quemcunque
345 1309 481 1337 casum
505 1297 662 1338 fortuna
685 1297 904 1350 invexerit,
941 1299 1042 1340 hunc
1065 1309 1154 1356 apte
1180 1310 1217 1342 et
1239 1303 1370 1358 quiete
1392 1306 1515 1348 ferat:
1550 1310 1654 1364 quod

46 1367 111 1424 qui
133 1368 276 1421 faciet,
311 1384 389 1412 non
413 1372 664 1427 aegritudine
685 1373 813 1414 solum
835 1375 1017 1426 vacabit,
1052 1377 1123 1417 sed
1149 1377 1266 1419 etiam
1288 1381 1653 1435 perturbationibus

44 1443 207 1499 reliquis
232 1445 430 1488 omnihus.
493 1447 568 1489 llis
597 1455 729 1489 autem
756 1464 907 1491 vacuus
938 1451 1092 1492 animus
1123 1455 1298 1508 perl'eetc
1328 1462 1446 1512 atque
1473 1457 1653 1503 absolute

4 1525 6 1527 '
43 1516 184 1561 beatos
215 1520 355 1574 efficit,
401 1522 584 1578 idemque
619 1525 841 1566 concitatus
881 1532 920 1567 et
945 1526 1169 1569 abstractus
1203 1529 1251 1570 ab
1285 1530 1440 1586 integra
1464 1541 1652 1591 certaque

42 1593 200 1636 ratione
222 1610 303 1638 non
326 1599 588 1639 constantiam
613 1600 740 1642 solum
762 1601 921 1654 amittit,
955 1616 1093 1643 verum
1118 1604 1236 1645 etiam
1261 1606 1488 1649 sanitatem.
1539 1607 1652 1664 Quo-

104 1691 160 1726 36.
176 1695 407 1735 aegritudinem
421 1696 506 1741 dico]
520 1697 560 1729 V.
575 1697 617 1729 ad
631 1699 669 1731 V.
684 1697 831 1736 35.105.

102 1740 149 1772 ad
158 1741 355 1781 fruyalilatis
363 1742 491 1786 nomen]
505 1743 544 1775 V.
555 1756 654 1788 supra
667 1745 722 1776 Ill.
733 1754 764 1783 e,
781 1744 831 1778 16.

97 1787 103 1792 ”
120 1786 212 1825 Quod
227 1789 303 1829 nisi}
327 1787 382 1820 Sic
398 1790 482 1829 quod
498 1792 536 1830 si,
558 1793 641 1831 quod
657 1793 724 1831 elsi,
746 1793 831 1832 quod

44 1833 132 1874 quia,
153 1834 238 1873 quod
251 1836 415 1875 quoniam,
436 1837 520 1876 quod
534 1846 641 1877 quum.
665 1839 749 1877 quod
768 1839 833 1878 ubi,

44 1879 129 1919 quod
157 1882 210 1918 ut,
244 1881 329 1920 quod
352 1883 498 1922 utinam,
523 1884 607 1923 quod
629 1885 682 1924 qui
699 1883 830 1926 saepius

45 1923 136 1967 apud
174 1923 370 1958 Ciceronem
399 1926 564 1970 leguntur.
624 1929 676 1960 cf.
701 1940 761 1960 nos
795 1929 829 1961 in

15 1993 18 1995 >
47 1969 108 2002 Gr.
131 1970 170 2002 L.
201 1971 231 2007 (i.
259 1969 332 2004 ΗΣ).
367 1972 448 2005 Not.
468 1976 524 2006 21.
560 1986 592 2017 p.
614 1974 692 2007 35⁸4.
718 1974 770 2006 ed.
795 1979 828 2007 2.

45 2014 133 2049 Illud
149 2017 234 2057 quod
251 2016 392 2049 inservit
412 2018 565 2051 interiori
585 2020 829 2053 sententiarum

45 2073 121 2095 cum
146 2062 424 2096 antecedentibus
447 2066 545 2096 nexui
569 2066 801 2109 significando.

114 2110 161 2140 iia
189 2111 413 2150 pervulyaeum
446 2110 542 2155 illud]
587 2112 642 2144 Sic
677 2112 828 2157 plerique

46 2153 147 2186 codd.
162 2166 170 2190 3
196 2165 280 2186 unus
292 2156 369 2188 Vat.
383 2159 427 2188 ila
439 2167 496 2198 per
512 2159 591 2190 illud
608 2161 715 2200 2·ul9..·
736 2159 828 2203 quod

46 2199 199 2232 nonnulli
220 2209 428 2244 receperunt.
467 2206 601 2236 Orellius
622 2204 723 2238 docet
737 2213 828 2238 tme-

45 2245 96 2278 sin
130 2245 230 2278 iatam
262 2246 368 2280 videri
398 2248 523 2282 habere
554 2250 663 2283 locum
701 2251 826 2284 dunta—

45 2290 150 2324 xatin
169 2292 290 2330 talibus
310 2294 404 2339 [ante
423 2299 647 2339 pronomenl:
671 2309 729 2339 per
750 2301 828 2331 mihi

41 2340 157 2371 scitum
178 2341 318 2381 videtur,
351 2351 409 2382 per
439 2344 518 2375 milti
545 2347 674 2385 gratum
700 2347 827 2385 accidit,

44 2394 114 2416 non
147 2384 229 2418 item
263 2385 297 2418 in
321 2387 505 2431 participiis
531 2390 728 2433 compositis
747 2402 824 2432 per-

41 2431 212 2472 υιιῑραιιιε,
232 2437 411 2475 permotus,
433 2438 627 2477 perscriptus
643 2444 723 2469 cett.
759 2437 827 2470 Sed

44 2476 84 2508 E.
101 2478 135 2508 V.
150 2479 188 2509 Ε.
212 2480 375 2520 Υορεῑίῑιε,
412 2492 431 2513 a
453 2480 590 2514 Mosero
615 2482 755 2522 allatus,
791 2483 826 2515 in

43 2521 182 2555 Probus.
204 2524 342 2568 Bipont.
366 2526 462 2560 1531.
493 2539 527 2571 p.
543 2528 587 2562 27
608 2540 659 2572 sq.
679 2541 746 2561 non
768 2540 825 2561 so-

43 2565 111 2600 lum
141 2576 448 2614 antepronomen,
484 2574 545 2605 sed
576 2573 674 2606 latius
706 2583 824 2619 patere

43 2611 139 2646 istius
165 2616 280 2648 tmesis
305 2628 398 2650 usum
422 2617 545 2658 docet,
570 2632 680 2664 comp.
697 2622 824 2655 Famm.

46 2659 156 2698 111‚5:
181 2661 267 2695 dixit
285 2673 342 2704 per
360 2664 435 2696 fore
454 2669 730 2699 accommodatum
752 2668 823 2700 tibi.

46 2705 149 2738 Attio.
168 2708 222 2747 X,
245 2709 284 2742 1:
319 2720 377 2751 per
409 2711 496 2743 enim
529 2716 640 2754 mayni
669 2714 822 2747 aestimo.

47 2748 90 2782 de
111 2751 167 2784 Or.
186 2754 213 2785 Ι.
234 2751 299 2788 47:
333 2764 485 2799 pergrata
507 2769 624 2799 perque
649 2762 800 2794 iucunda.

114 2798 209 2831 nimis
231 2801 475 2846 admirabiliter]
502 2804 528 2835 F
531 2804 576 2836 in.
596 2806 655 2837 ΙΙΙ.
677 2809 730 2842 ’.’·.’,
756 2807 820 2840 Τό;

48 2840 182 2883 „Quam
214 2845 321 2887 gravis
355 2859 456 2889 vero,
501 2861 600 2894 quam
635 2852 822 2896 magnifica,

48 2896 147 2930 quam
168 2895 322 2924 constans
345 2894 520 2928 conficitur
539 2907 675 2938 persona
695 2901 824 2941 sapien-

48 2933 90 2964 tis
103 2933 146 2965 ?“
170 2939 204 2965 et
224 2945 308 2978 quae
331 2948 523 2982 sequuntur.

116 2976 196 3010 CAP.
209 2979 322 3014 XVII.
347 2983 402 3019 37.
425 2989 568 3029 quisquis
587 2988 647 3033 est]
681 2989 722 3023 V.
749 2989 825 3022 Ad-

45 3028 167 3058 notata
189 3023 226 3058 in
247 3026 276 3059 Ι.
298 3025 366 3070 46,
390 3031 467 3065 110.

935 1701 1086 1743 sitienter]
1115 1702 1164 1733 De
1189 1702 1355 1736 adverbiis
1378 1703 1411 1736 in
1433 1710 1501 1738 nter
1522 1718 1647 1741 exeun-

866 1746 954 1778 tibus
979 1759 1008 1778 v.
1023 1750 1121 1779 Beier.
1137 1748 1177 1779 ud
1191 1749 1290 1782 Ol'lic.
1306 1751 1329 1781 Ι.
1350 1749 1399 1787 10,
1414 1752 1468 1785 ὄό.
1482 1765 1514 1796 p.
1529 1753 1572 1788 77
1584 1766 1647 1798 sq.,

866 1793 921 1835 qui
940 1793 971 1824 iu
991 1793 1061 1835 ipsa
1083 1795 1326 1828 conscribenda
1348 1796 1584 1832 observatione
1605 1801 1649 1833 de

865 1839 930 1870 illis
963 1838 1129 1871 adverbiis
1161 1841 1240 1872 satis
1265 1841 1460 1876 ioculariter
1495 1846 1648 1880 omnibus

866 1885 938 1916 fere
953 1885 1114 1917 eiusmodi
1129 1898 1212 1929 quae
1225 1887 1314 1930 apud
1328 1889 1453 1932 probos
1466 1891 1648 1936 scriptores

865 1930 1022 1973 leguntur
1044 1931 1210 1964 adverbiis
1232 1945 1306 1965 usus
1327 1942 1387 1967 est.
1436 1937 1547 1969 Minus
1568 1940 1647 1974 trita

865 1984 961 2008 sunt:
992 1976 1174 2017 audenter,
1200 1979 1439 2024 intelligenter,
1464 1984 1646 2030 sapienter,

864 2030 1080 2065 reverenter,
1105 2024 1350 2069 obsequenter,
1375 2028 1554 2072 pudenter,
1580 2033 1647 2065 ob-

864 2076 1054 2109 servanter,
1090 2070 1297 2115 insolenter,
1333 2074 1510 2116 ardenter,
1542 2077 1646 2121 igno-

863 2122 987 2155 ranter,
1009 2116 1172 2160 furenter,
1190 2117 1346 2160 latenter,
1365 2129 1567 2166 appetenter
1581 2132 1645 2159 etc.

931 2175 959 2205 is
981 2178 1023 2206 ese
1055 2175 1197 2219 sapiens]
1236 2177 1426 2212 Pronomen
1453 2182 1481 2212 is
1511 2192 1586 2213 cum
1612 2182 1646 2215 vi

863 2219 1007 2263 quadam
1040 2228 1074 2253 et
1098 2222 1346 2265 perspicuitatis
1377 2237 1491 2259 caussa
1514 2228 1644 2272 repeti-

862 2272 933 2298 tum
961 2273 1021 2298 est.
1071 2268 1110 2299 V.
1139 2268 1181 2300 ad
1204 2270 1227 2302 I.
1253 2270 1320 2312 32,
1346 2271 1400 2305 Τό.

930 2326 1014 2356 Nam
1032 2325 1124 2369 quid]
1154 2327 1240 2358 Bene
1260 2330 1442 2362 Nissenius:
1466 2331 1559 2364 Haec
1578 2343 1644 2364 non

862 2370 1013 2413 proxime
1034 2372 1265 2405 antecedentis
1285 2386 1435 2408 caussam
1457 2377 1642 2417 continent,

861 2415 920 2447 sed
944 2415 1042 2448 aliam
1068 2417 1132 2450 illis
1167 2423 1316 2452 caussam
1345 2422 1485 2455 addunt.
1535 2426 1644 2463 Quum

863 2461 973 2501 enim,
1005 2474 1063 2494 cur
1095 2465 1260 2509 cupiditas
1294 2475 1328 2499 et
1355 2468 1508 2512 voluptas
1538 2482 1556 2501 a
1586 2481 1643 2500 sa-

861 2507 976 2551 piente
1012 2509 1145 2551 absint,
1179 2511 1213 2544 in
1238 2512 1403 2556 prioribus
1429 2515 1644 2547 demonstra-

862 2560 932 2586 tum
957 2554 1021 2596 sit,
1054 2555 1140 2596 iam,
1178 2570 1235 2590 cur
1258 2566 1349 2591 metu
1375 2567 1408 2592 et
1433 2561 1642 2604 aegritudine

863 2606 996 2642 careat,
1023 2601 1287 2637 demonstratur.

935 2661 1044 2691 animo
1067 2679 1113 2685 —
1137 2662 1283 2705 excubat]
1322 2661 1374 2694 Cf.
1399 2662 1485 2694 Phil.
1509 2664 1574 2703 VI,
1600 2663 1640 2697 7:

861 2704 1003 2736 consilio
1032 2706 1206 2738 excubare.

926 2753 1005 2783 nihil
1038 2755 1246 2793 improvisum
1281 2754 1425 2785 accidere
1458 2754 1547 2798 etc.]
1590 2755 1641 2787 De

860 2796 1062 2835 discrimine,
1088 2798 1178 2842 quod
1202 2804 1252 2829 est
1271 2798 1359 2830 inter
1378 2801 1456 2831 nihil
1476 2802 1641 2841 improvisi

860 2850 893 2874 et
915 2845 993 2874 nihil
1007 2846 1215 2884 improvisum
1235 2846 1311 2876 mihi
1333 2847 1448 2877 accidit
1470 2858 1500 2878 v.
1524 2857 1584 2878 nos
1604 2847 1639 2880 in

862 2889 1009 2921 Gramm.
1027 2890 1065 2921 L.
1082 2890 1109 2932 gi.
1125 2890 1198 2921 111.
1222 2889 1303 2921 Not.
1321 2891 1372 2922 15.
1394 2902 1427 2933 p.
1444 2889 1518 2925 194.
1542 2891 1593 2926 ed.
1606 2893 1638 2927 2.

929 2944 984 2978 33.
1016 2948 1124 2978 videat
1146 2947 1250 2978 sedem
1272 2948 1347 2990 sibi]
1386 2948 1439 2980 Cf.
1467 2949 1639 2984 Adnotata

861 2990 897 3023 in
921 2991 982 3023 111.
1011 2990 1072 3031 19,
1097 2989 1154 3024 46.

929 3040 1002 3078 apte
1021 3055 1068 3061 —
1086 3037 1183 3081 ferat]
1209 3040 1288 3080 Apte
1308 3041 1390 3081 serre
1408 3040 1493 3074 bene
1508 3044 1639 3087 Wolfius

1254 3101 1307 3138 16
