1843 3101
167 52 251 97 284
672 62 841 96 Linea
865 63 906 97 v.
933 61 995 106 ιο,
1019 60 1074 96 28.
1100 61 1155 96 29.
1179 62 1236 98 30.

164 144 245 198 ris,
286 158 478 187 summum
499 143 644 186 bonum
669 144 779 184 firma
806 143 984 198 corporis
1009 143 1219 186 affectione
1243 144 1526 200 explorataque
1555 158 1626 201 spe
1646 161 1739 188 con-

164 219 309 272 tineri,
355 221 534 261 fortunae
565 218 692 259 aditus
728 218 1011 261 interclusisti?
1070 217 1161 274 Quo
1185 219 1328 261 modo?
1386 217 1471 262 Isto
1501 219 1605 261 enim
1635 219 1739 262 bono

163 295 240 336 iam
271 292 482 349 exspoliari
514 300 643 345 potes.

272 366 331 409 X.
366 374 436 408 28.
466 366 590 421 Atqui
618 366 678 408 his
705 367 911 423 capiuntur
929 367 1121 423 imperiti,
1169 374 1209 409 et
1229 375 1388 424 propter
1411 367 1630 410 huiusmodi
1646 381 1739 409 sen-

160 442 303 484 tentias
333 441 497 482 istorum
527 441 725 482 hominum
753 448 814 483 est
835 442 1055 483 multitudo.
1116 441 1246 483 Acute
1278 450 1406 484 autem
1435 442 1667 499 disputantis
1692 442 1740 484 il-

157 517 222 558 lud
247 523 308 558 est
329 530 432 568 non,
480 516 570 571 quid
592 516 754 571 quisque
781 515 909 569 dieat,
956 517 1025 557 sed
1045 516 1136 572 quid
1161 516 1300 571 cuique
1326 517 1531 558 dicendum
1555 517 1630 569 sit,
1678 516 1738 558 vi-

156 592 265 632 dere.
330 588 452 632 Velut
475 589 514 630 iu
541 603 586 631 ea
608 590 691 645 ipsa
716 591 938 643 sententia,
973 605 1086 646 quam
1110 591 1151 631 in
1178 590 1250 631 liae
1274 591 1535 646 disputatione
1560 591 1738 646 suscepi-

153 679 265 718 mus,
309 678 446 706 omnes
467 664 590 705 bonos
611 679 767 720 semper
787 665 924 706 beatos
942 665 1122 706 volumus
1151 678 1256 706 esse.
1320 664 1424 719 Quid
1450 665 1573 706 dicam
1591 665 1736 718 bonos,

152 739 401 797 perspicuum
437 746 521 790 est3
568 739 747 780 omnibus
787 740 889 780 enim
915 740 1125 781 virtutibus
1149 740 1362 781 instructos
1396 747 1436 781 et
1460 747 1622 781 ornatos
1654 747 1736 781 tum

153 815 379 870 sapientes,
426 821 505 855 tum
539 813 648 855 viros
680 814 808 855 bonos
840 814 1019 855 dicimus.
1089 813 1328 866 Videamus,
1376 814 1440 869 qui
1473 814 1627 855 dicendi
1658 814 1738 855 sint

151 889 271 932 beati.
334 887 527 944 Equidem
564 889 634 929 hos
669 889 881 940 existimo,
928 888 992 943 qui
1031 887 1111 928 sint
1141 887 1181 928 in
1216 887 1358 939 bonis,
1406 888 1513 929 nullo
1548 888 1733 930 adiuncto

152 965 272 1006 malo.
334 969 404 1004 29.
437 961 581 1017 Neque
603 962 679 1002 ulla
701 963 775 1002 alia
800 962 888 1002 huic
913 961 1036 1002 verbo
1052 993 1062 1012 ,
1098 976 1212 1016 quum
1236 961 1391 1002 beatum
1418 961 1608 1014 dicimus,
1641 962 1734 1003 sub-

150 1038 252 1080 iecta
272 1038 380 1079 notio
404 1045 486 1089 est,
521 1037 611 1087 nisi,
644 1036 810 1078 secretis
837 1036 947 1077 malis
968 1035 1163 1088 omnibus,
1198 1035 1392 1077 cumulata
1410 1035 1603 1078 bonorum
1627 1050 1734 1077 com·

148 1112 296 1169 plexio.
359 1111 473 1153 Hanc
505 1111 662 1167 assequi
694 1111 846 1163 virtus,
893 1111 926 1152 si
957 1111 1161 1166 quiequam
1195 1117 1354 1166 praeter
1381 1110 1505 1166 ipsam
1532 1110 1627 1151 boni
1655 1116 1731 1163 est,

147 1201 228 1229 non
262 1194 407 1244 potest.
468 1185 611 1227 Aderit
648 1186 750 1227 enim
791 1186 1010 1238 malorum,
1057 1185 1089 1226 si
1131 1185 1232 1227 mala
1267 1185 1334 1226 illa
1370 1184 1570 1237 ducimus,
1617 1184 1733 1226 turba

145 1262 362 1318 quaedam,
407 1268 640 1318 paupertas,
683 1261 931 1316 ignobilitas,
967 1260 1189 1311 humilitas,
1224 1260 1418 1312 solitudo,
1453 1259 1613 1301 amissio
1638 1273 1731 1300 suo-

145 1351 255 1388 rum,
301 1350 446 1391 graves
467 1336 624 1376 dolores
649 1335 850 1390 corporis,
883 1335 1033 1390 perdita
1060 1334 1264 1386 valetudo,
1299 1334 1506 1386 debilitas,
1539 1333 1726 1386 caecitas,

144 1410 328 1452 interitus
357 1410 532 1466 patriae,
580 1410 790 1460 exsilium,
837 1410 1008 1450 servitus
1036 1409 1218 1464 denique.
1281 1407 1329 1450 In
1364 1409 1423 1450 his
1456 1416 1514 1450 tot
1543 1415 1582 1449 et
1612 1407 1729 1449 tantis

147 1486 283 1541 (atque
317 1485 431 1526 etiam
465 1484 574 1540 plura
602 1491 766 1539 possunt
787 1483 985 1537 accidere)
1007 1491 1136 1539 potest
1156 1497 1246 1525 esse
1269 1484 1443 1540 sapiens.
1504 1481 1609 1524 Nam
1630 1483 1729 1524 haec

145 1572 261 1601 casus
287 1558 495 1614 importat,
542 1558 606 1613 qui
634 1558 674 1599 in
700 1558 916 1614 sapientem
946 1566 1073 1613 potest
1100 1559 1321 1600 incurrere.
1398 1557 1457 1599 At
1483 1557 1518 1599 si
1547 1572 1595 1600 ea
1625 1558 1730 1599 mala

143 1640 258 1686 sunt,
305 1633 390 1688 quis
426 1639 556 1689 potest
580 1639 806 1688 praestare,
849 1646 1006 1688 semper
1026 1633 1242 1689 sapientem
1272 1633 1429 1673 beatum
1452 1633 1561 1684 fore,
1608 1647 1727 1688 quum

142 1708 208 1750 vel
239 1707 278 1748 in
304 1707 484 1748 omnibus
517 1706 576 1747 his
610 1722 688 1748 uno
720 1714 896 1762 tempore
923 1721 1011 1748 esse
1033 1708 1185 1763 possit?
1244 1713 1315 1749 50.
1348 1705 1444 1747 Non
1467 1706 1587 1762 igitur
1609 1707 1726 1748 facile

143 1782 317 1824 concedo
342 1795 470 1837 neque
490 1779 614 1823 Bruto
640 1795 751 1832 meo,
797 1795 924 1836 neque
949 1782 1218 1823 communibus
1243 1781 1441 1837 magistris
1457 1813 1468 1834 ,
1510 1795 1584 1822 nec
1613 1788 1725 1822 vete-

141 1856 251 1899 ribus
278 1856 381 1907 illis,
414 1855 649 1907 Aristoteli,
683 1854 931 1911 Speusippo,
964 1854 1208 1908 Xenocrati,
1240 1855 1472 1908 Polemoni,
1505 1862 1574 1907 ut,
1607 1870 1724 1910 quum

141 1945 204 1983 ea,
239 1944 338 1986 quae
363 1944 481 1986 supra
506 1930 751 1981 enumeravi,
786 1930 825 1970 in
851 1930 962 1971 malis
988 1937 1211 1981 numerent,
1246 1930 1362 1971 iidem
1387 1930 1533 1982 dicant,
1567 1943 1725 1985 semper

140 2004 298 2046 beatum
331 2018 421 2045 esse
454 2005 688 2059 sapientem.
754 2003 865 2058 Quos
894 2005 928 2046 si
954 2005 1088 2046 titulus
1108 2005 1169 2045 hie
1190 2005 1359 2046 delectat
1379 2003 1545 2059 insignis
1576 2011 1617 2046 et
1639 2005 1723 2060 pul-

141 2079 258 2130 cher,
303 2076 556 2134 Pythagora,
589 2078 782 2129 Socrate,
826 2077 992 2120 Platone
1016 2079 1292 2134 dignissimus,
1325 2078 1513 2120 inducant
1533 2079 1722 2132 animum,

140 2153 232 2205 illa,
280 2166 442 2207 quorum
470 2153 678 2208 splendore
703 2153 934 2209 capiuntur,
977 2154 1112 2204 vires,
1146 2153 1437 2205 valetudinem,
1470 2153 1724 2207 pulchritudi-

142 2241 256 2279 nem,
289 2226 468 2277 divitias,
503 2226 698 2277 honores,
734 2240 828 2282 opes
852 2234 1107 2268 contemnere
1131 2241 1280 2282 eaque,
1314 2241 1414 2282 quae
1438 2227 1498 2268 his
1523 2229 1723 2269 contraria

141 2302 242 2354 sint,
286 2315 355 2356 pro
385 2299 505 2341 nihilo
533 2300 702 2341 ducere:
750 2309 828 2341 tum
853 2309 1038 2357 poterunt
1059 2302 1277 2343 clarissima
1308 2315 1408 2343 voce
1429 2301 1632 2357 profiteri,
1676 2316 1720 2344 se

211 2387 292 2419 CAP.
305 2386 352 2419 X.
385 2384 441 2419 29.
473 2384 649 2428 praestare]
683 2385 910 2418 vadimonium
947 2387 1032 2420 citur
1056 2387 1089 2419 in
1114 2399 1150 2420 re
1173 2387 1270 2428 mala,
1297 2398 1382 2430 quae
1408 2386 1471 2419 diis
1492 2387 1624 2431 placere
1651 2397 1719 2420 non

141 2439 323 2478 praestare.
944 2440 1068 2476 potest.

208 2478 263 2512 30.
291 2479 375 2517 Quos
394 2479 420 2510 si
439 2478 547 2509 titulus
563 2477 612 2508 hic
631 2476 760 2508 delectat
782 2496 837 2517 ——,
861 2480 909 2510 in·
1015 2481 1119 2519 Quam
1153 2480 1209 2512 hoc
1240 2488 1336 2511 suave
1372 2480 1429 2521 est]
1472 2479 1513 2512 V.
1544 2489 1643 2521 supra
1673 2479 1717 2510 ΙΙ.

142 2526 259 2558 ducant
291 2523 444 2566 omnium]
482 2522 522 2554 V.
547 2520 719 2554 Adnotata
748 2521 782 2552 in
808 2523 831 2552 Ι.
854 2521 909 2561 34,
945 2523 986 2564 7,
1013 2524 1065 2557 17.

142 2567 197 2603 84.
232 2571 353 2602 Titulus
381 2580 426 2600 sc.
449 2567 627 2611 sapientis3
661 2568 813 2598 inducant
840 2569 909 2598 ani-
1015 2569 1236 2602 CAP.X1.32.
1257 2571 1295 2602 de
1305 2568 1446 2611 Finibus]
1461 2568 1535 2600 Lib.
1549 2568 1606 2601 IV.
1621 2579 1649 2600 c.
1661 2569 1717 2602 20.

142 2625 229 2647 mum
249 2614 282 2646 h.
295 2625 323 2646 e.
341 2613 532 2653 decernant,
557 2612 621 2645 sibi
639 2618 838 2655 proponant.
869 2613 909 2643 V.
1013 2614 1067 2647 33.
1117 2617 1238 2647 tabellis
1273 2615 1458 2655 obsignatis]
1504 2614 1583 2654 „Me
1631 2613 1717 2646 scri-—

143 2662 267 2693 schulz.
293 2660 370 2691 Lex.
396 2659 462 2691 Cic.
490 2671 522 2692 v.
545 2660 699 2691 inducere.
739 2657 803 2689 Alii
824 2656 910 2689 scri-
944 2664 1078 2701 ptorum
1103 2671 1253 2691 meorum
1288 2659 1480 2691 testimonio
1509 2658 1717 2702 redarguis.“

142 2712 256 2749 ptores
270 2731 278 2744 ‚
306 2711 342 2737 ut
363 2705 534 2737 Sallustius
548 2730 556 2745 ‚
586 2703 719 2743 Livius,
754 2702 852 2734 etiam
878 2705 909 2734 in
943 2706 1069 2736 Beierus
1087 2704 1130 2735 ad
1149 2716 1195 2737 or.
1212 2716 1244 2746 p.
1263 2706 1387 2736 Scauro
1408 2703 1529 2747 p.211.
1551 2704 1594 2736 ad
1612 2718 1642 2737 v.
1663 2708 1717 2738 ob-

143 2754 285 2783 animum
315 2752 461 2783 inducere
492 2750 618 2782 dicunt.
658 2750 709 2781 Cf.
735 2748 814 2781 Sall.
839 2748 908 2780 cat.
944 2751 1123 2789 siqnaverui
1142 2752 1260 2782 litteras
1279 2761 1349 2781 rem
1369 2749 1416 2782 sic
1436 2749 1590 2792 exponit:
1616 2751 1716 2783 Sole—

143 2797 238 2835 LIV,
255 2794 287 2828 4.
320 2796 432 2840 ibique
462 2798 618 2828 Kritzium
638 2807 672 2838 p.
686 2795 762 2828 310.
945 2794 1027 2826 bant
1045 2794 1077 2826 in
1103 2806 1215 2827 caussa
1237 2794 1495 2838 repetundarum
1514 2807 1582 2828 non
1608 2796 1716 2828 solum

209 2843 390 2886 omniaque]
415 2841 470 2874 Sic
490 2853 589 2884 saepe
610 2851 677 2882 nec,
700 2850 796 2881 neque
819 2838 911 2871 exci-
946 2839 995 2872 rei
1017 2840 1168 2880 codices,
1190 2840 1249 2872 sed
1270 2840 1522 2884 provincialium
1539 2841 1640 2874 etiam
1658 2848 1714 2874 ta-

145 2885 197 2929 pit
218 2886 336 2918 vocula
359 2898 426 2927 que.
458 2888 498 2919 V.
517 2887 560 2919 ad
579 2889 606 2919 1.
627 2888 670 2925 2,
693 2883 726 2919 4.
946 2885 1043 2918 bulae
1064 2892 1098 2918 et
1120 2886 1264 2928 litterae,
1289 2892 1322 2918 et
1346 2886 1518 2929 publicae,
1544 2893 1579 2919 et
1601 2887 1717 2931 priva-

211 2930 266 2964 31.
289 2934 317 2963 si
336 2932 527 2976 diisplacel]
553 2932 710 2964 Formula
723 2930 848 2964 ironica
862 2930 912 2962 in-
946 2937 1023 2971 tae,
1059 2931 1227 2976 obsignari
1254 2931 1295 2964 ab
1330 2932 1388 2972 iis,
1434 2932 1491 2977 qui
1523 2932 1716 2976 inquisitum

143 2975 351 3020 dignantium
371 2984 404 3010 et
417 2978 702 3011 contemnentium
714 2988 846 3021 semper
864 2975 913 3009 di·
946 2976 1103 3017 ivissent3
1148 2978 1253 3022 iisque
1285 2984 1319 3010 ut
1352 2977 1498 3011 omnium
1529 2978 1714 3011 tabularum
