<?xml version="1.0" encoding="UTF-8"?>
<!DOCTYPE html PUBLIC "-//W3C//DTD XHTML 1.0 Transitional//EN"
    "http://www.w3.org/TR/xhtml1/DTD/xhtml1-transitional.dtd">
<html xmlns="http://www.w3.org/1999/xhtml" xml:lang="en" lang="en">
 <head>
  <title>
</title>
<meta http-equiv="Content-Type" content="text/html;charset=utf-8" />
  <meta name='ocr-system' content='tesseract 3.04.00' />
  <meta name='ocr-capabilities' content='ocr_page ocr_carea ocr_par ocr_line ocrx_word'/>
</head>
<body>
  <div class='ocr_page' id='page_1' title='image "./tusculanarumdi00ciceuoft_0082.png"; bbox 0 0 1827 3101; ppageno 0'>
   <div class='ocr_carea' id='block_1_1' title="bbox 76 49 190 100">
    <p class='ocr_par' dir='ltr' id='par_1_1' title="bbox 76 49 190 100">
     <span class='ocr_line' id='line_1_1' title="bbox 76 49 190 100; baseline 0 -8"><span class='ocrx_word' id='word_1_1' title='bbox 76 49 190 100; x_wconf 41' lang='lat'><strong>,72</strong></span> 
     </span>
    </p>
   </div>
   <div class='ocr_carea' id='block_1_2' title="bbox 684 57 1160 103">
    <p class='ocr_par' dir='ltr' id='par_1_2' title="bbox 684 57 1160 103">
     <span class='ocr_line' id='line_1_2' title="bbox 684 57 1160 103; baseline -0.002 -9"><span class='ocrx_word' id='word_1_2' title='bbox 684 59 857 94; x_wconf 65' lang='lat' dir='ltr'><strong>Lmen</strong></span> <span class='ocrx_word' id='word_1_3' title='bbox 880 60 907 94; x_wconf 90' lang='lat'><strong>1.</strong></span> <span class='ocrx_word' id='word_1_4' title='bbox 930 58 995 103; x_wconf 83' lang='lat'><strong>20,</strong></span> <span class='ocrx_word' id='word_1_5' title='bbox 1019 57 1075 96; x_wconf 76' lang='lat'><strong>46.</strong></span> <span class='ocrx_word' id='word_1_6' title='bbox 1103 58 1160 95; x_wconf 82' lang='lat'><strong>47.</strong></span> 
     </span>
    </p>
   </div>
   <div class='ocr_carea' id='block_1_3' title="bbox 136 139 1722 940">
    <p class='ocr_par' dir='ltr' id='par_1_3' title="bbox 136 139 1722 940">
     <span class='ocr_line' id='line_1_3' title="bbox 136 139 1719 198; baseline 0.003 -18"><span class='ocrx_word' id='word_1_7' title='bbox 136 139 270 181; x_wconf 78' lang='lat' dir='ltr'>licebit</span> <span class='ocrx_word' id='word_1_8' title='bbox 294 140 458 197; x_wconf 85' lang='lat' dir='ltr'><strong>eiusque</strong></span> <span class='ocrx_word' id='word_1_9' title='bbox 481 155 598 198; x_wconf 91' lang='lat' dir='ltr'><strong>quum</strong></span> <span class='ocrx_word' id='word_1_10' title='bbox 627 140 769 193; x_wconf 90' lang='lat' dir='ltr'><strong>situm,</strong></span> <span class='ocrx_word' id='word_1_11' title='bbox 801 141 990 194; x_wconf 85' lang='lat' dir='ltr'><strong>formam,</strong></span> <span class='ocrx_word' id='word_1_12' title='bbox 1023 139 1450 197; x_wconf 79' lang='lat' dir='ltr'><strong>circumscriptionem,</strong></span> <span class='ocrx_word' id='word_1_13' title='bbox 1482 147 1565 182; x_wconf 76' lang='lat' dir='ltr'><strong>tum</strong></span> <span class='ocrx_word' id='word_1_14' title='bbox 1591 148 1631 184; x_wconf 89' lang='lat' dir='ltr'><strong>et</strong></span> <span class='ocrx_word' id='word_1_15' title='bbox 1647 141 1719 184; x_wconf 85' lang='lat' dir='ltr'><strong>ha-</strong></span> 
     </span>
     <span class='ocr_line' id='line_1_4' title="bbox 137 214 1720 272; baseline 0.003 -18"><span class='ocrx_word' id='word_1_16' title='bbox 137 214 315 257; x_wconf 87' lang='lat' dir='ltr'><strong>bitabiles</strong></span> <span class='ocrx_word' id='word_1_17' title='bbox 336 217 544 271; x_wconf 83' lang='lat' dir='ltr'><strong>regiones,</strong></span> <span class='ocrx_word' id='word_1_18' title='bbox 579 223 618 257; x_wconf 93' lang='lat' dir='ltr'><strong>et</strong></span> <span class='ocrx_word' id='word_1_19' title='bbox 641 229 798 256; x_wconf 90' lang='lat' dir='ltr'><strong>rursum</strong></span> <span class='ocrx_word' id='word_1_20' title='bbox 826 215 931 256; x_wconf 91' lang='lat' dir='ltr'><strong>omni</strong></span> <span class='ocrx_word' id='word_1_21' title='bbox 953 215 1059 256; x_wconf 90' lang='lat' dir='ltr'><strong>cultu</strong></span> <span class='ocrx_word' id='word_1_22' title='bbox 1084 222 1245 272; x_wconf 86' lang='lat' dir='ltr'><strong>propter</strong></span> <span class='ocrx_word' id='word_1_23' title='bbox 1266 215 1347 258; x_wconf 88' lang='lat' dir='ltr'><strong>vim</strong></span> <span class='ocrx_word' id='word_1_24' title='bbox 1373 215 1533 270; x_wconf 85' lang='lat' dir='ltr'><strong>frigoris</strong></span> <span class='ocrx_word' id='word_1_25' title='bbox 1560 222 1628 257; x_wconf 87' lang='lat' dir='ltr'><strong>aut</strong></span> <span class='ocrx_word' id='word_1_26' title='bbox 1655 230 1720 258; x_wconf 84' lang='lat' dir='ltr'><strong>ca-</strong></span> 
     </span>
     <span class='ocr_line' id='line_1_5' title="bbox 136 288 1716 344; baseline 0.001 -14"><span class='ocrx_word' id='word_1_27' title='bbox 136 288 234 330; x_wconf 91' lang='lat' dir='ltr'><strong>loris</strong></span> <span class='ocrx_word' id='word_1_28' title='bbox 260 291 479 331; x_wconf 80' lang='lat' dir='ltr'><strong>vacantes?</strong></span> <span class='ocrx_word' id='word_1_29' title='bbox 538 295 607 330; x_wconf 77' lang='lat'><strong>46.</strong></span> <span class='ocrx_word' id='word_1_30' title='bbox 639 288 729 330; x_wconf 91' lang='lat' dir='ltr'><strong>Nos</strong></span> <span class='ocrx_word' id='word_1_31' title='bbox 757 288 861 331; x_wconf 88' lang='lat' dir='ltr'><strong>enim</strong></span> <span class='ocrx_word' id='word_1_32' title='bbox 895 304 944 332; x_wconf 91' lang='lat' dir='ltr'><strong>ne</strong></span> <span class='ocrx_word' id='word_1_33' title='bbox 967 304 1070 331; x_wconf 89' lang='lat' dir='ltr'><strong>nunc</strong></span> <span class='ocrx_word' id='word_1_34' title='bbox 1098 290 1252 344; x_wconf 88' lang='lat' dir='ltr'><strong>quidem</strong></span> <span class='ocrx_word' id='word_1_35' title='bbox 1282 289 1407 331; x_wconf 91' lang='lat' dir='ltr'><strong>oculis</strong></span> <span class='ocrx_word' id='word_1_36' title='bbox 1431 289 1629 331; x_wconf 88' lang='lat' dir='ltr'><strong>cernimus</strong></span> <span class='ocrx_word' id='word_1_37' title='bbox 1651 303 1716 343; x_wconf 87' lang='lat' dir='ltr'><strong>ea,</strong></span> 
     </span>
     <span class='ocr_line' id='line_1_6' title="bbox 137 363 1721 420; baseline 0.001 -17"><span class='ocrx_word' id='word_1_38' title='bbox 137 377 236 417; x_wconf 82' lang='lat' dir='ltr'><strong>quae</strong></span> <span class='ocrx_word' id='word_1_39' title='bbox 260 364 453 405; x_wconf 82' lang='lat' dir='ltr'><strong>videmus.</strong></span> <span class='ocrx_word' id='word_1_40' title='bbox 513 363 657 419; x_wconf 82' lang='lat' dir='ltr'><strong>Neque</strong></span> <span class='ocrx_word' id='word_1_41' title='bbox 692 371 754 406; x_wconf 92' lang='lat' dir='ltr'><strong>est</strong></span> <span class='ocrx_word' id='word_1_42' title='bbox 785 364 888 405; x_wconf 89' lang='lat' dir='ltr'><strong>enim</strong></span> <span class='ocrx_word' id='word_1_43' title='bbox 913 364 1013 405; x_wconf 92' lang='lat' dir='ltr'><strong>ullus</strong></span> <span class='ocrx_word' id='word_1_44' title='bbox 1041 377 1182 405; x_wconf 90' lang='lat' dir='ltr'><strong>sensus</strong></span> <span class='ocrx_word' id='word_1_45' title='bbox 1214 363 1255 404; x_wconf 89' lang='lat' dir='ltr'><strong>in</strong></span> <span class='ocrx_word' id='word_1_46' title='bbox 1281 377 1473 420; x_wconf 82' lang='lat' dir='ltr'><strong>corpore3</strong></span> <span class='ocrx_word' id='word_1_47' title='bbox 1520 364 1613 416; x_wconf 90' lang='lat' dir='ltr'><strong>sed,</strong></span> <span class='ocrx_word' id='word_1_48' title='bbox 1658 365 1721 420; x_wconf 86' lang='lat' dir='ltr'><strong>(ut</strong></span> 
     </span>
     <span class='ocr_line' id='line_1_7' title="bbox 137 437 1722 494; baseline 0.002 -17"><span class='ocrx_word' id='word_1_49' title='bbox 137 452 216 478; x_wconf 89' lang='lat' dir='ltr'><strong>non</strong></span> <span class='ocrx_word' id='word_1_50' title='bbox 240 438 388 493; x_wconf 79' lang='lat' dir='ltr'><strong>physici</strong></span> <span class='ocrx_word' id='word_1_51' title='bbox 416 439 541 479; x_wconf 90' lang='lat' dir='ltr'><strong>solum</strong></span> <span class='ocrx_word' id='word_1_52' title='bbox 576 439 741 490; x_wconf 82' lang='lat' dir='ltr'><strong>docent,</strong></span> <span class='ocrx_word' id='word_1_53' title='bbox 789 452 926 480; x_wconf 89' lang='lat' dir='ltr'><strong>verum</strong></span> <span class='ocrx_word' id='word_1_54' title='bbox 959 439 1075 480; x_wconf 85' lang='lat' dir='ltr'><strong>etiam</strong></span> <span class='ocrx_word' id='word_1_55' title='bbox 1104 438 1269 490; x_wconf 88' lang='lat' dir='ltr'><strong>medici,</strong></span> <span class='ocrx_word' id='word_1_56' title='bbox 1312 438 1377 493; x_wconf 86' lang='lat' dir='ltr'><strong>qui</strong></span> <span class='ocrx_word' id='word_1_57' title='bbox 1410 437 1487 479; x_wconf 89' lang='lat' dir='ltr'><strong>ista</strong></span> <span class='ocrx_word' id='word_1_58' title='bbox 1515 445 1650 494; x_wconf 84' lang='lat' dir='ltr'><strong>aperta</strong></span> <span class='ocrx_word' id='word_1_59' title='bbox 1680 444 1722 480; x_wconf 88' lang='lat' dir='ltr'><strong>et</strong></span> 
     </span>
     <span class='ocr_line' id='line_1_8' title="bbox 136 512 1716 568; baseline 0.002 -16"><span class='ocrx_word' id='word_1_60' title='bbox 136 514 330 566; x_wconf 78' lang='lat' dir='ltr'><strong>patefacta</strong></span> <span class='ocrx_word' id='word_1_61' title='bbox 356 513 585 567; x_wconf 84' lang='lat' dir='ltr'><strong>viderunt,)</strong></span> <span class='ocrx_word' id='word_1_62' title='bbox 615 513 704 555; x_wconf 84' lang='lat' dir='ltr'><strong>viae</strong></span> <span class='ocrx_word' id='word_1_63' title='bbox 733 513 843 568; x_wconf 85' lang='lat' dir='ltr'><strong>quasi</strong></span> <span class='ocrx_word' id='word_1_64' title='bbox 872 513 1061 568; x_wconf 79' lang='lat' dir='ltr'><strong>quaedam</strong></span> <span class='ocrx_word' id='word_1_65' title='bbox 1094 519 1186 554; x_wconf 93' lang='lat' dir='ltr'><strong>sunt</strong></span> <span class='ocrx_word' id='word_1_66' title='bbox 1217 513 1265 553; x_wconf 89' lang='lat' dir='ltr'><strong>ad</strong></span> <span class='ocrx_word' id='word_1_67' title='bbox 1293 512 1455 564; x_wconf 91' lang='lat' dir='ltr'><strong>oculos,</strong></span> <span class='ocrx_word' id='word_1_68' title='bbox 1499 512 1547 553; x_wconf 88' lang='lat' dir='ltr'><strong>ad</strong></span> <span class='ocrx_word' id='word_1_69' title='bbox 1581 527 1716 565; x_wconf 82' lang='lat' dir='ltr'><strong>aureS,</strong></span> 
     </span>
     <span class='ocr_line' id='line_1_9' title="bbox 138 586 1722 643; baseline 0.002 -17"><span class='ocrx_word' id='word_1_70' title='bbox 138 586 184 626; x_wconf 81' lang='lat' dir='ltr'><strong>ad</strong></span> <span class='ocrx_word' id='word_1_71' title='bbox 213 600 328 626; x_wconf 79' lang='lat' dir='ltr'><strong>nares</strong></span> <span class='ocrx_word' id='word_1_72' title='bbox 352 600 372 626; x_wconf 85' lang='lat' dir='ltr'><strong>a</strong></span> <span class='ocrx_word' id='word_1_73' title='bbox 394 587 487 628; x_wconf 86' lang='lat' dir='ltr'><strong>sede</strong></span> <span class='ocrx_word' id='word_1_74' title='bbox 511 588 628 628; x_wconf 84' lang='lat' dir='ltr'><strong>animi</strong></span> <span class='ocrx_word' id='word_1_75' title='bbox 656 589 895 643; x_wconf 80' lang='lat' dir='ltr'><strong>perforatae.</strong></span> <span class='ocrx_word' id='word_1_76' title='bbox 957 586 1093 642; x_wconf 82' lang='lat' dir='ltr'><strong>Itaque</strong></span> <span class='ocrx_word' id='word_1_77' title='bbox 1118 601 1237 642; x_wconf 81' lang='lat' dir='ltr'><strong>saepe</strong></span> <span class='ocrx_word' id='word_1_78' title='bbox 1264 593 1331 628; x_wconf 88' lang='lat' dir='ltr'><strong>aut</strong></span> <span class='ocrx_word' id='word_1_79' title='bbox 1356 586 1619 641; x_wconf 75' lang='lat' dir='ltr'><strong>cogitatione,</strong></span> <span class='ocrx_word' id='word_1_80' title='bbox 1653 594 1722 629; x_wconf 88' lang='lat' dir='ltr'><strong>aut</strong></span> 
     </span>
     <span class='ocr_line' id='line_1_10' title="bbox 136 659 1721 718; baseline 0.003 -19"><span class='ocrx_word' id='word_1_81' title='bbox 136 659 263 714; x_wconf 81' lang='lat' dir='ltr'><strong>aliqua</strong></span> <span class='ocrx_word' id='word_1_82' title='bbox 290 661 327 700; x_wconf 76' lang='lat' dir='ltr'><strong>vi</strong></span> <span class='ocrx_word' id='word_1_83' title='bbox 349 662 474 702; x_wconf 82' lang='lat' dir='ltr'><strong>morbi</strong></span> <span class='ocrx_word' id='word_1_84' title='bbox 500 662 673 717; x_wconf 82' lang='lat' dir='ltr'><strong>impediti</strong></span> <span class='ocrx_word' id='word_1_85' title='bbox 694 662 839 718; x_wconf 85' lang='lat' dir='ltr'><strong>apertis</strong></span> <span class='ocrx_word' id='word_1_86' title='bbox 861 668 977 717; x_wconf 84' lang='lat' dir='ltr'><strong>atque</strong></span> <span class='ocrx_word' id='word_1_87' title='bbox 999 661 1163 717; x_wconf 80' lang='lat' dir='ltr'><strong>integris</strong></span> <span class='ocrx_word' id='word_1_88' title='bbox 1189 668 1228 703; x_wconf 87' lang='lat' dir='ltr'><strong>et</strong></span> <span class='ocrx_word' id='word_1_89' title='bbox 1250 661 1375 702; x_wconf 90' lang='lat' dir='ltr'><strong>oculis</strong></span> <span class='ocrx_word' id='word_1_90' title='bbox 1402 668 1442 702; x_wconf 91' lang='lat' dir='ltr'><strong>et</strong></span> <span class='ocrx_word' id='word_1_91' title='bbox 1460 661 1620 703; x_wconf 84' lang='lat' dir='ltr'><strong>auribus</strong></span> <span class='ocrx_word' id='word_1_92' title='bbox 1647 675 1721 704; x_wconf 87' lang='lat' dir='ltr'><strong>nec</strong></span> 
     </span>
     <span class='ocr_line' id='line_1_11' title="bbox 136 734 1722 792; baseline 0.003 -19"><span class='ocrx_word' id='word_1_93' title='bbox 136 734 338 786; x_wconf 76' lang='lat' dir='ltr'><strong>videmus,</strong></span> <span class='ocrx_word' id='word_1_94' title='bbox 374 750 445 777; x_wconf 87' lang='lat' dir='ltr'><strong>nec</strong></span> <span class='ocrx_word' id='word_1_95' title='bbox 475 737 679 788; x_wconf 81' lang='lat' dir='ltr'><strong>audimus,</strong></span> <span class='ocrx_word' id='word_1_96' title='bbox 722 743 764 777; x_wconf 88' lang='lat' dir='ltr'><strong>ut</strong></span> <span class='ocrx_word' id='word_1_97' title='bbox 792 736 908 777; x_wconf 85' lang='lat' dir='ltr'><strong>sacile</strong></span> <span class='ocrx_word' id='word_1_98' title='bbox 934 735 1098 791; x_wconf 81' lang='lat' dir='ltr'><strong>intelligi</strong></span> <span class='ocrx_word' id='word_1_99' title='bbox 1132 736 1282 792; x_wconf 86' lang='lat' dir='ltr'><strong>possit,</strong></span> <span class='ocrx_word' id='word_1_100' title='bbox 1323 735 1495 777; x_wconf 83' lang='lat' dir='ltr'><strong>animum</strong></span> <span class='ocrx_word' id='word_1_101' title='bbox 1522 742 1561 777; x_wconf 85' lang='lat' dir='ltr'><strong>et</strong></span> <span class='ocrx_word' id='word_1_102' title='bbox 1587 735 1722 779; x_wconf 86' lang='lat' dir='ltr'><strong>videre</strong></span> 
     </span>
     <span class='ocr_line' id='line_1_12' title="bbox 137 809 1721 867; baseline 0.004 -20"><span class='ocrx_word' id='word_1_103' title='bbox 137 815 177 848; x_wconf 87' lang='lat' dir='ltr'><strong>et</strong></span> <span class='ocrx_word' id='word_1_104' title='bbox 202 809 361 861; x_wconf 87' lang='lat' dir='ltr'><strong>audire,</strong></span> <span class='ocrx_word' id='word_1_105' title='bbox 405 825 483 851; x_wconf 86' lang='lat' dir='ltr'><strong>non</strong></span> <span class='ocrx_word' id='word_1_106' title='bbox 509 824 578 851; x_wconf 82' lang='lat' dir='ltr'><strong>cas</strong></span> <span class='ocrx_word' id='word_1_107' title='bbox 600 818 757 867; x_wconf 85' lang='lat' dir='ltr'><strong>partes,</strong></span> <span class='ocrx_word' id='word_1_108' title='bbox 802 824 902 866; x_wconf 83' lang='lat' dir='ltr'><strong>quae</strong></span> <span class='ocrx_word' id='word_1_109' title='bbox 932 811 1043 866; x_wconf 84' lang='lat' dir='ltr'><strong>quasi</strong></span> <span class='ocrx_word' id='word_1_110' title='bbox 1070 811 1268 852; x_wconf 84' lang='lat' dir='ltr'><strong>fenestrae</strong></span> <span class='ocrx_word' id='word_1_111' title='bbox 1292 809 1371 851; x_wconf 92' lang='lat' dir='ltr'><strong>sint</strong></span> <span class='ocrx_word' id='word_1_112' title='bbox 1393 810 1535 862; x_wconf 66' lang='lat' dir='ltr'><strong>animi,</strong></span> <span class='ocrx_word' id='word_1_113' title='bbox 1580 811 1721 866; x_wconf 89' lang='lat' dir='ltr'><strong>quibus</strong></span> 
     </span>
     <span class='ocr_line' id='line_1_13' title="bbox 1456 882 1722 940; baseline 0 -14"><span class='ocrx_word' id='word_1_114' title='bbox 1456 882 1588 938; x_wconf 81' lang='lat' dir='ltr'><strong>Quid?</strong></span> <span class='ocrx_word' id='word_1_115' title='bbox 1619 885 1722 940; x_wconf 86' lang='lat' dir='ltr'><strong>quod</strong></span> 
     </span>
    </p>
   </div>
   <div class='ocr_carea' id='block_1_4' title="bbox 137 957 1720 1015">
    <p class='ocr_par' dir='ltr' id='par_1_4' title="bbox 137 957 1720 1015">
     <span class='ocr_line' id='line_1_14' title="bbox 137 957 1720 1015; baseline 0.003 -20"><span class='ocrx_word' id='word_1_116' title='bbox 137 957 272 997; x_wconf 83' lang='lat' dir='ltr'><strong>eadem</strong></span> <span class='ocrx_word' id='word_1_117' title='bbox 294 966 423 999; x_wconf 77' lang='lat' dir='ltr'><strong>incute</strong></span> <span class='ocrx_word' id='word_1_118' title='bbox 445 973 509 1000; x_wconf 89' lang='lat' dir='ltr'><strong>res</strong></span> <span class='ocrx_word' id='word_1_119' title='bbox 535 959 811 1000; x_wconf 81' lang='lat' dir='ltr'><strong>dissimillimas</strong></span> <span class='ocrx_word' id='word_1_120' title='bbox 833 958 1215 1014; x_wconf 80' lang='lat' dir='ltr'><strong>comprehendimus,</strong></span> <span class='ocrx_word' id='word_1_121' title='bbox 1244 965 1285 998; x_wconf 90' lang='lat' dir='ltr'><strong>ut</strong></span> <span class='ocrx_word' id='word_1_122' title='bbox 1306 958 1495 1010; x_wconf 86' lang='lat' dir='ltr'><strong>colorem,</strong></span> <span class='ocrx_word' id='word_1_123' title='bbox 1521 973 1720 1015; x_wconf 89' lang='lat' dir='ltr'><strong>saporem,</strong></span> 
     </span>
    </p>
   </div>
   <div class='ocr_carea' id='block_1_5' title="bbox 137 884 1391 940">
    <p class='ocr_par' dir='ltr' id='par_1_5' title="bbox 137 884 1391 940">
     <span class='ocr_line' id='line_1_15' title="bbox 137 884 1391 940; baseline 0.002 -18"><span class='ocrx_word' id='word_1_124' title='bbox 137 888 268 923; x_wconf 84' lang='lat' dir='ltr'><strong>tamen</strong></span> <span class='ocrx_word' id='word_1_125' title='bbox 295 885 444 925; x_wconf 87' lang='lat' dir='ltr'><strong>sentire</strong></span> <span class='ocrx_word' id='word_1_126' title='bbox 474 885 567 926; x_wconf 79' lang='lat' dir='ltr'><strong>nihil</strong></span> <span class='ocrx_word' id='word_1_127' title='bbox 592 892 708 940; x_wconf 76' lang='lat' dir='ltr'><strong>queat</strong></span> <span class='ocrx_word' id='word_1_128' title='bbox 739 899 875 936; x_wconf 86' lang='lat' dir='ltr'><strong>mens,</strong></span> <span class='ocrx_word' id='word_1_129' title='bbox 918 884 994 925; x_wconf 91' lang='lat' dir='ltr'><strong>nisi</strong></span> <span class='ocrx_word' id='word_1_130' title='bbox 1021 885 1060 925; x_wconf 91' lang='lat' dir='ltr'><strong>id</strong></span> <span class='ocrx_word' id='word_1_131' title='bbox 1087 891 1177 940; x_wconf 84' lang='lat' dir='ltr'><strong>agat</strong></span> <span class='ocrx_word' id='word_1_132' title='bbox 1205 892 1245 926; x_wconf 88' lang='lat' dir='ltr'><strong>et</strong></span> <span class='ocrx_word' id='word_1_133' title='bbox 1276 884 1391 925; x_wconf 78' lang='lat' dir='ltr'><strong>adsit.</strong></span> 
     </span>
    </p>
   </div>
   <div class='ocr_carea' id='block_1_6' title="bbox 138 1031 1724 1088">
    <p class='ocr_par' dir='ltr' id='par_1_6' title="bbox 138 1031 1724 1088">
     <span class='ocr_line' id='line_1_16' title="bbox 138 1031 1724 1088; baseline 0.003 -18"><span class='ocrx_word' id='word_1_134' title='bbox 138 1031 325 1079; x_wconf 79' lang='lat' dir='ltr'><strong>calorem,</strong></span> <span class='ocrx_word' id='word_1_135' title='bbox 350 1033 526 1084; x_wconf 85' lang='lat' dir='ltr'><strong>odorem,</strong></span> <span class='ocrx_word' id='word_1_136' title='bbox 544 1035 714 1074; x_wconf 85' lang='lat' dir='ltr'><strong>sonum?</strong></span> <span class='ocrx_word' id='word_1_137' title='bbox 736 1047 833 1088; x_wconf 80' lang='lat' dir='ltr'><strong>quae</strong></span> <span class='ocrx_word' id='word_1_138' title='bbox 851 1047 1046 1087; x_wconf 84' lang='lat' dir='ltr'><strong>nunquam</strong></span> <span class='ocrx_word' id='word_1_139' title='bbox 1063 1032 1231 1087; x_wconf 89' lang='lat' dir='ltr'><strong>quinque</strong></span> <span class='ocrx_word' id='word_1_140' title='bbox 1247 1033 1392 1073; x_wconf 87' lang='lat' dir='ltr'><strong>nuntiis</strong></span> <span class='ocrx_word' id='word_1_141' title='bbox 1409 1032 1561 1074; x_wconf 88' lang='lat' dir='ltr'><strong>animus</strong></span> <span class='ocrx_word' id='word_1_142' title='bbox 1576 1048 1724 1088; x_wconf 87' lang='lat' dir='ltr'><strong>cogno-</strong></span> 
     </span>
    </p>
   </div>
   <div class='ocr_carea' id='block_1_7' title="bbox 135 1106 1723 1158">
    <p class='ocr_par' dir='ltr' id='par_1_7' title="bbox 135 1106 1723 1158">
     <span class='ocr_line' id='line_1_17' title="bbox 135 1106 1723 1158; baseline 0.003 -14"><span class='ocrx_word' id='word_1_143' title='bbox 135 1113 290 1158; x_wconf 83' lang='lat' dir='ltr'><strong>sceret,</strong></span> <span class='ocrx_word' id='word_1_144' title='bbox 333 1107 407 1146; x_wconf 89' lang='lat' dir='ltr'><strong>nisi</strong></span> <span class='ocrx_word' id='word_1_145' title='bbox 436 1108 482 1147; x_wconf 80' lang='lat' dir='ltr'><strong>ad</strong></span> <span class='ocrx_word' id='word_1_146' title='bbox 514 1121 601 1148; x_wconf 86' lang='lat' dir='ltr'><strong>eum</strong></span> <span class='ocrx_word' id='word_1_147' title='bbox 635 1107 765 1147; x_wconf 85' lang='lat' dir='ltr'><strong>omnia</strong></span> <span class='ocrx_word' id='word_1_148' title='bbox 797 1108 1069 1157; x_wconf 82' lang='lat' dir='ltr'><strong>referrentur,</strong></span> <span class='ocrx_word' id='word_1_149' title='bbox 1112 1114 1152 1147; x_wconf 86' lang='lat' dir='ltr'><strong>ct</strong></span> <span class='ocrx_word' id='word_1_150' title='bbox 1187 1106 1220 1147; x_wconf 87' lang='lat' dir='ltr'><strong>is</strong></span> <span class='ocrx_word' id='word_1_151' title='bbox 1255 1106 1427 1147; x_wconf 87' lang='lat' dir='ltr'><strong>omnium</strong></span> <span class='ocrx_word' id='word_1_152' title='bbox 1455 1107 1578 1149; x_wconf 86' lang='lat' dir='ltr'><strong>iudex</strong></span> <span class='ocrx_word' id='word_1_153' title='bbox 1613 1108 1723 1149; x_wconf 88' lang='lat' dir='ltr'><strong>solus</strong></span> 
     </span>
    </p>
   </div>
   <div class='ocr_carea' id='block_1_8' title="bbox 137 1181 1720 1237">
    <p class='ocr_par' dir='ltr' id='par_1_8' title="bbox 137 1181 1720 1237">
     <span class='ocr_line' id='line_1_18' title="bbox 137 1181 1720 1237; baseline 0.003 -18"><span class='ocrx_word' id='word_1_154' title='bbox 137 1187 259 1220; x_wconf 80' lang='lat' dir='ltr'><strong>esset.</strong></span> <span class='ocrx_word' id='word_1_155' title='bbox 323 1181 454 1236; x_wconf 83' lang='lat' dir='ltr'><strong>Atque</strong></span> <span class='ocrx_word' id='word_1_156' title='bbox 479 1195 523 1222; x_wconf 84' lang='lat' dir='ltr'><strong>ea</strong></span> <span class='ocrx_word' id='word_1_157' title='bbox 547 1183 722 1237; x_wconf 76' lang='lat' dir='ltr'><strong>profecto</strong></span> <span class='ocrx_word' id='word_1_158' title='bbox 746 1189 827 1222; x_wconf 87' lang='lat' dir='ltr'><strong>tum</strong></span> <span class='ocrx_word' id='word_1_159' title='bbox 851 1182 971 1222; x_wconf 83' lang='lat' dir='ltr'><strong>multo</strong></span> <span class='ocrx_word' id='word_1_160' title='bbox 995 1181 1153 1236; x_wconf 87' lang='lat' dir='ltr'><strong>puriora</strong></span> <span class='ocrx_word' id='word_1_161' title='bbox 1179 1187 1218 1221; x_wconf 92' lang='lat' dir='ltr'><strong>et</strong></span> <span class='ocrx_word' id='word_1_162' title='bbox 1238 1181 1468 1222; x_wconf 81' lang='lat' dir='ltr'><strong>dilucidiora</strong></span> <span class='ocrx_word' id='word_1_163' title='bbox 1491 1189 1720 1234; x_wconf 85' lang='lat' dir='ltr'><strong>cernentur,</strong></span> 
     </span>
    </p>
   </div>
   <div class='ocr_carea' id='block_1_9' title="bbox 136 1254 1724 1312">
    <p class='ocr_par' dir='ltr' id='par_1_9' title="bbox 136 1254 1724 1312">
     <span class='ocr_line' id='line_1_19' title="bbox 136 1254 1724 1312; baseline 0.002 -18"><span class='ocrx_word' id='word_1_164' title='bbox 136 1268 270 1308; x_wconf 85' lang='lat' dir='ltr'><strong>quum,</strong></span> <span class='ocrx_word' id='word_1_165' title='bbox 305 1270 380 1310; x_wconf 84' lang='lat' dir='ltr'><strong>quo</strong></span> <span class='ocrx_word' id='word_1_166' title='bbox 401 1264 539 1297; x_wconf 83' lang='lat' dir='ltr'><strong>natura</strong></span> <span class='ocrx_word' id='word_1_167' title='bbox 562 1258 652 1308; x_wconf 83' lang='lat' dir='ltr'><strong>fert,</strong></span> <span class='ocrx_word' id='word_1_168' title='bbox 686 1256 786 1297; x_wconf 90' lang='lat' dir='ltr'><strong>liber</strong></span> <span class='ocrx_word' id='word_1_169' title='bbox 809 1256 961 1297; x_wconf 81' lang='lat' dir='ltr'><strong>animus</strong></span> <span class='ocrx_word' id='word_1_170' title='bbox 978 1254 1221 1311; x_wconf 85' lang='lat' dir='ltr'><strong>pervenerit.</strong></span> <span class='ocrx_word' id='word_1_171' title='bbox 1284 1261 1354 1297; x_wconf 81' lang='lat'><strong>47.</strong></span> <span class='ocrx_word' id='word_1_172' title='bbox 1386 1254 1493 1296; x_wconf 83' lang='lat' dir='ltr'><strong>Nam</strong></span> <span class='ocrx_word' id='word_1_173' title='bbox 1513 1270 1617 1297; x_wconf 85' lang='lat' dir='ltr'><strong>nunc</strong></span> <span class='ocrx_word' id='word_1_174' title='bbox 1638 1255 1724 1312; x_wconf 90' lang='lat' dir='ltr'><strong>qui-</strong></span> 
     </span>
    </p>
   </div>
   <div class='ocr_carea' id='block_1_10' title="bbox 138 1369 1724 1514">
    <p class='ocr_par' dir='ltr' id='par_1_10' title="bbox 138 1369 1724 1514">
     <span class='ocr_line' id='line_1_20' title="bbox 205 1369 1724 1414; baseline 0.001 -14"><span class='ocrx_word' id='word_1_175' title='bbox 205 1369 390 1401; x_wconf 75' lang='lat' dir='ltr'><strong>habitnbiles</strong></span> <span class='ocrx_word' id='word_1_176' title='bbox 420 1373 560 1411; x_wconf 72' lang='lat' dir='ltr'><strong>reyz&#39;orlt&#39;s</strong></span> <span class='ocrx_word' id='word_1_177' title='bbox 583 1390 627 1395; x_wconf 90' lang='lat'>—</span> <span class='ocrx_word' id='word_1_178' title='bbox 650 1369 812 1414; x_wconf 74' lang='lat' dir='ltr'><strong>vacantes]</strong></span> <span class='ocrx_word' id='word_1_179' title='bbox 858 1369 911 1402; x_wconf 83' lang='lat' dir='ltr'><strong>Cf.</strong></span> <span class='ocrx_word' id='word_1_180' title='bbox 945 1380 1043 1411; x_wconf 73' lang='lat' dir='ltr'><strong>qnam</strong></span> <span class='ocrx_word' id='word_1_181' title='bbox 1064 1371 1122 1402; x_wconf 67' lang='lat' dir='ltr'><strong>vis.</strong></span> <span class='ocrx_word' id='word_1_182' title='bbox 1169 1369 1377 1402; x_wconf 80' lang='lat' dir='ltr'><strong>Vocabulum</strong></span> <span class='ocrx_word' id='word_1_183' title='bbox 1400 1373 1547 1411; x_wconf 81' lang='lat' dir='ltr'><strong>quamvis</strong></span> <span class='ocrx_word' id='word_1_184' title='bbox 1576 1369 1724 1414; x_wconf 85' lang='lat' dir='ltr'><strong>positivo</strong></span> 
     </span>
     <span class='ocr_line' id='line_1_21' title="bbox 138 1412 1720 1459; baseline 0.003 -15"><span class='ocrx_word' id='word_1_185' title='bbox 138 1412 227 1446; x_wconf 80' lang='lat' dir='ltr'><strong>infra</strong></span> <span class='ocrx_word' id='word_1_186' title='bbox 250 1426 276 1445; x_wconf 86' lang='lat' dir='ltr'><strong>c.</strong></span> <span class='ocrx_word' id='word_1_187' title='bbox 299 1414 361 1453; x_wconf 57' lang='lat'><strong>2⁸4,</strong></span> <span class='ocrx_word' id='word_1_188' title='bbox 387 1413 440 1448; x_wconf 86' lang='grc'><strong>69.</strong></span> <span class='ocrx_word' id='word_1_189' title='bbox 469 1417 509 1448; x_wconf 93' lang='lat' dir='ltr'><strong>N.</strong></span> <span class='ocrx_word' id='word_1_190' title='bbox 534 1418 573 1447; x_wconf 85' lang='lat'><strong>1).</strong></span> <span class='ocrx_word' id='word_1_191' title='bbox 600 1419 622 1456; x_wconf 91' lang='lat' dir='ltr'><strong>l,</strong></span> <span class='ocrx_word' id='word_1_192' title='bbox 649 1416 703 1448; x_wconf 88' lang='lat'><strong>10.</strong></span> <span class='ocrx_word' id='word_1_193' title='bbox 947 1416 1014 1447; x_wconf 80' lang='lat' dir='ltr'><strong>vim</strong></span> <span class='ocrx_word' id='word_1_194' title='bbox 1038 1414 1230 1459; x_wconf 82' lang='lat' dir='ltr'><strong>superlativi</strong></span> <span class='ocrx_word' id='word_1_195' title='bbox 1256 1415 1379 1448; x_wconf 78' lang='lat' dir='ltr'><strong>addere</strong></span> <span class='ocrx_word' id='word_1_196' title='bbox 1411 1415 1477 1448; x_wconf 86' lang='lat' dir='ltr'><strong>dici</strong></span> <span class='ocrx_word' id='word_1_197' title='bbox 1502 1422 1635 1459; x_wconf 84' lang='lat' dir='ltr'><strong>potest,</strong></span> <span class='ocrx_word' id='word_1_198' title='bbox 1671 1416 1720 1449; x_wconf 87' lang='lat' dir='ltr'><strong>ita</strong></span> 
     </span>
     <span class='ocr_line' id='line_1_22' title="bbox 207 1460 1723 1514; baseline 0.002 -23"><span class='ocrx_word' id='word_1_199' title='bbox 207 1460 348 1504; x_wconf 84' lang='lat' dir='ltr'><strong>rursum]</strong></span> <span class='ocrx_word' id='word_1_200' title='bbox 374 1462 414 1492; x_wconf 81' lang='lat' dir='ltr'><strong>V.</strong></span> <span class='ocrx_word' id='word_1_201' title='bbox 439 1461 482 1493; x_wconf 77' lang='lat' dir='ltr'><strong>ad</strong></span> <span class='ocrx_word' id='word_1_202' title='bbox 505 1474 531 1493; x_wconf 84' lang='lat' dir='ltr'><strong>c.</strong></span> <span class='ocrx_word' id='word_1_203' title='bbox 556 1460 616 1499; x_wconf 91' lang='lat'><strong>17,</strong></span> <span class='ocrx_word' id='word_1_204' title='bbox 641 1461 696 1494; x_wconf 71' lang='lat'><strong>40.</strong></span> <span class='ocrx_word' id='word_1_205' title='bbox 945 1468 1079 1499; x_wconf 80' lang='lat' dir='ltr'><strong>tamen,</strong></span> <span class='ocrx_word' id='word_1_206' title='bbox 1117 1468 1153 1492; x_wconf 88' lang='lat' dir='ltr'><strong>ut</strong></span> <span class='ocrx_word' id='word_1_207' title='bbox 1176 1462 1258 1492; x_wconf 73' lang='lat' dir='ltr'><strong>haec</strong></span> <span class='ocrx_word' id='word_1_208' title='bbox 1293 1461 1341 1492; x_wconf 84' lang='lat' dir='ltr'><strong>vis</strong></span> <span class='ocrx_word' id='word_1_209' title='bbox 1376 1472 1441 1494; x_wconf 89' lang='lat' dir='ltr'><strong>non</strong></span> <span class='ocrx_word' id='word_1_210' title='bbox 1466 1461 1509 1493; x_wconf 87' lang='lat' dir='ltr'><strong>ad</strong></span> <span class='ocrx_word' id='word_1_211' title='bbox 1533 1473 1628 1502; x_wconf 89' lang='lat' dir='ltr'><strong>eum,</strong></span> <span class='ocrx_word' id='word_1_212' title='bbox 1666 1461 1723 1514; x_wconf 68' lang='lat' dir='ltr'><strong>qui</strong></span> 
     </span>
    </p>
   </div>
   <div class='ocr_carea' id='block_1_11' title="bbox 139 1502 918 2735">
    <p class='ocr_par' dir='ltr' id='par_1_11' title="bbox 139 1502 915 1812">
     <span class='ocr_line' id='line_1_23' title="bbox 207 1502 913 1550; baseline 0.003 -14"><span class='ocrx_word' id='word_1_213' title='bbox 207 1502 261 1537; x_wconf 75' lang='lat'><strong>46.</strong></span> <span class='ocrx_word' id='word_1_214' title='bbox 298 1509 452 1539; x_wconf 71' lang='lat' dir='ltr'><strong>cernimus</strong></span> <span class='ocrx_word' id='word_1_215' title='bbox 473 1526 517 1531; x_wconf 75' lang='lat'><strong>——</strong></span> <span class='ocrx_word' id='word_1_216' title='bbox 539 1507 696 1550; x_wconf 79' lang='lat' dir='ltr'><strong>videmus]</strong></span> <span class='ocrx_word' id='word_1_217' title='bbox 726 1508 854 1539; x_wconf 80' lang='lat' dir='ltr'><strong>Cernere</strong></span> <span class='ocrx_word' id='word_1_218' title='bbox 882 1506 913 1549; x_wconf 86' lang='lat' dir='ltr'><strong>(a</strong></span> 
     </span>
     <span class='ocr_line' id='line_1_24' title="bbox 139 1550 915 1597; baseline 0 -14"><span class='ocrx_word' id='word_1_219' title='bbox 139 1561 188 1593; x_wconf 86' lang='lat' dir='ltr'><strong>gr.</strong></span> <span class='ocrx_word' id='word_1_220' title='bbox 213 1550 332 1592; x_wconf 76' lang='grc' dir='ltr'>κρίνειν</span> <span class='ocrx_word' id='word_1_221' title='bbox 353 1554 474 1590; x_wconf 66' lang='grc' dir='ltr'><strong>οῑῑιιηή</strong></span> <span class='ocrx_word' id='word_1_222' title='bbox 499 1560 547 1585; x_wconf 80' lang='lat' dir='ltr'><strong>est</strong></span> <span class='ocrx_word' id='word_1_223' title='bbox 569 1565 638 1585; x_wconf 82' lang='lat' dir='ltr'><strong>rem</strong></span> <span class='ocrx_word' id='word_1_224' title='bbox 658 1553 801 1597; x_wconf 76' lang='lat' dir='ltr'><strong>aliquam</strong></span> <span class='ocrx_word' id='word_1_225' title='bbox 825 1552 915 1584; x_wconf 87' lang='lat' dir='ltr'><strong>eius-</strong></span> 
     </span>
     <span class='ocr_line' id='line_1_25' title="bbox 141 1596 913 1642; baseline 0.004 -16"><span class='ocrx_word' id='word_1_226' title='bbox 141 1608 204 1639; x_wconf 82' lang='lat' dir='ltr'><strong>que</strong></span> <span class='ocrx_word' id='word_1_227' title='bbox 224 1596 369 1639; x_wconf 77' lang='lat' dir='ltr'><strong>singulus</strong></span> <span class='ocrx_word' id='word_1_228' title='bbox 399 1605 496 1630; x_wconf 83' lang='lat' dir='ltr'><strong>notas</strong></span> <span class='ocrx_word' id='word_1_229' title='bbox 521 1599 707 1642; x_wconf 73' lang='lat' dir='ltr'><strong>perspicere</strong></span> <span class='ocrx_word' id='word_1_230' title='bbox 730 1605 763 1630; x_wconf 84' lang='lat' dir='ltr'><strong>et</strong></span> <span class='ocrx_word' id='word_1_231' title='bbox 787 1598 913 1630; x_wconf 81' lang='lat' dir='ltr'><strong>diiudi-</strong></span> 
     </span>
     <span class='ocr_line' id='line_1_26' title="bbox 142 1642 912 1684; baseline 0.004 -11"><span class='ocrx_word' id='word_1_232' title='bbox 142 1653 217 1673; x_wconf 84' lang='lat' dir='ltr'><strong>care</strong></span> <span class='ocrx_word' id='word_1_233' title='bbox 239 1643 465 1684; x_wconf 66' lang='lat' dir='ltr'><strong>(discernerel.</strong></span> <span class='ocrx_word' id='word_1_234' title='bbox 513 1645 582 1676; x_wconf 82' lang='lat' dir='ltr'><strong>Mil.</strong></span> <span class='ocrx_word' id='word_1_235' title='bbox 605 1642 666 1676; x_wconf 81' lang='lat'><strong>29:</strong></span> <span class='ocrx_word' id='word_1_236' title='bbox 695 1651 730 1676; x_wconf 88' lang='lat' dir='ltr'><strong>ut</strong></span> <span class='ocrx_word' id='word_1_237' title='bbox 753 1656 791 1676; x_wconf 77' lang='lat' dir='ltr'><strong>cu</strong></span> <span class='ocrx_word' id='word_1_238' title='bbox 814 1647 912 1676; x_wconf 80' lang='lat' dir='ltr'><strong>cerni-</strong></span> 
     </span>
     <span class='ocr_line' id='line_1_27' title="bbox 140 1690 914 1733; baseline 0.001 -15"><span class='ocrx_word' id='word_1_239' title='bbox 140 1697 230 1728; x_wconf 83' lang='lat' dir='ltr'><strong>mus,</strong></span> <span class='ocrx_word' id='word_1_240' title='bbox 256 1700 338 1731; x_wconf 74' lang='lat' dir='ltr'><strong>quae</strong></span> <span class='ocrx_word' id='word_1_241' title='bbox 361 1692 512 1721; x_wconf 71' lang='lat' dir='ltr'><strong>videmus.</strong></span> <span class='ocrx_word' id='word_1_242' title='bbox 565 1690 665 1722; x_wconf 77' lang='lat' dir='ltr'><strong>Acad.</strong></span> <span class='ocrx_word' id='word_1_243' title='bbox 688 1691 737 1728; x_wconf 86' lang='lat'><strong>11,</strong></span> <span class='ocrx_word' id='word_1_244' title='bbox 762 1690 824 1720; x_wconf 75' lang='lat'><strong>25:</strong></span> <span class='ocrx_word' id='word_1_245' title='bbox 852 1701 914 1733; x_wconf 72' lang='lat' dir='ltr'><strong>ego</strong></span> 
     </span>
     <span class='ocr_line' id='line_1_28' title="bbox 142 1733 914 1779; baseline 0.003 -15"><span class='ocrx_word' id='word_1_246' title='bbox 142 1733 321 1765; x_wconf 81' lang='lat' dir='ltr'><strong>Cumauam</strong></span> <span class='ocrx_word' id='word_1_247' title='bbox 345 1735 516 1778; x_wconf 79' lang='lat' dir='ltr'><strong>regionem</strong></span> <span class='ocrx_word' id='word_1_248' title='bbox 536 1738 648 1777; x_wconf 74' lang='lat' dir='ltr'><strong>video,</strong></span> <span class='ocrx_word' id='word_1_249' title='bbox 676 1735 914 1779; x_wconf 81' lang='lat' dir='ltr'><strong>Pompeianum</strong></span> 
     </span>
     <span class='ocr_line' id='line_1_29' title="bbox 140 1790 333 1812; baseline 0.01 -2"><span class='ocrx_word' id='word_1_250' title='bbox 140 1790 207 1812; x_wconf 84' lang='lat' dir='ltr'><strong>non</strong></span> <span class='ocrx_word' id='word_1_251' title='bbox 233 1790 333 1812; x_wconf 78' lang='lat' dir='ltr'><strong>cerno.</strong></span> 
     </span>
    </p>

    <p class='ocr_par' dir='ltr' id='par_1_12' title="bbox 140 1825 915 1949">
     <span class='ocr_line' id='line_1_30' title="bbox 208 1825 915 1871; baseline 0.003 -15"><span class='ocrx_word' id='word_1_252' title='bbox 208 1830 319 1865; x_wconf 75' lang='lat' dir='ltr'><strong>apertu</strong></span> <span class='ocrx_word' id='word_1_253' title='bbox 340 1830 366 1858; x_wconf 73' lang='lat' dir='ltr'><strong>et</strong></span> <span class='ocrx_word' id='word_1_254' title='bbox 384 1829 543 1867; x_wconf 64' lang='lat' dir='ltr'><strong>patefacta</strong></span> <span class='ocrx_word' id='word_1_255' title='bbox 562 1826 721 1871; x_wconf 70' lang='lat' dir='ltr'><strong>viderunt]</strong></span> <span class='ocrx_word' id='word_1_256' title='bbox 746 1827 791 1858; x_wconf 88' lang='lat' dir='ltr'><strong>H.</strong></span> <span class='ocrx_word' id='word_1_257' title='bbox 809 1838 836 1859; x_wconf 83' lang='lat' dir='ltr'><strong>e.</strong></span> <span class='ocrx_word' id='word_1_258' title='bbox 859 1825 915 1871; x_wconf 86' lang='lat' dir='ltr'><strong>qui</strong></span> 
     </span>
     <span class='ocr_line' id='line_1_31' title="bbox 140 1870 913 1917; baseline 0.005 -16"><span class='ocrx_word' id='word_1_259' title='bbox 140 1870 204 1902; x_wconf 77' lang='lat' dir='ltr'><strong>ista</strong></span> <span class='ocrx_word' id='word_1_260' title='bbox 230 1882 371 1914; x_wconf 84' lang='lat' dir='ltr'><strong>corpore</strong></span> <span class='ocrx_word' id='word_1_261' title='bbox 395 1873 576 1916; x_wconf 77' lang='lat' dir='ltr'><strong>aperiendo</strong></span> <span class='ocrx_word' id='word_1_262' title='bbox 601 1880 635 1905; x_wconf 82' lang='lat' dir='ltr'><strong>et</strong></span> <span class='ocrx_word' id='word_1_263' title='bbox 657 1872 802 1905; x_wconf 82' lang='lat' dir='ltr'><strong>secando</strong></span> <span class='ocrx_word' id='word_1_264' title='bbox 831 1885 913 1917; x_wconf 87' lang='lat' dir='ltr'><strong>per-</strong></span> 
     </span>
     <span class='ocr_line' id='line_1_32' title="bbox 141 1922 390 1949; baseline 0.004 -2"><span class='ocrx_word' id='word_1_265' title='bbox 141 1922 278 1948; x_wconf 78' lang='lat' dir='ltr'><strong>scrutati</strong></span> <span class='ocrx_word' id='word_1_266' title='bbox 302 1924 390 1949; x_wconf 85' lang='lat' dir='ltr'><strong>sunt.</strong></span> 
     </span>
    </p>

    <p class='ocr_par' dir='ltr' id='par_1_13' title="bbox 141 1962 915 2085">
     <span class='ocr_line' id='line_1_33' title="bbox 209 1962 912 2007; baseline 0.001 -13"><span class='ocrx_word' id='word_1_267' title='bbox 209 1964 280 1994; x_wconf 76' lang='lat' dir='ltr'><strong>viae</strong></span> <span class='ocrx_word' id='word_1_268' title='bbox 302 1982 346 1986; x_wconf 81' lang='lat'>—</span> <span class='ocrx_word' id='word_1_269' title='bbox 368 1965 562 2007; x_wconf 73' lang='lat' dir='ltr'><strong>persomme]</strong></span> <span class='ocrx_word' id='word_1_270' title='bbox 589 1965 632 1996; x_wconf 87' lang='lat' dir='ltr'><strong>N.</strong></span> <span class='ocrx_word' id='word_1_271' title='bbox 657 1965 698 1996; x_wconf 93' lang='lat' dir='ltr'><strong>D.</strong></span> <span class='ocrx_word' id='word_1_272' title='bbox 723 1966 779 1997; x_wconf 83' lang='grc' dir='ltr'><strong>[ΙΙ.</strong></span> <span class='ocrx_word' id='word_1_273' title='bbox 803 1963 846 2003; x_wconf 81' lang='lat'><strong>4,</strong></span> <span class='ocrx_word' id='word_1_274' title='bbox 870 1962 912 1996; x_wconf 89' lang='lat'><strong>9:</strong></span> 
     </span>
     <span class='ocr_line' id='line_1_34' title="bbox 142 2006 915 2054; baseline 0.008 -17"><span class='ocrx_word' id='word_1_275' title='bbox 142 2006 208 2038; x_wconf 89' lang='lat' dir='ltr'><strong>duo</strong></span> <span class='ocrx_word' id='word_1_276' title='bbox 232 2007 355 2039; x_wconf 82' lang='lat' dir='ltr'><strong>lumina</strong></span> <span class='ocrx_word' id='word_1_277' title='bbox 385 2008 426 2040; x_wconf 78' lang='lat' dir='ltr'><strong>ab</strong></span> <span class='ocrx_word' id='word_1_278' title='bbox 450 2010 562 2041; x_wconf 86' lang='lat' dir='ltr'><strong>animo</strong></span> <span class='ocrx_word' id='word_1_279' title='bbox 586 2010 629 2042; x_wconf 87' lang='lat' dir='ltr'><strong>ad</strong></span> <span class='ocrx_word' id='word_1_280' title='bbox 654 2010 769 2043; x_wconf 87' lang='lat' dir='ltr'><strong>oculos</strong></span> <span class='ocrx_word' id='word_1_281' title='bbox 793 2010 915 2054; x_wconf 86' lang='lat' dir='ltr'><strong>perfo-</strong></span> 
     </span>
     <span class='ocr_line' id='line_1_35' title="bbox 141 2059 223 2085; baseline -0.012 0"><span class='ocrx_word' id='word_1_282' title='bbox 141 2059 223 2085; x_wconf 82' lang='lat' dir='ltr'><strong>rata.</strong></span> 
     </span>
    </p>

    <p class='ocr_par' dir='ltr' id='par_1_14' title="bbox 141 2099 918 2735">
     <span class='ocr_line' id='line_1_36' title="bbox 210 2099 914 2143; baseline 0.004 -13"><span class='ocrx_word' id='word_1_283' title='bbox 210 2100 272 2130; x_wconf 81' lang='lat' dir='ltr'><strong>nisi</strong></span> <span class='ocrx_word' id='word_1_284' title='bbox 290 2100 323 2130; x_wconf 80' lang='lat' dir='ltr'><strong>id</strong></span> <span class='ocrx_word' id='word_1_285' title='bbox 340 2099 429 2143; x_wconf 68' lang='lat' dir='ltr'><strong>agat]</strong></span> <span class='ocrx_word' id='word_1_286' title='bbox 449 2100 490 2131; x_wconf 83' lang='lat' dir='ltr'><strong>H.</strong></span> <span class='ocrx_word' id='word_1_287' title='bbox 510 2112 538 2132; x_wconf 83' lang='lat' dir='ltr'><strong>e.</strong></span> <span class='ocrx_word' id='word_1_288' title='bbox 555 2100 618 2132; x_wconf 85' lang='lat' dir='ltr'><strong>nisi</strong></span> <span class='ocrx_word' id='word_1_289' title='bbox 638 2101 764 2132; x_wconf 78' lang='lat' dir='ltr'><strong>animus</strong></span> <span class='ocrx_word' id='word_1_290' title='bbox 784 2101 826 2132; x_wconf 81' lang='lat' dir='ltr'><strong>ad</strong></span> <span class='ocrx_word' id='word_1_291' title='bbox 844 2113 914 2133; x_wconf 80' lang='lat' dir='ltr'><strong>rem</strong></span> 
     </span>
     <span class='ocr_line' id='line_1_37' title="bbox 142 2144 916 2184; baseline 0.003 -8"><span class='ocrx_word' id='word_1_292' title='bbox 142 2150 289 2176; x_wconf 80' lang='lat' dir='ltr'><strong>attentus</strong></span> <span class='ocrx_word' id='word_1_293' title='bbox 317 2144 371 2176; x_wconf 85' lang='lat' dir='ltr'><strong>sit.</strong></span> <span class='ocrx_word' id='word_1_294' title='bbox 428 2146 479 2178; x_wconf 84' lang='lat' dir='ltr'><strong>Cf.</strong></span> <span class='ocrx_word' id='word_1_295' title='bbox 506 2146 595 2178; x_wconf 81' lang='lat' dir='ltr'><strong>infra</strong></span> <span class='ocrx_word' id='word_1_296' title='bbox 621 2158 646 2178; x_wconf 86' lang='lat' dir='ltr'><strong>c.</strong></span> <span class='ocrx_word' id='word_1_297' title='bbox 668 2145 731 2184; x_wconf 71' lang='grc' dir='ltr'><strong>ὃὸ,</strong></span> <span class='ocrx_word' id='word_1_298' title='bbox 757 2144 812 2178; x_wconf 84' lang='grc'><strong>91.</strong></span> <span class='ocrx_word' id='word_1_299' title='bbox 862 2147 916 2178; x_wconf 88' lang='lat' dir='ltr'><strong>Sic</strong></span> 
     </span>
     <span class='ocr_line' id='line_1_38' title="bbox 144 2189 915 2232; baseline 0.001 -10"><span class='ocrx_word' id='word_1_300' title='bbox 144 2190 281 2222; x_wconf 80' lang='lat' dir='ltr'><strong>Terent.</strong></span> <span class='ocrx_word' id='word_1_301' title='bbox 303 2189 404 2221; x_wconf 84' lang='lat' dir='ltr'><strong>Andr.</strong></span> <span class='ocrx_word' id='word_1_302' title='bbox 428 2193 467 2222; x_wconf 84' lang='lat' dir='ltr'><strong>II.</strong></span> <span class='ocrx_word' id='word_1_303' title='bbox 492 2191 533 2227; x_wconf 78' lang='lat'><strong>5,</strong></span> <span class='ocrx_word' id='word_1_304' title='bbox 558 2189 599 2223; x_wconf 77' lang='lat'><strong>4.</strong></span> <span class='ocrx_word' id='word_1_305' title='bbox 626 2193 684 2223; x_wconf 85' lang='lat' dir='ltr'><strong>hoc</strong></span> <span class='ocrx_word' id='word_1_306' title='bbox 702 2201 809 2232; x_wconf 62' lang='lat' dir='ltr'><strong>agyam,</strong></span> <span class='ocrx_word' id='word_1_307' title='bbox 834 2192 867 2223; x_wconf 84' lang='lat' dir='ltr'><strong>h.</strong></span> <span class='ocrx_word' id='word_1_308' title='bbox 886 2204 915 2224; x_wconf 81' lang='lat' dir='ltr'><strong>e.</strong></span> 
     </span>
     <span class='ocr_line' id='line_1_39' title="bbox 141 2235 915 2278; baseline 0.003 -11"><span class='ocrx_word' id='word_1_309' title='bbox 141 2235 185 2267; x_wconf 77' lang='lat' dir='ltr'><strong>ad</strong></span> <span class='ocrx_word' id='word_1_310' title='bbox 207 2235 272 2266; x_wconf 86' lang='lat' dir='ltr'><strong>hoc</strong></span> <span class='ocrx_word' id='word_1_311' title='bbox 297 2236 479 2267; x_wconf 76' lang='lat' dir='ltr'><strong>attendam.</strong></span> <span class='ocrx_word' id='word_1_312' title='bbox 529 2236 709 2278; x_wconf 75' lang='lat' dir='ltr'><strong>Eleganter</strong></span> <span class='ocrx_word' id='word_1_313' title='bbox 732 2238 816 2269; x_wconf 72' lang='lat' dir='ltr'><strong>lianc</strong></span> <span class='ocrx_word' id='word_1_314' title='bbox 840 2237 915 2269; x_wconf 88' lang='lat' dir='ltr'><strong>for—</strong></span> 
     </span>
     <span class='ocr_line' id='line_1_40' title="bbox 141 2280 915 2315; baseline 0.003 -3"><span class='ocrx_word' id='word_1_315' title='bbox 141 2280 265 2312; x_wconf 76' lang='lat' dir='ltr'><strong>mulam</strong></span> <span class='ocrx_word' id='word_1_316' title='bbox 286 2280 471 2313; x_wconf 75' lang='lat' dir='ltr'><strong>enucleavit</strong></span> <span class='ocrx_word' id='word_1_317' title='bbox 488 2284 650 2314; x_wconf 73' lang='lat' dir='ltr'><strong>Ruhnken.</strong></span> <span class='ocrx_word' id='word_1_318' title='bbox 672 2282 704 2313; x_wconf 87' lang='lat' dir='ltr'><strong>in</strong></span> <span class='ocrx_word' id='word_1_319' title='bbox 729 2282 851 2314; x_wconf 68' lang='lat' dir='ltr'><strong>Dictat.</strong></span> <span class='ocrx_word' id='word_1_320' title='bbox 873 2282 915 2315; x_wconf 84' lang='lat' dir='ltr'><strong>ad</strong></span> 
     </span>
     <span class='ocr_line' id='line_1_41' title="bbox 143 2325 915 2372; baseline 0.001 -13"><span class='ocrx_word' id='word_1_321' title='bbox 143 2328 221 2359; x_wconf 86' lang='lat' dir='ltr'><strong>Ter.</strong></span> <span class='ocrx_word' id='word_1_322' title='bbox 237 2325 339 2357; x_wconf 86' lang='lat' dir='ltr'><strong>Andr.</strong></span> <span class='ocrx_word' id='word_1_323' title='bbox 359 2327 383 2357; x_wconf 90' lang='lat' dir='ltr'><strong>I.</strong></span> <span class='ocrx_word' id='word_1_324' title='bbox 404 2326 436 2365; x_wconf 76' lang='grc'><strong>2,</strong></span> <span class='ocrx_word' id='word_1_325' title='bbox 459 2327 518 2358; x_wconf 75' lang='lat'><strong>15:</strong></span> <span class='ocrx_word' id='word_1_326' title='bbox 545 2327 653 2365; x_wconf 79' lang='lat' dir='ltr'><strong>„haec</strong></span> <span class='ocrx_word' id='word_1_327' title='bbox 673 2328 827 2371; x_wconf 73' lang='lat' dir='ltr'><strong>formula,</strong></span> <span class='ocrx_word' id='word_1_328' title='bbox 852 2340 915 2372; x_wconf 87' lang='lat' dir='ltr'><strong>qua</strong></span> 
     </span>
     <span class='ocr_line' id='line_1_42' title="bbox 144 2371 914 2415; baseline 0.004 -13"><span class='ocrx_word' id='word_1_329' title='bbox 144 2371 200 2415; x_wconf 87' lang='lat' dir='ltr'><strong>qui</strong></span> <span class='ocrx_word' id='word_1_330' title='bbox 223 2378 376 2414; x_wconf 86' lang='lat' dir='ltr'><strong>spectant</strong></span> <span class='ocrx_word' id='word_1_331' title='bbox 399 2372 452 2404; x_wconf 88' lang='lat' dir='ltr'><strong>vel</strong></span> <span class='ocrx_word' id='word_1_332' title='bbox 483 2372 621 2404; x_wconf 70' lang='lat' dir='ltr'><strong>audiunt</strong></span> <span class='ocrx_word' id='word_1_333' title='bbox 647 2380 778 2405; x_wconf 80' lang='lat' dir='ltr'><strong>attento</strong></span> <span class='ocrx_word' id='word_1_334' title='bbox 803 2374 914 2406; x_wconf 84' lang='lat' dir='ltr'><strong>animo</strong></span> 
     </span>
     <span class='ocr_line' id='line_1_43' title="bbox 145 2417 915 2457; baseline 0.004 -9"><span class='ocrx_word' id='word_1_335' title='bbox 145 2429 216 2449; x_wconf 81' lang='lat' dir='ltr'><strong>esse</strong></span> <span class='ocrx_word' id='word_1_336' title='bbox 239 2417 411 2457; x_wconf 78' lang='lat' dir='ltr'><strong>iubentur,</strong></span> <span class='ocrx_word' id='word_1_337' title='bbox 437 2429 476 2449; x_wconf 82' lang='lat' dir='ltr'><strong>ex</strong></span> <span class='ocrx_word' id='word_1_338' title='bbox 500 2425 650 2450; x_wconf 80' lang='lat' dir='ltr'><strong>veterum</strong></span> <span class='ocrx_word' id='word_1_339' title='bbox 674 2419 774 2451; x_wconf 76' lang='lat' dir='ltr'><strong>sacris</strong></span> <span class='ocrx_word' id='word_1_340' title='bbox 798 2432 915 2451; x_wconf 81' lang='lat' dir='ltr'><strong>manu—</strong></span> 
     </span>
     <span class='ocr_line' id='line_1_44' title="bbox 144 2462 916 2508; baseline 0.003 -13"><span class='ocrx_word' id='word_1_341' title='bbox 144 2462 203 2495; x_wconf 86' lang='lat' dir='ltr'><strong>vit.</strong></span> <span class='ocrx_word' id='word_1_342' title='bbox 254 2463 338 2494; x_wconf 86' lang='lat' dir='ltr'><strong>Nam</strong></span> <span class='ocrx_word' id='word_1_343' title='bbox 368 2463 545 2504; x_wconf 75' lang='lat' dir='ltr'><strong>sacerdos,</strong></span> <span class='ocrx_word' id='word_1_344' title='bbox 580 2471 756 2508; x_wconf 76' lang='lat' dir='ltr'><strong>antequam</strong></span> <span class='ocrx_word' id='word_1_345' title='bbox 780 2465 916 2497; x_wconf 83' lang='lat' dir='ltr'><strong>victima</strong></span> 
     </span>
     <span class='ocr_line' id='line_1_45' title="bbox 143 2508 916 2550; baseline 0.003 -10"><span class='ocrx_word' id='word_1_346' title='bbox 143 2508 392 2548; x_wconf 71' lang='lat' dir='ltr'><strong>immolaretur,</strong></span> <span class='ocrx_word' id='word_1_347' title='bbox 418 2509 580 2541; x_wconf 79' lang='lat' dir='ltr'><strong>clamabat</strong></span> <span class='ocrx_word' id='word_1_348' title='bbox 599 2512 655 2541; x_wconf 80' lang='lat' dir='ltr'><strong>hoc</strong></span> <span class='ocrx_word' id='word_1_349' title='bbox 675 2520 753 2550; x_wconf 72' lang='lat' dir='ltr'><strong>aye,</strong></span> <span class='ocrx_word' id='word_1_350' title='bbox 777 2522 916 2542; x_wconf 87' lang='lat' dir='ltr'><strong>monens</strong></span> 
     </span>
     <span class='ocr_line' id='line_1_46' title="bbox 144 2554 915 2597; baseline 0.003 -12"><span class='ocrx_word' id='word_1_351' title='bbox 144 2554 326 2597; x_wconf 86' lang='lat' dir='ltr'><strong>populum,</strong></span> <span class='ocrx_word' id='word_1_352' title='bbox 364 2561 401 2586; x_wconf 87' lang='lat' dir='ltr'><strong>ut</strong></span> <span class='ocrx_word' id='word_1_353' title='bbox 427 2554 504 2587; x_wconf 86' lang='lat' dir='ltr'><strong>huic</strong></span> <span class='ocrx_word' id='word_1_354' title='bbox 535 2554 583 2586; x_wconf 86' lang='lat' dir='ltr'><strong>rei</strong></span> <span class='ocrx_word' id='word_1_355' title='bbox 616 2555 766 2587; x_wconf 84' lang='lat' dir='ltr'><strong>intentus</strong></span> <span class='ocrx_word' id='word_1_356' title='bbox 791 2559 915 2587; x_wconf 75' lang='lat' dir='ltr'><strong>esset.⁴⁴</strong></span> 
     </span>
     <span class='ocr_line' id='line_1_47' title="bbox 143 2599 918 2644; baseline 0.004 -14"><span class='ocrx_word' id='word_1_357' title='bbox 143 2599 302 2632; x_wconf 79' lang='lat' dir='ltr'><strong>Similiter</strong></span> <span class='ocrx_word' id='word_1_358' title='bbox 326 2606 500 2644; x_wconf 80' lang='lat' dir='ltr'><strong>usurpatur</strong></span> <span class='ocrx_word' id='word_1_359' title='bbox 523 2602 557 2632; x_wconf 83' lang='lat' dir='ltr'><strong>icl</strong></span> <span class='ocrx_word' id='word_1_360' title='bbox 579 2603 704 2641; x_wconf 75' lang='lat' dir='ltr'><strong>ayitur,</strong></span> <span class='ocrx_word' id='word_1_361' title='bbox 736 2611 767 2633; x_wconf 90' lang='lat' dir='ltr'><strong>es</strong></span> <span class='ocrx_word' id='word_1_362' title='bbox 791 2603 918 2633; x_wconf 72' lang='lat' dir='ltr'><strong>handen</strong></span> 
     </span>
     <span class='ocr_line' id='line_1_48' title="bbox 145 2644 915 2689; baseline 0.001 -13"><span class='ocrx_word' id='word_1_363' title='bbox 145 2647 210 2677; x_wconf 79' lang='lat' dir='ltr'><strong>sich</strong></span> <span class='ocrx_word' id='word_1_364' title='bbox 233 2648 370 2687; x_wconf 79' lang='lat' dir='ltr'><strong>darum,</strong></span> <span class='ocrx_word' id='word_1_365' title='bbox 407 2653 443 2679; x_wconf 86' lang='lat' dir='ltr'><strong>ut</strong></span> <span class='ocrx_word' id='word_1_366' title='bbox 466 2646 554 2678; x_wconf 82' lang='lat' dir='ltr'><strong>infra</strong></span> <span class='ocrx_word' id='word_1_367' title='bbox 576 2647 633 2678; x_wconf 90' lang='lat' dir='ltr'><strong>IV.</strong></span> <span class='ocrx_word' id='word_1_368' title='bbox 658 2644 699 2685; x_wconf 82' lang='lat'><strong>2,</strong></span> <span class='ocrx_word' id='word_1_369' title='bbox 724 2644 764 2678; x_wconf 85' lang='lat'><strong>3:</strong></span> <span class='ocrx_word' id='word_1_370' title='bbox 803 2646 915 2689; x_wconf 84' lang='lat' dir='ltr'><strong>paucis</strong></span> 
     </span>
     <span class='ocr_line' id='line_1_49' title="bbox 143 2690 917 2735; baseline 0.003 -14"><span class='ocrx_word' id='word_1_371' title='bbox 143 2697 255 2722; x_wconf 75' lang='lat' dir='ltr'><strong>tumen</strong></span> <span class='ocrx_word' id='word_1_372' title='bbox 287 2699 437 2727; x_wconf 82' lang='lat' dir='ltr'><strong>utemur,</strong></span> <span class='ocrx_word' id='word_1_373' title='bbox 473 2690 629 2735; x_wconf 85' lang='lat' dir='ltr'><strong>quoniam</strong></span> <span class='ocrx_word' id='word_1_374' title='bbox 662 2703 729 2722; x_wconf 81' lang='lat' dir='ltr'><strong>uon</strong></span> <span class='ocrx_word' id='word_1_375' title='bbox 752 2693 786 2724; x_wconf 79' lang='lat' dir='ltr'><strong>id</strong></span> <span class='ocrx_word' id='word_1_376' title='bbox 811 2694 917 2733; x_wconf 70' lang='lat' dir='ltr'><strong>a9iiur</strong></span> 
     </span>
    </p>
   </div>
   <div class='ocr_carea' id='block_1_12' title="bbox 946 1506 1726 2735">
    <p class='ocr_par' dir='ltr' id='par_1_15' title="bbox 946 1506 1726 2190">
     <span class='ocr_line' id='line_1_50' title="bbox 946 1506 1723 1552; baseline 0 -13"><span class='ocrx_word' id='word_1_377' title='bbox 946 1506 1112 1550; x_wconf 90' lang='lat' dir='ltr'><strong>loquitur,</strong></span> <span class='ocrx_word' id='word_1_378' title='bbox 1148 1506 1207 1538; x_wconf 85' lang='lat' dir='ltr'><strong>sed</strong></span> <span class='ocrx_word' id='word_1_379' title='bbox 1229 1506 1271 1539; x_wconf 83' lang='lat' dir='ltr'><strong>ad</strong></span> <span class='ocrx_word' id='word_1_380' title='bbox 1293 1518 1367 1538; x_wconf 89' lang='lat' dir='ltr'><strong>eum</strong></span> <span class='ocrx_word' id='word_1_381' title='bbox 1381 1532 1388 1545; x_wconf 83' lang='lat'>‚</span> <span class='ocrx_word' id='word_1_382' title='bbox 1423 1519 1497 1539; x_wconf 84' lang='lat' dir='ltr'><strong>cum</strong></span> <span class='ocrx_word' id='word_1_383' title='bbox 1518 1519 1583 1552; x_wconf 90' lang='lat' dir='ltr'><strong>quo</strong></span> <span class='ocrx_word' id='word_1_384' title='bbox 1608 1507 1723 1552; x_wconf 77' lang='lat' dir='ltr'><strong>loqui-</strong></span> 
     </span>
     <span class='ocr_line' id='line_1_51' title="bbox 947 1553 1722 1592; baseline 0.004 -9"><span class='ocrx_word' id='word_1_385' title='bbox 947 1560 1012 1592; x_wconf 71' lang='lat' dir='ltr'><strong>tur,</strong></span> <span class='ocrx_word' id='word_1_386' title='bbox 1038 1553 1211 1584; x_wconf 77' lang='lat' dir='ltr'><strong>referatur.</strong></span> <span class='ocrx_word' id='word_1_387' title='bbox 1259 1553 1299 1585; x_wconf 89' lang='lat' dir='ltr'><strong>V.</strong></span> <span class='ocrx_word' id='word_1_388' title='bbox 1322 1555 1479 1585; x_wconf 79' lang='lat' dir='ltr'><strong>Krilzium</strong></span> <span class='ocrx_word' id='word_1_389' title='bbox 1498 1553 1541 1586; x_wconf 89' lang='lat' dir='ltr'><strong>ad</strong></span> <span class='ocrx_word' id='word_1_390' title='bbox 1554 1553 1633 1586; x_wconf 79' lang='lat' dir='ltr'><strong>Sall.</strong></span> <span class='ocrx_word' id='word_1_391' title='bbox 1651 1554 1722 1586; x_wconf 87' lang='lat' dir='ltr'><strong>Cat.</strong></span> 
     </span>
     <span class='ocr_line' id='line_1_52' title="bbox 948 1596 1722 1640; baseline 0.004 -11"><span class='ocrx_word' id='word_1_392' title='bbox 948 1599 1087 1636; x_wconf 78' lang='lat' dir='ltr'><strong>XXIII,</strong></span> <span class='ocrx_word' id='word_1_393' title='bbox 1125 1596 1156 1630; x_wconf 83' lang='grc'><strong>6.</strong></span> <span class='ocrx_word' id='word_1_394' title='bbox 1218 1598 1389 1630; x_wconf 87' lang='lat' dir='ltr'><strong>Interdum</strong></span> <span class='ocrx_word' id='word_1_395' title='bbox 1429 1599 1530 1632; x_wconf 83' lang='lat' dir='ltr'><strong>etiam</strong></span> <span class='ocrx_word' id='word_1_396' title='bbox 1564 1599 1722 1640; x_wconf 88' lang='lat' dir='ltr'><strong>flectitur,</strong></span> 
     </span>
     <span class='ocr_line' id='line_1_53' title="bbox 947 1644 1722 1687; baseline 0.003 -13"><span class='ocrx_word' id='word_1_397' title='bbox 947 1651 1048 1687; x_wconf 83' lang='lat' dir='ltr'><strong>prout</strong></span> <span class='ocrx_word' id='word_1_398' title='bbox 1070 1644 1135 1676; x_wconf 90' lang='lat' dir='ltr'><strong>loci</strong></span> <span class='ocrx_word' id='word_1_399' title='bbox 1158 1644 1244 1676; x_wconf 85' lang='lat' dir='ltr'><strong>ratio</strong></span> <span class='ocrx_word' id='word_1_400' title='bbox 1268 1644 1407 1686; x_wconf 73' lang='lat' dir='ltr'><strong>flagitat.</strong></span> <span class='ocrx_word' id='word_1_401' title='bbox 1456 1645 1511 1678; x_wconf 88' lang='lat' dir='ltr'><strong>Sic</strong></span> <span class='ocrx_word' id='word_1_402' title='bbox 1533 1645 1600 1678; x_wconf 91' lang='lat' dir='ltr'><strong>Cic.</strong></span> <span class='ocrx_word' id='word_1_403' title='bbox 1625 1645 1722 1677; x_wconf 82' lang='lat' dir='ltr'><strong>verr.</strong></span> 
     </span>
     <span class='ocr_line' id='line_1_54' title="bbox 948 1689 1724 1732; baseline 0.003 -11"><span class='ocrx_word' id='word_1_404' title='bbox 948 1691 989 1721; x_wconf 88' lang='lat' dir='ltr'><strong>V.</strong></span> <span class='ocrx_word' id='word_1_405' title='bbox 1010 1689 1051 1731; x_wconf 79' lang='lat'><strong>5,</strong></span> <span class='ocrx_word' id='word_1_406' title='bbox 1080 1689 1139 1721; x_wconf 89' lang='lat' dir='ltr'><strong>ll:</strong></span> <span class='ocrx_word' id='word_1_407' title='bbox 1166 1697 1342 1732; x_wconf 76' lang='lat' dir='ltr'><strong>expectate</strong></span> <span class='ocrx_word' id='word_1_408' title='bbox 1363 1690 1490 1722; x_wconf 80' lang='lat' dir='ltr'><strong>facinus</strong></span> <span class='ocrx_word' id='word_1_409' title='bbox 1511 1701 1608 1731; x_wconf 86' lang='lat' dir='ltr'><strong>quam</strong></span> <span class='ocrx_word' id='word_1_410' title='bbox 1628 1692 1724 1723; x_wconf 64' lang='lat' dir='ltr'><strong>vulhis</strong></span> 
     </span>
     <span class='ocr_line' id='line_1_55' title="bbox 949 1735 1723 1779; baseline 0.001 -12"><span class='ocrx_word' id='word_1_411' title='bbox 949 1738 1136 1776; x_wconf 76' lang='lat' dir='ltr'><strong>improbum.</strong></span> <span class='ocrx_word' id='word_1_412' title='bbox 1186 1736 1236 1768; x_wconf 75' lang='lat' dir='ltr'><strong>Cf.</strong></span> <span class='ocrx_word' id='word_1_413' title='bbox 1270 1738 1407 1768; x_wconf 76' lang='lat' dir='ltr'><strong>Ki&#39;eliuer.</strong></span> <span class='ocrx_word' id='word_1_414' title='bbox 1436 1737 1477 1768; x_wconf 93' lang='lat' dir='ltr'><strong>L.</strong></span> <span class='ocrx_word' id='word_1_415' title='bbox 1511 1738 1571 1768; x_wconf 85' lang='lat' dir='ltr'><strong>Gr.</strong></span> <span class='ocrx_word' id='word_1_416' title='bbox 1599 1737 1626 1779; x_wconf 64' lang='grc' dir='ltr'><strong>ᾗ.</strong></span> <span class='ocrx_word' id='word_1_417' title='bbox 1646 1735 1723 1768; x_wconf 83' lang='grc'><strong>155.</strong></span> 
     </span>
     <span class='ocr_line' id='line_1_56' title="bbox 948 1779 1723 1825; baseline 0.003 -13"><span class='ocrx_word' id='word_1_418' title='bbox 948 1782 1029 1813; x_wconf 87' lang='lat' dir='ltr'><strong>Not.</strong></span> <span class='ocrx_word' id='word_1_419' title='bbox 1052 1781 1082 1813; x_wconf 72' lang='grc' dir='ltr'><strong>ἴ).</strong></span> <span class='ocrx_word' id='word_1_420' title='bbox 1108 1793 1140 1825; x_wconf 81' lang='lat' dir='ltr'><strong>p.</strong></span> <span class='ocrx_word' id='word_1_421' title='bbox 1161 1779 1240 1814; x_wconf 70' lang='lat'><strong>427.</strong></span> <span class='ocrx_word' id='word_1_422' title='bbox 1269 1781 1320 1813; x_wconf 88' lang='lat' dir='ltr'><strong>ed.</strong></span> <span class='ocrx_word' id='word_1_423' title='bbox 1340 1782 1373 1813; x_wconf 74' lang='lat'><strong>2.</strong></span> <span class='ocrx_word' id='word_1_424' title='bbox 1435 1781 1530 1814; x_wconf 85' lang='lat' dir='ltr'><strong>Adde</strong></span> <span class='ocrx_word' id='word_1_425' title='bbox 1553 1781 1642 1814; x_wconf 87' lang='lat' dir='ltr'><strong>infra</strong></span> <span class='ocrx_word' id='word_1_426' title='bbox 1663 1782 1723 1814; x_wconf 92' lang='grc' dir='ltr'><strong>ΙΙΙ.</strong></span> 
     </span>
     <span class='ocr_line' id='line_1_57' title="bbox 948 1825 1724 1868; baseline 0.003 -10"><span class='ocrx_word' id='word_1_427' title='bbox 948 1825 1012 1864; x_wconf 82' lang='lat'><strong>30,</strong></span> <span class='ocrx_word' id='word_1_428' title='bbox 1037 1825 1102 1859; x_wconf 70' lang='lat'><strong>75:</strong></span> <span class='ocrx_word' id='word_1_429' title='bbox 1136 1827 1312 1859; x_wconf 83' lang='lat' dir='ltr'><strong>stultitiam</strong></span> <span class='ocrx_word' id='word_1_430' title='bbox 1334 1839 1488 1859; x_wconf 87' lang='lat' dir='ltr'><strong>accusare</strong></span> <span class='ocrx_word' id='word_1_431' title='bbox 1509 1830 1655 1868; x_wconf 82' lang='lat' dir='ltr'><strong>quamvis</strong></span> <span class='ocrx_word' id='word_1_432' title='bbox 1673 1837 1724 1859; x_wconf 75' lang='lat' dir='ltr'><strong>co-</strong></span> 
     </span>
     <span class='ocr_line' id='line_1_58' title="bbox 946 1870 1722 1913; baseline 0.003 -10"><span class='ocrx_word' id='word_1_433' title='bbox 946 1875 1033 1913; x_wconf 77' lang='lat' dir='ltr'><strong>piose</strong></span> <span class='ocrx_word' id='word_1_434' title='bbox 1054 1872 1142 1904; x_wconf 83' lang='lat' dir='ltr'><strong>licet.</strong></span> <span class='ocrx_word' id='word_1_435' title='bbox 1180 1874 1237 1906; x_wconf 84' lang='lat' dir='ltr'><strong>1V.</strong></span> <span class='ocrx_word' id='word_1_436' title='bbox 1259 1871 1314 1910; x_wconf 79' lang='grc'><strong>26,</strong></span> <span class='ocrx_word' id='word_1_437' title='bbox 1340 1870 1404 1905; x_wconf 80' lang='lat'><strong>57:</strong></span> <span class='ocrx_word' id='word_1_438' title='bbox 1432 1873 1474 1905; x_wconf 85' lang='lat' dir='ltr'><strong>de</strong></span> <span class='ocrx_word' id='word_1_439' title='bbox 1498 1873 1587 1905; x_wconf 88' lang='lat' dir='ltr'><strong>cuius</strong></span> <span class='ocrx_word' id='word_1_440' title='bbox 1609 1872 1722 1905; x_wconf 83' lang='lat' dir='ltr'><strong>excel-</strong></span> 
     </span>
     <span class='ocr_line' id='line_1_59' title="bbox 949 1918 1725 1962; baseline 0.001 -12"><span class='ocrx_word' id='word_1_441' title='bbox 949 1918 1051 1950; x_wconf 82' lang='lat' dir='ltr'><strong>lentia</strong></span> <span class='ocrx_word' id='word_1_442' title='bbox 1082 1918 1185 1950; x_wconf 86' lang='lat' dir='ltr'><strong>multa</strong></span> <span class='ocrx_word' id='word_1_443' title='bbox 1219 1918 1352 1962; x_wconf 82' lang='lat' dir='ltr'><strong>quidem</strong></span> <span class='ocrx_word' id='word_1_444' title='bbox 1387 1918 1453 1950; x_wconf 90' lang='lat' dir='ltr'><strong>dici</strong></span> <span class='ocrx_word' id='word_1_445' title='bbox 1484 1921 1629 1959; x_wconf 84' lang='lat' dir='ltr'><strong>quamvis</strong></span> <span class='ocrx_word' id='word_1_446' title='bbox 1655 1921 1725 1959; x_wconf 74' lang='lat' dir='ltr'><strong>fuse</strong></span> 
     </span>
     <span class='ocr_line' id='line_1_60' title="bbox 948 1960 1726 2007; baseline 0.001 -12"><span class='ocrx_word' id='word_1_447' title='bbox 948 1966 1071 2004; x_wconf 72' lang='lat' dir='ltr'><strong>lateque</strong></span> <span class='ocrx_word' id='word_1_448' title='bbox 1088 1972 1237 2007; x_wconf 86' lang='lat' dir='ltr'><strong>possunt.</strong></span> <span class='ocrx_word' id='word_1_449' title='bbox 1264 1965 1303 1996; x_wconf 91' lang='lat' dir='ltr'><strong>V.</strong></span> <span class='ocrx_word' id='word_1_450' title='bbox 1321 1960 1372 2002; x_wconf 89' lang='grc'><strong>16,</strong></span> <span class='ocrx_word' id='word_1_451' title='bbox 1387 1961 1449 1996; x_wconf 76' lang='lat'><strong>46:</strong></span> <span class='ocrx_word' id='word_1_452' title='bbox 1475 1964 1591 2007; x_wconf 86' lang='lat' dir='ltr'><strong>quivis,</strong></span> <span class='ocrx_word' id='word_1_453' title='bbox 1610 1974 1726 2005; x_wconf 85' lang='lat' dir='ltr'><strong>quam·</strong></span> 
     </span>
     <span class='ocr_line' id='line_1_61' title="bbox 947 2009 1724 2052; baseline 0.001 -11"><span class='ocrx_word' id='word_1_454' title='bbox 947 2012 996 2041; x_wconf 77' lang='lat' dir='ltr'><strong>vis</strong></span> <span class='ocrx_word' id='word_1_455' title='bbox 1014 2011 1174 2051; x_wconf 67' lang='lat' dir='ltr'><strong>indignus.</strong></span> <span class='ocrx_word' id='word_1_456' title='bbox 1207 2010 1259 2042; x_wconf 87' lang='lat' dir='ltr'><strong>Cf.</strong></span> <span class='ocrx_word' id='word_1_457' title='bbox 1279 2012 1440 2042; x_wconf 79' lang='lat' dir='ltr'><strong>Bremium</strong></span> <span class='ocrx_word' id='word_1_458' title='bbox 1459 2009 1502 2042; x_wconf 86' lang='lat' dir='ltr'><strong>ad</strong></span> <span class='ocrx_word' id='word_1_459' title='bbox 1521 2009 1622 2041; x_wconf 88' lang='lat' dir='ltr'><strong>Corn.</strong></span> <span class='ocrx_word' id='word_1_460' title='bbox 1635 2009 1724 2052; x_wconf 86' lang='lat' dir='ltr'><strong>Nep.</strong></span> 
     </span>
     <span class='ocr_line' id='line_1_62' title="bbox 950 2053 1725 2099; baseline 0.001 -13"><span class='ocrx_word' id='word_1_461' title='bbox 950 2056 1080 2087; x_wconf 82' lang='lat' dir='ltr'><strong>Datam.</strong></span> <span class='ocrx_word' id='word_1_462' title='bbox 1100 2056 1157 2095; x_wconf 88' lang='lat' dir='ltr'><strong>IV,</strong></span> <span class='ocrx_word' id='word_1_463' title='bbox 1181 2053 1214 2088; x_wconf 87' lang='grc'><strong>3.</strong></span> <span class='ocrx_word' id='word_1_464' title='bbox 1264 2055 1418 2087; x_wconf 84' lang='lat' dir='ltr'><strong>Ceterum</strong></span> <span class='ocrx_word' id='word_1_465' title='bbox 1439 2066 1626 2099; x_wconf 86' lang='lat' dir='ltr'><strong>pronomen</strong></span> <span class='ocrx_word' id='word_1_466' title='bbox 1648 2057 1725 2087; x_wconf 74' lang='lat' dir='ltr'><strong>haec</strong></span> 
     </span>
     <span class='ocr_line' id='line_1_63' title="bbox 951 2099 1725 2145; baseline 0.001 -14"><span class='ocrx_word' id='word_1_467' title='bbox 951 2100 1201 2143; x_wconf 83' lang='lat' dir='ltr'><strong>quodammodo</strong></span> <span class='ocrx_word' id='word_1_468' title='bbox 1235 2101 1420 2140; x_wconf 80' lang='lat' dir='ltr'><strong>redundat;</strong></span> <span class='ocrx_word' id='word_1_469' title='bbox 1457 2101 1601 2133; x_wconf 89' lang='lat' dir='ltr'><strong>animum</strong></span> <span class='ocrx_word' id='word_1_470' title='bbox 1631 2099 1725 2145; x_wconf 81' lang='lat' dir='ltr'><strong>quasi</strong></span> 
     </span>
     <span class='ocr_line' id='line_1_64' title="bbox 949 2145 1643 2190; baseline 0.001 -13"><span class='ocrx_word' id='word_1_471' title='bbox 949 2145 1095 2177; x_wconf 83' lang='lat' dir='ltr'><strong>intendit</strong></span> <span class='ocrx_word' id='word_1_472' title='bbox 1120 2146 1162 2178; x_wconf 87' lang='lat' dir='ltr'><strong>ad</strong></span> <span class='ocrx_word' id='word_1_473' title='bbox 1188 2159 1244 2185; x_wconf 85' lang='lat' dir='ltr'><strong>ea,</strong></span> <span class='ocrx_word' id='word_1_474' title='bbox 1271 2159 1356 2190; x_wconf 84' lang='lat' dir='ltr'><strong>quae</strong></span> <span class='ocrx_word' id='word_1_475' title='bbox 1378 2154 1531 2179; x_wconf 88' lang='lat' dir='ltr'><strong>secutura</strong></span> <span class='ocrx_word' id='word_1_476' title='bbox 1554 2152 1643 2179; x_wconf 90' lang='lat' dir='ltr'><strong>sunt.</strong></span> 
     </span>
    </p>

    <p class='ocr_par' dir='ltr' id='par_1_16' title="bbox 948 2191 1726 2735">
     <span class='ocr_line' id='line_1_65' title="bbox 1018 2191 1726 2237; baseline 0.001 -14"><span class='ocrx_word' id='word_1_477' title='bbox 1018 2192 1072 2223; x_wconf 51' lang='lat'><strong>42⁵5.</strong></span> <span class='ocrx_word' id='word_1_478' title='bbox 1106 2192 1375 2237; x_wconf 79' lang='lat' dir='ltr'><strong>philosophorum]</strong></span> <span class='ocrx_word' id='word_1_479' title='bbox 1412 2192 1564 2236; x_wconf 78' lang='lat' dir='ltr'><strong>Epicurei</strong></span> <span class='ocrx_word' id='word_1_480' title='bbox 1595 2191 1726 2224; x_wconf 80' lang='lat' dir='ltr'><strong>intelli-</strong></span> 
     </span>
     <span class='ocr_line' id='line_1_66' title="bbox 949 2236 1724 2281; baseline 0.004 -14"><span class='ocrx_word' id='word_1_481' title='bbox 949 2236 1049 2279; x_wconf 77' lang='lat' dir='ltr'><strong>gendi</strong></span> <span class='ocrx_word' id='word_1_482' title='bbox 1077 2244 1174 2275; x_wconf 87' lang='lat' dir='ltr'><strong>suut,</strong></span> <span class='ocrx_word' id='word_1_483' title='bbox 1209 2250 1347 2281; x_wconf 85' lang='lat' dir='ltr'><strong>quorum</strong></span> <span class='ocrx_word' id='word_1_484' title='bbox 1381 2238 1609 2281; x_wconf 83' lang='lat' dir='ltr'><strong>disciplinam,</strong></span> <span class='ocrx_word' id='word_1_485' title='bbox 1645 2237 1724 2270; x_wconf 86' lang='lat' dir='ltr'><strong>ubi-</strong></span> 
     </span>
     <span class='ocr_line' id='line_1_67' title="bbox 951 2282 1725 2326; baseline 0.003 -13"><span class='ocrx_word' id='word_1_486' title='bbox 951 2294 1078 2325; x_wconf 86' lang='lat' dir='ltr'><strong>cunque</strong></span> <span class='ocrx_word' id='word_1_487' title='bbox 1101 2282 1212 2325; x_wconf 82' lang='lat' dir='ltr'><strong>potuit</strong></span> <span class='ocrx_word' id='word_1_488' title='bbox 1226 2309 1232 2321; x_wconf 89' lang='lat'><strong>,</strong></span> <span class='ocrx_word' id='word_1_489' title='bbox 1259 2284 1405 2326; x_wconf 73' lang='lat' dir='ltr'><strong>graviter</strong></span> <span class='ocrx_word' id='word_1_490' title='bbox 1428 2283 1643 2326; x_wconf 79' lang='lat' dir='ltr'><strong>reprehendit</strong></span> <span class='ocrx_word' id='word_1_491' title='bbox 1665 2283 1725 2315; x_wconf 91' lang='lat' dir='ltr'><strong>Ci-</strong></span> 
     </span>
     <span class='ocr_line' id='line_1_68' title="bbox 951 2327 1724 2371; baseline 0.005 -13"><span class='ocrx_word' id='word_1_492' title='bbox 951 2339 1028 2359; x_wconf 82' lang='lat' dir='ltr'><strong>cero</strong></span> <span class='ocrx_word' id='word_1_493' title='bbox 1059 2335 1159 2371; x_wconf 82' lang='lat' dir='ltr'><strong>atque</strong></span> <span class='ocrx_word' id='word_1_494' title='bbox 1189 2329 1330 2360; x_wconf 83' lang='lat' dir='ltr'><strong>notavit.</strong></span> <span class='ocrx_word' id='word_1_495' title='bbox 1378 2330 1418 2360; x_wconf 93' lang='lat' dir='ltr'><strong>V.</strong></span> <span class='ocrx_word' id='word_1_496' title='bbox 1441 2339 1500 2360; x_wconf 85' lang='lat' dir='ltr'><strong>nos</strong></span> <span class='ocrx_word' id='word_1_497' title='bbox 1522 2328 1555 2360; x_wconf 92' lang='lat' dir='ltr'><strong>in</strong></span> <span class='ocrx_word' id='word_1_498' title='bbox 1579 2327 1724 2362; x_wconf 79' lang='lat' dir='ltr'><strong>librod.</strong></span> 
     </span>
     <span class='ocr_line' id='line_1_69' title="bbox 951 2371 1723 2418; baseline 0 -13"><span class='ocrx_word' id='word_1_499' title='bbox 951 2375 988 2405; x_wconf 79' lang='lat' dir='ltr'><strong>de</strong></span> <span class='ocrx_word' id='word_1_500' title='bbox 1015 2375 1110 2406; x_wconf 82' lang='lat' dir='ltr'><strong>Cicer.</strong></span> <span class='ocrx_word' id='word_1_501' title='bbox 1144 2376 1176 2406; x_wconf 83' lang='lat' dir='ltr'><strong>in</strong></span> <span class='ocrx_word' id='word_1_502' title='bbox 1208 2377 1320 2414; x_wconf 78' lang='lat' dir='ltr'><strong>philos.</strong></span> <span class='ocrx_word' id='word_1_503' title='bbox 1353 2385 1429 2406; x_wconf 80' lang='lat' dir='ltr'><strong>mer.</strong></span> <span class='ocrx_word' id='word_1_504' title='bbox 1462 2386 1495 2418; x_wconf 92' lang='lat' dir='ltr'><strong>p.</strong></span> <span class='ocrx_word' id='word_1_505' title='bbox 1513 2371 1558 2407; x_wconf 74' lang='lat'><strong>78</strong></span> <span class='ocrx_word' id='word_1_506' title='bbox 1576 2385 1625 2418; x_wconf 90' lang='lat' dir='ltr'><strong>sq.</strong></span> <span class='ocrx_word' id='word_1_507' title='bbox 1672 2374 1723 2405; x_wconf 90' lang='lat' dir='ltr'><strong>De</strong></span> 
     </span>
     <span class='ocr_line' id='line_1_70' title="bbox 951 2419 1725 2462; baseline 0.003 -13"><span class='ocrx_word' id='word_1_508' title='bbox 951 2419 1094 2462; x_wconf 80' lang='lat' dir='ltr'><strong>eleganti</strong></span> <span class='ocrx_word' id='word_1_509' title='bbox 1113 2419 1291 2452; x_wconf 85' lang='lat' dir='ltr'><strong>verborum</strong></span> <span class='ocrx_word' id='word_1_510' title='bbox 1313 2419 1537 2452; x_wconf 80' lang='lat' dir='ltr'><strong>collocatione</strong></span> <span class='ocrx_word' id='word_1_511' title='bbox 1557 2421 1725 2452; x_wconf 79' lang='lat' dir='ltr'><strong>nonnullo·</strong></span> 
     </span>
     <span class='ocr_line' id='line_1_71' title="bbox 948 2463 1725 2506; baseline 0 -10"><span class='ocrx_word' id='word_1_512' title='bbox 948 2475 1019 2496; x_wconf 81' lang='lat' dir='ltr'><strong>rum</strong></span> <span class='ocrx_word' id='word_1_513' title='bbox 1043 2467 1240 2497; x_wconf 71' lang='lat' dir='ltr'><strong>insolentiam</strong></span> <span class='ocrx_word' id='word_1_514' title='bbox 1263 2468 1517 2506; x_wconf 69' lang='lat' dir='ltr'><strong>philosophorum</strong></span> <span class='ocrx_word' id='word_1_515' title='bbox 1548 2477 1580 2497; x_wconf 91' lang='lat' dir='ltr'><strong>v.</strong></span> <span class='ocrx_word' id='word_1_516' title='bbox 1606 2476 1667 2497; x_wconf 89' lang='lat' dir='ltr'><strong>nos</strong></span> <span class='ocrx_word' id='word_1_517' title='bbox 1689 2463 1725 2497; x_wconf 87' lang='lat' dir='ltr'><strong>in</strong></span> 
     </span>
     <span class='ocr_line' id='line_1_72' title="bbox 952 2507 1722 2555; baseline 0.001 -15"><span class='ocrx_word' id='word_1_518' title='bbox 952 2510 1098 2541; x_wconf 80' lang='lat' dir='ltr'><strong>Gramm.</strong></span> <span class='ocrx_word' id='word_1_519' title='bbox 1130 2512 1169 2542; x_wconf 89' lang='lat' dir='ltr'><strong>L.</strong></span> <span class='ocrx_word' id='word_1_520' title='bbox 1194 2509 1322 2555; x_wconf 72' lang='lat'><strong>§.167‚</strong></span> <span class='ocrx_word' id='word_1_521' title='bbox 1348 2509 1380 2543; x_wconf 80' lang='grc'><strong>6.</strong></span> <span class='ocrx_word' id='word_1_522' title='bbox 1413 2523 1446 2555; x_wconf 91' lang='lat' dir='ltr'><strong>p.</strong></span> <span class='ocrx_word' id='word_1_523' title='bbox 1459 2507 1525 2543; x_wconf 74' lang='lat'><strong>469</strong></span> <span class='ocrx_word' id='word_1_524' title='bbox 1542 2522 1590 2554; x_wconf 90' lang='lat' dir='ltr'><strong>sq.</strong></span> <span class='ocrx_word' id='word_1_525' title='bbox 1616 2509 1669 2542; x_wconf 88' lang='lat' dir='ltr'><strong>ed.</strong></span> <span class='ocrx_word' id='word_1_526' title='bbox 1688 2509 1722 2541; x_wconf 78' lang='grc'><strong>2.</strong></span> 
     </span>
     <span class='ocr_line' id='line_1_73' title="bbox 953 2556 1724 2597; baseline 0.001 -11"><span class='ocrx_word' id='word_1_527' title='bbox 953 2556 1034 2587; x_wconf 85' lang='lat' dir='ltr'><strong>Cum</strong></span> <span class='ocrx_word' id='word_1_528' title='bbox 1069 2556 1210 2589; x_wconf 80' lang='lat' dir='ltr'><strong>maxima</strong></span> <span class='ocrx_word' id='word_1_529' title='bbox 1243 2557 1275 2588; x_wconf 87' lang='lat' dir='ltr'><strong>vi</strong></span> <span class='ocrx_word' id='word_1_530' title='bbox 1298 2556 1496 2589; x_wconf 85' lang='lat' dir='ltr'><strong>vocabulum</strong></span> <span class='ocrx_word' id='word_1_531' title='bbox 1525 2557 1724 2597; x_wconf 80' lang='lat' dir='ltr'><strong>philosopho-</strong></span> 
     </span>
     <span class='ocr_line' id='line_1_74' title="bbox 949 2601 1724 2646; baseline -0.003 -13"><span class='ocrx_word' id='word_1_532' title='bbox 949 2611 1042 2641; x_wconf 82' lang='lat' dir='ltr'><strong>rum,</strong></span> <span class='ocrx_word' id='word_1_533' title='bbox 1066 2601 1098 2632; x_wconf 84' lang='lat' dir='ltr'><strong>in</strong></span> <span class='ocrx_word' id='word_1_534' title='bbox 1125 2613 1190 2644; x_wconf 89' lang='lat' dir='ltr'><strong>quo</strong></span> <span class='ocrx_word' id='word_1_535' title='bbox 1214 2602 1400 2634; x_wconf 86' lang='lat' dir='ltr'><strong>sententiae</strong></span> <span class='ocrx_word' id='word_1_536' title='bbox 1422 2601 1552 2646; x_wconf 87' lang='lat' dir='ltr'><strong>pondus</strong></span> <span class='ocrx_word' id='word_1_537' title='bbox 1577 2601 1724 2645; x_wconf 84' lang='lat' dir='ltr'><strong>positum</strong></span> 
     </span>
     <span class='ocr_line' id='line_1_75' title="bbox 951 2645 1723 2684; baseline 0 -7"><span class='ocrx_word' id='word_1_538' title='bbox 951 2653 1021 2684; x_wconf 82' lang='lat' dir='ltr'><strong>est,</strong></span> <span class='ocrx_word' id='word_1_539' title='bbox 1047 2646 1206 2678; x_wconf 82' lang='lat' dir='ltr'><strong>reiectum</strong></span> <span class='ocrx_word' id='word_1_540' title='bbox 1230 2654 1280 2679; x_wconf 84' lang='lat' dir='ltr'><strong>est</strong></span> <span class='ocrx_word' id='word_1_541' title='bbox 1303 2648 1338 2679; x_wconf 90' lang='lat' dir='ltr'><strong>in</strong></span> <span class='ocrx_word' id='word_1_542' title='bbox 1363 2647 1542 2680; x_wconf 82' lang='lat' dir='ltr'><strong>clausulam</strong></span> <span class='ocrx_word' id='word_1_543' title='bbox 1565 2645 1723 2678; x_wconf 84' lang='lat' dir='ltr'><strong>enuntia-</strong></span> 
     </span>
     <span class='ocr_line' id='line_1_76' title="bbox 948 2690 1724 2735; baseline 0.003 -14"><span class='ocrx_word' id='word_1_544' title='bbox 948 2691 1061 2730; x_wconf 86' lang='lat' dir='ltr'><strong>tionis,</strong></span> <span class='ocrx_word' id='word_1_545' title='bbox 1087 2699 1123 2723; x_wconf 82' lang='lat' dir='ltr'><strong>nt</strong></span> <span class='ocrx_word' id='word_1_546' title='bbox 1143 2704 1241 2735; x_wconf 82' lang='lat' dir='ltr'><strong>supra</strong></span> <span class='ocrx_word' id='word_1_547' title='bbox 1261 2690 1294 2732; x_wconf 85' lang='lat'><strong>6,</strong></span> <span class='ocrx_word' id='word_1_548' title='bbox 1319 2691 1382 2731; x_wconf 91' lang='lat'><strong>11.,</strong></span> <span class='ocrx_word' id='word_1_549' title='bbox 1408 2692 1464 2725; x_wconf 86' lang='lat' dir='ltr'><strong>ubi</strong></span> <span class='ocrx_word' id='word_1_550' title='bbox 1483 2704 1515 2725; x_wconf 87' lang='lat' dir='ltr'><strong>v.</strong></span> <span class='ocrx_word' id='word_1_551' title='bbox 1533 2692 1619 2724; x_wconf 88' lang='lat' dir='ltr'><strong>Adn.</strong></span> <span class='ocrx_word' id='word_1_552' title='bbox 1657 2691 1724 2723; x_wconf 88' lang='lat' dir='ltr'><strong>Ce-</strong></span> 
     </span>
    </p>
   </div>
   <div class='ocr_carea' id='block_1_13' title="bbox 140 2734 1726 3009">
    <p class='ocr_par' dir='ltr' id='par_1_17' title="bbox 143 2734 1725 2917">
     <span class='ocr_line' id='line_1_77' title="bbox 144 2734 1723 2781; baseline 0.001 -14"><span class='ocrx_word' id='word_1_553' title='bbox 144 2735 209 2768; x_wconf 87' lang='lat' dir='ltr'><strong>hoc</strong></span> <span class='ocrx_word' id='word_1_554' title='bbox 227 2744 391 2780; x_wconf 81' lang='lat' dir='ltr'><strong>tempore.</strong></span> <span class='ocrx_word' id='word_1_555' title='bbox 426 2739 529 2769; x_wconf 85' lang='lat' dir='ltr'><strong>Porro</strong></span> <span class='ocrx_word' id='word_1_556' title='bbox 547 2739 572 2769; x_wconf 88' lang='grc' dir='ltr'><strong>Ι.</strong></span> <span class='ocrx_word' id='word_1_557' title='bbox 594 2735 649 2774; x_wconf 75' lang='grc'><strong>49,</strong></span> <span class='ocrx_word' id='word_1_558' title='bbox 672 2734 754 2768; x_wconf 86' lang='grc'>119;</span> <span class='ocrx_word' id='word_1_559' title='bbox 781 2747 916 2778; x_wconf 76' lang='lat' dir='ltr'><strong>ayamus</strong></span> <span class='ocrx_word' id='word_1_560' title='bbox 948 2743 1058 2768; x_wconf 86' lang='lat' dir='ltr'><strong>terum</strong></span> <span class='ocrx_word' id='word_1_561' title='bbox 1081 2736 1180 2768; x_wconf 77' lang='lat' dir='ltr'><strong>facile</strong></span> <span class='ocrx_word' id='word_1_562' title='bbox 1203 2738 1273 2780; x_wconf 88' lang='lat' dir='ltr'><strong>quis</strong></span> <span class='ocrx_word' id='word_1_563' title='bbox 1298 2744 1454 2780; x_wconf 83' lang='lat' dir='ltr'><strong>quaerat,</strong></span> <span class='ocrx_word' id='word_1_564' title='bbox 1479 2748 1623 2781; x_wconf 89' lang='lat' dir='ltr'><strong>quonam</strong></span> <span class='ocrx_word' id='word_1_565' title='bbox 1642 2742 1723 2768; x_wconf 87' lang='lat' dir='ltr'><strong>tan-</strong></span> 
     </span>
     <span class='ocr_line' id='line_1_78' title="bbox 144 2781 1723 2824; baseline 0.001 -12"><span class='ocrx_word' id='word_1_566' title='bbox 144 2782 219 2813; x_wconf 81' lang='lat' dir='ltr'><strong>haec</strong></span> <span class='ocrx_word' id='word_1_567' title='bbox 249 2782 284 2814; x_wconf 81' lang='lat' dir='ltr'><strong>h.</strong></span> <span class='ocrx_word' id='word_1_568' title='bbox 307 2794 335 2814; x_wconf 88' lang='lat' dir='ltr'><strong>e.</strong></span> <span class='ocrx_word' id='word_1_569' title='bbox 371 2783 520 2815; x_wconf 84' lang='lat' dir='ltr'><strong>studiose</strong></span> <span class='ocrx_word' id='word_1_570' title='bbox 542 2789 742 2822; x_wconf 85' lang='lat' dir='ltr'><strong>tractemus,</strong></span> <span class='ocrx_word' id='word_1_571' title='bbox 774 2782 809 2813; x_wconf 88' lang='lat' dir='ltr'><strong>in</strong></span> <span class='ocrx_word' id='word_1_572' title='bbox 833 2782 916 2814; x_wconf 87' lang='lat' dir='ltr'><strong>haec</strong></span> <span class='ocrx_word' id='word_1_573' title='bbox 951 2792 1048 2824; x_wconf 88' lang='lat' dir='ltr'><strong>quam</strong></span> <span class='ocrx_word' id='word_1_574' title='bbox 1090 2781 1224 2814; x_wconf 84' lang='lat' dir='ltr'><strong>vinculo</strong></span> <span class='ocrx_word' id='word_1_575' title='bbox 1264 2782 1447 2815; x_wconf 85' lang='lat' dir='ltr'><strong>sententiae</strong></span> <span class='ocrx_word' id='word_1_576' title='bbox 1484 2781 1723 2815; x_wconf 80' lang='lat' dir='ltr'><strong>antecedentes</strong></span> 
     </span>
     <span class='ocr_line' id='line_1_79' title="bbox 144 2825 1724 2872; baseline 0.003 -17"><span class='ocrx_word' id='word_1_577' title='bbox 144 2825 322 2868; x_wconf 66' lang='lat' dir='ltr'><strong>diligenter</strong></span> <span class='ocrx_word' id='word_1_578' title='bbox 342 2828 579 2861; x_wconf 75' lang='lat' dir='ltr'><strong>incumbamus,</strong></span> <span class='ocrx_word' id='word_1_579' title='bbox 622 2828 745 2860; x_wconf 86' lang='lat' dir='ltr'><strong>Contra</strong></span> <span class='ocrx_word' id='word_1_580' title='bbox 766 2830 848 2860; x_wconf 81' lang='lat' dir='ltr'><strong>alias</strong></span> <span class='ocrx_word' id='word_1_581' title='bbox 867 2838 917 2860; x_wconf 86' lang='lat' dir='ltr'><strong>res</strong></span> <span class='ocrx_word' id='word_1_582' title='bbox 952 2838 1025 2858; x_wconf 89' lang='lat' dir='ltr'><strong>cum</strong></span> <span class='ocrx_word' id='word_1_583' title='bbox 1043 2826 1093 2865; x_wconf 82' lang='lat' dir='ltr'><strong>iis,</strong></span> <span class='ocrx_word' id='word_1_584' title='bbox 1120 2838 1203 2870; x_wconf 86' lang='lat' dir='ltr'><strong>quae</strong></span> <span class='ocrx_word' id='word_1_585' title='bbox 1221 2827 1287 2859; x_wconf 90' lang='lat' dir='ltr'><strong>iam</strong></span> <span class='ocrx_word' id='word_1_586' title='bbox 1305 2834 1497 2872; x_wconf 85' lang='lat' dir='ltr'><strong>sequuntur,</strong></span> <span class='ocrx_word' id='word_1_587' title='bbox 1523 2827 1724 2860; x_wconf 82' lang='lat' dir='ltr'><strong>constrictae</strong></span> 
     </span>
     <span class='ocr_line' id='line_1_80' title="bbox 143 2870 1725 2917; baseline 0.004 -17"><span class='ocrx_word' id='word_1_588' title='bbox 143 2870 237 2910; x_wconf 69' lang='lat' dir='ltr'><strong>agere.</strong></span> <span class='ocrx_word' id='word_1_589' title='bbox 261 2879 310 2903; x_wconf 83' lang='lat' dir='ltr'><strong>est</strong></span> <span class='ocrx_word' id='word_1_590' title='bbox 333 2885 400 2906; x_wconf 85' lang='lat' dir='ltr'><strong>non</strong></span> <span class='ocrx_word' id='word_1_591' title='bbox 426 2881 591 2907; x_wconf 82' lang='lat' dir='ltr'><strong>attentum</strong></span> <span class='ocrx_word' id='word_1_592' title='bbox 615 2885 696 2906; x_wconf 75' lang='lat' dir='ltr'><strong>esse.</strong></span> <span class='ocrx_word' id='word_1_593' title='bbox 949 2878 1136 2904; x_wconf 85' lang='lat' dir='ltr'><strong>teneantur.</strong></span> <span class='ocrx_word' id='word_1_594' title='bbox 1186 2872 1350 2905; x_wconf 88' lang='lat' dir='ltr'><strong>Nimirum</strong></span> <span class='ocrx_word' id='word_1_595' title='bbox 1381 2873 1549 2916; x_wconf 83' lang='lat' dir='ltr'><strong>superiore</strong></span> <span class='ocrx_word' id='word_1_596' title='bbox 1571 2873 1725 2917; x_wconf 86' lang='lat' dir='ltr'><strong>disputa-</strong></span> 
     </span>
    </p>

    <p class='ocr_par' dir='ltr' id='par_1_18' title="bbox 140 2915 1726 3009">
     <span class='ocr_line' id='line_1_81' title="bbox 214 2915 1725 2962; baseline 0.004 -17"><span class='ocrx_word' id='word_1_597' title='bbox 214 2915 292 2947; x_wconf 46' lang='lat' dir='ltr'><strong>Car.</strong></span> <span class='ocrx_word' id='word_1_598' title='bbox 307 2918 404 2956; x_wconf 77' lang='lat' dir='ltr'><strong>XXI,</strong></span> <span class='ocrx_word' id='word_1_599' title='bbox 421 2918 476 2952; x_wconf 77' lang='lat'><strong>47.</strong></span> <span class='ocrx_word' id='word_1_600' title='bbox 505 2922 657 2960; x_wconf 76' lang='lat' dir='ltr'><strong>Quanmis</strong></span> <span class='ocrx_word' id='word_1_601' title='bbox 672 2920 807 2962; x_wconf 80' lang='lat' dir='ltr'><strong>copiose]</strong></span> <span class='ocrx_word' id='word_1_602' title='bbox 827 2919 870 2951; x_wconf 91' lang='lat' dir='ltr'><strong>H.</strong></span> <span class='ocrx_word' id='word_1_603' title='bbox 887 2930 916 2952; x_wconf 90' lang='lat' dir='ltr'><strong>e.</strong></span> <span class='ocrx_word' id='word_1_604' title='bbox 949 2917 1043 2949; x_wconf 88' lang='lat' dir='ltr'><strong>tione</strong></span> <span class='ocrx_word' id='word_1_605' title='bbox 1063 2917 1141 2950; x_wconf 87' lang='lat' dir='ltr'><strong>inde</strong></span> <span class='ocrx_word' id='word_1_606' title='bbox 1161 2930 1181 2950; x_wconf 84' lang='lat' dir='ltr'><strong>a</strong></span> <span class='ocrx_word' id='word_1_607' title='bbox 1202 2930 1231 2950; x_wconf 90' lang='lat' dir='ltr'><strong>c.</strong></span> <span class='ocrx_word' id='word_1_608' title='bbox 1248 2917 1301 2959; x_wconf 81' lang='lat'><strong>18,</strong></span> <span class='ocrx_word' id='word_1_609' title='bbox 1321 2917 1375 2952; x_wconf 79' lang='lat'><strong>42.</strong></span> <span class='ocrx_word' id='word_1_610' title='bbox 1411 2919 1538 2952; x_wconf 85' lang='lat' dir='ltr'><strong>Tullius</strong></span> <span class='ocrx_word' id='word_1_611' title='bbox 1559 2919 1643 2951; x_wconf 86' lang='lat' dir='ltr'><strong>illud</strong></span> <span class='ocrx_word' id='word_1_612' title='bbox 1661 2918 1725 2951; x_wconf 89' lang='lat' dir='ltr'><strong>de-</strong></span> 
     </span>
     <span class='ocr_line' id='line_1_82' title="bbox 140 2961 1726 3009; baseline 0.003 -18"><span class='ocrx_word' id='word_1_613' title='bbox 140 2961 190 2992; x_wconf 80' lang='lat' dir='ltr'><strong>vel</strong></span> <span class='ocrx_word' id='word_1_614' title='bbox 223 2964 452 3006; x_wconf 82' lang='lat' dir='ltr'><strong>copiosissime,</strong></span> <span class='ocrx_word' id='word_1_615' title='bbox 486 2965 643 3009; x_wconf 86' lang='lat' dir='ltr'><strong>proprie:</strong></span> <span class='ocrx_word' id='word_1_616' title='bbox 684 2969 750 2998; x_wconf 77' lang='lat' dir='ltr'><strong>tam</strong></span> <span class='ocrx_word' id='word_1_617' title='bbox 784 2967 916 3006; x_wconf 80' lang='lat' dir='ltr'><strong>copiose,</strong></span> <span class='ocrx_word' id='word_1_618' title='bbox 951 2970 1137 2997; x_wconf 87' lang='lat' dir='ltr'><strong>monstrare</strong></span> <span class='ocrx_word' id='word_1_619' title='bbox 1172 2971 1308 2997; x_wconf 85' lang='lat' dir='ltr'><strong>conatus</strong></span> <span class='ocrx_word' id='word_1_620' title='bbox 1333 2971 1405 3006; x_wconf 83' lang='lat' dir='ltr'><strong>est,</strong></span> <span class='ocrx_word' id='word_1_621' title='bbox 1450 2977 1490 2998; x_wconf 86' lang='lat' dir='ltr'><strong>ex</strong></span> <span class='ocrx_word' id='word_1_622' title='bbox 1513 2971 1668 2998; x_wconf 84' lang='lat' dir='ltr'><strong>accurata</strong></span> <span class='ocrx_word' id='word_1_623' title='bbox 1691 2969 1726 2997; x_wconf 81' lang='lat' dir='ltr'><strong>et</strong></span> 
     </span>
    </p>
   </div>
  </div>
 </body>
</html>
