1859 3149
13 1922 17 1926 ’
77 1912 217 1956 ponitur
236 1913 380 1957 corpori,
407 1913 556 1946 declarat
577 1914 777 1947 nobiliorem
798 1927 863 1947 no-

595 68 766 102 mnen
790 69 833 101 11.
860 66 927 111 23,
954 67 1010 102 54.
1035 68 1094 102 55.
1118 65 1173 102 56.
1611 60 1686 105 161

191 147 362 192 XXIII.
425 155 497 192 54.
541 146 597 191 Ut
623 148 727 189 enim
757 148 800 189 lit
823 149 864 190 in
891 150 1070 205 proelio,
1105 156 1148 191 ut
1172 148 1344 205 ignavus
1369 147 1484 190 miles
1509 162 1554 191 ac
1581 151 1687 193 timi-

78 223 177 278 dus,
224 225 342 267 simul
364 239 411 267 ae
438 224 585 266 viderit
609 223 788 274 bostem,
823 223 978 265 abiecto
1004 232 1118 266 scuto
1145 224 1291 280 fugiat,
1326 230 1514 280 quantum
1538 224 1682 281 possit,

77 299 128 342 ob
148 314 314 356 eamque
331 313 509 341 caussam
530 307 688 356 pereat,
724 313 1006 353 nonnunquam
1029 300 1145 341 etiam
1167 300 1324 356 integro
1340 313 1532 357 corpore,
1564 315 1683 356 quum

72 375 139 427 ei,
189 376 253 431 qui
278 375 461 425 steterit,
511 375 606 416 nihil
632 374 709 415 tale
735 373 942 415 evenerit:
992 373 1076 424 sie,
1110 375 1173 430 qui
1201 375 1349 417 doloris
1375 375 1548 430 speciem
1576 377 1683 418 serre

75 464 155 492 non
180 457 369 507 possunt,
417 450 608 492 abiiciunt
640 463 683 490 se
711 455 829 504 atque
865 448 917 489 ita
940 448 1069 489 alllieti
1106 457 1147 490 et
1172 451 1388 492 exanimati
1415 451 1570 504 iacent3
1616 447 1683 507 qui

76 532 205 567 autem
226 525 483 576 restiterunt,
529 525 735 566 discedunt
752 523 986 580 saepissime
1003 524 1250 579 superiores.
1317 523 1421 567 Sunt
1438 526 1541 567 enim
1562 540 1683 583 quae-

76 600 163 643 dam
188 601 309 642 animi
332 599 610 642 similitudines
635 615 721 640 cum
749 613 933 655 corpore.
1000 597 1050 640 [It
1075 613 1199 641 onera
1222 601 1419 642 contentis
1448 601 1683 657 corporibus

75 675 232 717 facilius
255 676 458 727 feruntur,
492 675 670 716 remissis
691 675 939 731 opprimunt3
974 675 1171 716 simillime
1191 675 1345 716 animus
1366 676 1586 718 intentione
1607 692 1681 720 sua

76 731 236 808 depellit
257 764 436 806 pressum
458 764 615 791 omnem
640 751 856 807 ponderum
874 782 884 801 ,
921 750 1157 792 remissione
1180 757 1312 791 autem
1335 751 1393 791 sic
1419 759 1605 806 urgetur,
1639 761 1683 795 ut

75 839 121 868 se
145 833 317 882 nequeat
339 826 552 868 extollere.
616 832 687 867 55.
723 824 775 866 lit
801 825 833 866 si
857 839 995 867 verum
1024 826 1276 881 quaerimus,
1324 826 1364 867 in
1389 826 1573 869 omuibus
1599 830 1682 870 offi-

75 901 148 944 ciis
177 902 463 959 persequendis
495 902 615 943 animi
649 908 710 942 est
732 901 954 942 adhibenda
981 902 1201 943 contentio.
1263 900 1326 943 Ea
1354 909 1417 944 est
1446 902 1533 944 sola
1566 904 1684 946 ollicii

73 983 261 1033 tanquam
287 977 483 1019 custodia.
549 976 629 1019 Sed
664 978 735 1018 hoc
759 977 915 1031 quidem
944 977 983 1017 in
1016 977 1152 1018 dolore
1179 977 1353 1019 maxime
1384 984 1447 1019 est
1469 978 1683 1034 providen—

79 1051 194 1104 dum,
228 1066 278 1094 ne
301 1053 392 1108 quid
417 1052 571 1094 abiecte
589 1085 600 1104 ,
635 1066 684 1093 ne
708 1052 798 1107 quid
826 1052 958 1092 timide
975 1084 986 1102 ,
1022 1052 1180 1107 nequid
1209 1053 1376 1107 ignave,
1412 1067 1461 1094 nc
1483 1054 1572 1108 quid
1595 1068 1682 1096 ser-

76 1127 211 1169 viliter
239 1127 538 1169 muliebriterve
570 1127 786 1177 l'aciamus3
835 1128 872 1168 iu
914 1127 1128 1183 primisque
1164 1130 1359 1168 refutetur
1391 1142 1438 1169 ac
1480 1129 1684 1171 reiiciatur

72 1200 344 1244 Philocteteus
378 1203 444 1243 ille
481 1203 644 1244 clamor.

74 1283 159 1329 est,
193 1277 309 1332 idque
324 1268 448 1329 raro,
476 1278 646 1319 eiulatus
668 1292 716 1318 ne
737 1277 891 1318 mulieri
913 1277 1084 1332 quidem.

709 1200 979 1257 lngemiscerc
1008 1217 1290 1257 :nonnumquam
1329 1204 1417 1244 viro
1443 1218 1681 1246 concessum

1150 1276 1203 1317 lit
1230 1277 1289 1317 liic
1316 1279 1501 1319 nimirum
1529 1286 1591 1320 cst
1613 1280 1682 1321 sse-

1494 1360 1564 1395 56.
1589 1353 1681 1396 Nec

73 1441 172 1470 vero
197 1442 368 1483 uuquam
404 1442 454 1469 ne
481 1428 706 1483 ingemiscit
732 1427 888 1483 quidem
925 1428 987 1469 vir
1021 1428 1135 1469 sortis
1166 1442 1210 1469 ac
1241 1429 1427 1484 sapiens,
1476 1429 1551 1470 nisi
1577 1430 1681 1472 sorte

73 1359 154 1404 tus,
187 1366 303 1408 quem
323 1352 528 1394 duodecim
551 1353 704 1394 tabulae
723 1353 761 1394 in
783 1352 987 1393 funeribus
1006 1352 1182 1393 adbiberi
1201 1360 1430 1395 vetuerunt.

74 1509 119 1544 ut
137 1516 182 1544 se
207 1502 388 1544 intendat
407 1503 454 1544 ad
481 1503 704 1544 firmitatem
721 1536 731 1555 ,
775 1511 816 1544 ut
839 1503 876 1544 in
901 1504 1029 1544 stadio
1051 1518 1238 1544 cursores
1262 1504 1517 1556 exclamant,
1564 1519 1682 1561 quam

75 1587 192 1622 duram
219 1596 253 1621 et
285 1589 327 1622 ab
355 1589 481 1621 urbana
514 1589 657 1622 mollitia
693 1597 858 1622 remotum
897 1590 1019 1633 pant).
1036 1591 1073 1622 E.
1111 1591 1163 1622 Cf.
1190 1591 1279 1623 iufra
1303 1590 1345 1622 ad
1372 1592 1426 1623 lll.
1449 1593 1491 1630 ὃ,
1519 1592 1580 1625 1οι
1607 1594 1680 1625 ani·

75 1635 147 1680 agit
170 1646 348 1680 moresque
371 1635 542 1679 simplices
567 1635 726 1680 sequitur.
897 1639 940 1668 mi
964 1656 1008 1661 —
1036 1642 1156 1669 neentis.

135 1684 244 1723 ‘plane
266 1681 332 1726 vir]
361 1683 399 1716 V.
420 1681 464 1714 ad
487 1683 540 1714 tv.
565 1684 615 1721 19,
635 1683 690 1716 43.
717 1687 750 1715 ut
769 1685 860 1716 homo
967 1684 1190 1715 (Lu-xxm.
1217 1681 1272 1716 54.
1304 1685 1339 1716 t't
1360 1704 1404 1708 —
1424 1686 1598 1727 simillime]
1624 1684 1681 1717 Sic

75 1738 108 1760 v.
133 1727 177 1760 ad
205 1728 245 1759 ΙΙ.
275 1727 336 1770 17,
360 1728 415 1762 39.
896 1741 996 1774 saepe
1028 1730 1210 1772 particulae
1238 1734 1268 1761 u!
1299 1741 1363 1761 uon
1395 1733 1439 1762 sic
1471 1731 1522 1762 vel
1547 1734 1592 1763 ila
1621 1742 1681 1763 re·-

77 1777 80 1781 ’
144 1778 179 1807 ut
203 1784 303 1815 supra
327 1776 411 1817 dia-ij
441 1777 468 1820 ξ.
485 1774 540 1808 35.
898 1775 1063 1819 sponde-t,
1101 1776 1160 1807 sed
1183 1775 1272 1807 uliud
1298 1776 1392 1807 liuius
1419 1777 1550 1819 generis
1571 1788 1679 1809 voca-

145 1823 290 1853 am'mum
316 1823 509 1863 comprimit]
538 1823 670 1854 Animus
693 1821 862 1866 duplicem
899 1823 1023 1857 bulum,
1046 1822 1147 1853 veluti
1166 1826 1249 1854 item.
1287 1821 1342 1853 Sic
1362 1821 1451 1853 infru
1467 1824 1505 1853 V.
1524 1825 1564 1855 ὃς
1593 1823 1681 1856 Nam

75 1865 181 1899 habet
195 1865 486 1910 significationem.
513 1868 668 1903 Primum,
685 1880 784 1912 quum
803 1882 863 1912 op-
900 1873 932 1899 u!
964 1867 1032 1899 illic
1067 1867 1122 1899 alii
1150 1867 1347 1911 corporibus
1379 1868 1572 1901 exercitatis
1600 1869 1680 1912 glo-

901 1914 982 1946 riam
1007 1933 1052 1937 —
1078 1920 1250 1957 peterentr
1274 1933 1319 1938 —-
1349 1917 1421 1946 ilem
1447 1926 1509 1947 nos
1530 1935 1574 1940 —
1595 1915 1681 1948 alios

77 1958 138 1991 stri
156 1965 299 2003 partem,
326 1971 390 2004 qua
412 1960 560 2003 vigemus
579 1967 614 1991 et
629 1961 801 1997 sentimus,
829 1967 864 1991 ut

79 2005 138 2037 Ill.
165 2007 194 2045 l,
219 2007 257 2038 1:
291 2017 392 2049 quum
417 2013 607 2038 constemus
633 2017 674 2037 ex
696 2007 808 2039 animo
831 2012 864 2037 et

79 2061 232 2095 corpore.
282 2052 370 2084 Tum
405 2062 487 2083 vero
523 2051 760 2095 complectitur
790 2064 864 2084 eam

79 2096 179 2129 animi
195 2103 338 2140 partem.
360 2108 445 2140 quae
462 2097 531 2140 regi
549 2097 650 2129 (lebet
665 2098 795 2131 ratione
811 2099 864 2131 vel

78 2149 213 2181 mente,
239 2153 338 2186 quam
367 2143 488 2175 Graeci
510 2143 699 2188 exprimunt
722 2157 783 2189 per
807 2143 864 2180 τὸν

79 2186 190 2231 θυμὸν
215 2188 269 2220 vel
295 2186 334 2223 τὸ
358 2187 606 2233 ἐπιῖυμητικόν
634 2191 765 2234 gnobis:
804 2193 865 2224 das

81 2235 240 2268 Gemmh'l.
285 2234 373 2267 Hinc
396 2238 524 2268 animus
549 2236 672 2269 dicitur
695 2237 738 2269 de
762 2237 864 2270 animi

80 2279 277 2319 affectibus,
303 2281 520 2325 appetitibus,
543 2283 863 2327 perturbationibus,

81 2326 219 2359 omnino
240 2327 283 2359 de
300 2327 476 2360 voluntate
494 2335 528 2360 et
548 2329 730 2373 appetendi
753 2330 863 2363 facul-

78 2378 161 2405 tate.
185 2373 240 2406 Sic
255 2373 321 2406 Cic.
338 2385 399 2418 pro
412 2375 575 2407 Marcello
588 2377 646 2414 ΙΙΙ,
660 2380 700 2410 ὃς
719 2379 865 2409 animum

77 2421 221 2460 vincere,
246 2419 462 2453 'iracundiam
485 2421 661 2461 cohibere,
687 2423 866 2456 victoriam

80 2471 274 2509 temperare
296 2486 343 2491 —--
367 2466 452 2500 baec
473 2467 528 2512 qui
553 2468 657 2501 faciat
687 2489 732 2494 -—
756 2469 866 2502 simil-

79 2509 195 2544 limum
228 2511 294 2545 deo
317 2511 442 2546 iudico.
493 2513 594 2546 Unde
617 2522 740 2557 sponte
763 2523 866 2559 pate-

79 2555 151 2596 bit,
179 2557 266 2590 bene
291 2565 326 2591 et
349 2559 608 2593 accommodate
632 2560 755 2594 dixisse
778 2562 863 2595 Tul-

65 2601 162 2646 ‚lium
180 2607 325 2638 animum
342 2609 559 2647 comprimere,
579 2607 612 2639 h.
628 2618 658 2639 e.
679 2608 866 2640 vehemen-

81 2647 186 2682 tiores
209 2650 311 2682 autimi
336 2652 555 2690 affectiones,
591 2664 678 2697 quae
700 2662 866 2698 apparent

82 2691 120 2726 in
139 2694 312 2729 doloribus
332 2697 555 2731 intoleranter
580 2698 739 2740 ferendis,
768 2704 867 2733 coer-

86 2749 181 2780 cere,
205 2741 373 2786 frangere.
422 2744 477 2777 Sic
498 2744 588 2777 infra
614 2747 668 2777 lV.
700 2748 760 2780 les:
796 2749 869 2789 ani<

85 2793 158 2818 mus
175 2788 389 2830 perturbatus
410 2797 445 2823 et
463 2790 624 2824 incitatus
645 2803 709 2824 nec
730 2795 870 2825 cohibere

86 2838 119 2862 se
141 2838 276 2874 potest,
311 2846 375 2871 nec
405 2848 473 2880 quo
501 2836 578 2870 loco
606 2837 678 2870 vult
702 2838 870 2871 insistere.

87 2874 255 2926 Graecum
287 2891 410 2914 nomen
442 2883 554 2927 Βυμοῦ
589 2895 661 2916 rem
685 2884 794 2918 multo
820 2885 870 2917 si-

85 2920 300 2975 gnificantius¹
323 2927 498 2971 exprimit3
535 2929 674 2962 ductum
700 2937 751 2962 est
781 2930 870 2963 enim

85 2977 106 2998 a
130 2967 356 3022 verbo-Qum,
381 2969 450 3008 ἀπὸ
476 2974 542 3016 τῆς
565 2972 704 3014 θύσεως
728 2975 788 3010 καὶ
815 2977 871 3017 ζέ-

87 3022 180 3052 σεως
208 3024 275 3058 της
305 3018 445 3062 ψυχῆς,
476 3026 520 3053 nt
549 3020 599 3053 ait
620 3021 718 3055 Plato
745 3022 872 3066 Cratyl.

900 1960 1026 2002 gloriae
1044 1960 1179 1999 seruire,
1206 1959 1287 1992 alios
1308 1960 1480 2004 pecuniae.
1512 1962 1603 1994 Brut.
1616 1962 1678 1996 53:

903 2008 940 2038 Ue
955 2006 1091 2038 Crassus
1111 2026 1156 2031 —
1176 2018 1312 2038 exorsus
1334 2013 1394 2046 est,
1420 2010 1564 2040 simililer
1576 2009 1683 2041 Scae-

901 2051 1012 2085 volum
1035 2059 1098 2085 etc.
1141 2053 1183 2084 N.
1207 2054 1246 2085 D.
1272 2054 1313 2085 lll
1329 2079 1338 2094 ,
1369 2054 1424 2086 12:
1468 2056 1504 2087 Ul
1527 2073 1572 2079 —-
1597 2054 1683 2088 nihil

901 2105 988 2130 esset
1014 2119 1077 2136 —.
1102 2101 1246 2132 simililer
1272 2119 1310 2124 —
1338 2110 1402 2133 esse
1423 2104 1534 2141 potest.

968 2148 1150 2186 corporibus
1175 2166 1220 2170 —
1244 2148 1386 2188 animus]
1423 2148 1461 2179 Iu
1489 2146 1684 2180 abstracto-

898 2203 972 2223 rum
997 2191 1171 2225 nominum
1189 2192 1426 2225 coniunctione
1441 2205 1545 2237 saepe
1565 2205 1583 2226 a
1603 2193 1684 2238 plu-

899 2237 1009 2271 rativo
1032 2250 1170 2271 numero
1192 2239 1234 2270 ad
1256 2238 1472 2282 singularem,
1494 2239 1548 2272 vel
1570 2252 1589 2273 a
1609 2239 1685 2272 sin-

900 2284 1007 2328 gulari
1036 2284 1079 2317 ad
1107 2285 1309 2329 plurativum
1342 2285 1543 2319 deflectitur.
1591 2286 1685 2319 Infra

901 2332 959 2363 ΙΙΙ.
990 2331 1050 2369 10,
1075 2331 1140 2364 23:
1180 2335 1286 2373 aeyris
1316 2331 1405 2364 enirn
1429 2335 1613 2374 corporibus
1634 2332 1685 2364 si-

900 2377 1038 2409 millima
1059 2385 1110 2409 est
1130 2381 1230 2410 animi
1250 2379 1437 2420 aegritudo.
1467 2380 1522 2411 IV.
1545 2380 1596 2418 10,
1615 2378 1682 2411 ⁴23:

901 2423 980 2456 dnm
1005 2426 1122 2456 morbis
1147 2434 1326 2468 corporum
1351 2432 1564 2469 comparatur
1587 2435 1683 2456 mor·

901 2470 1020 2503 borum
1036 2473 1138 2502 animi
1153 2470 1350 2504 similitudo.
1375 2473 1416 2504 V.
1431 2473 1486 2509 ὀύ,
1504 2472 1584 2504 110:
1604 2480 1683 2502 mo-

899 2524 952 2548 tus
978 2518 1079 2549 animi
1101 2516 1290 2555 leniuntur,
1313 2517 1478 2550 traductis
1501 2518 1618 2549 animis
1638 2514 1684 2548 ad

901 2562 1123 2607 voluptatem.
1174 2562 1225 2595 Cf.
1249 2563 1420 2596 Adnotata
1440 2563 1473 2594 in
1496 2563 1520 2594 Ι.
1547 2562 1598 2600 les,
1617 2558 1680 2594 4¹2:

899 2611 969 2649 Ila,
1004 2611 1069 2641 sive
1093 2610 1302 2651 dissipantur.
1352 2611 1393 2643 V.
1416 2620 1478 2641 nos
1502 2607 1536 2640 in
1561 2607 1620 2640 Gr.
1640 2606 1683 2640 L.

902 2655 931 2699 ς.
948 2656 1012 2687 104
1025 2681 1032 2693 ‚
1065 2656 1075 2687 l

970 2703 1110 2734 remissis
1132 2701 1330 2745 opprimunt]
1357 2702 1409 2732 Sc.
1435 2701 1596 2732 ferentes.

972 2747 1027 2779 55.
1052 2748 1257 2789 Ingemiscere
1278 2756 1506 2787 nonnunquam
1526 2748 1596 2778 viro
1612 2755 1686 2779 con·

903 2802 1025 2825 cessum
1044 2797 1100 2833 est,
1124 2795 1218 2833 idque
1237 2795 1327 2835 raro]
1353 2794 1587 2833 Nonnunquam
1611 2803 1687 2824 cum

904 2849 1084 2872 concessum
1104 2843 1159 2878 est,
1182 2849 1258 2870 raro
1283 2849 1357 2870 cum
1378 2840 1578 2879 in9emiscere
1601 2849 1687 2871 con-

904 2884 1111 2928 iungendum
1127 2890 1187 2916 est.
1219 2882 1414 2915 Sententia:
1437 2883 1689 2929 Nonnunquam

907 2930 1106 2963 conceditur
1128 2929 1223 2969 viro,
1264 2936 1300 2961 ut
1327 2929 1547 2973 ingemiscat,
1583 2929 1688 2964 modo

907 2976 1050 3021 gemitus
1077 2986 1146 3007 non
1172 2974 1328 3011 crebros,
1354 2975 1415 3008 sed
1438 2988 1533 3010 raros
1557 2976 1650 3011 edat.

988 3023 1157 3055 duodecim
1189 3021 1332 3067 tabulae]
1375 3023 1454 3068 Ipsa
1488 3023 1607 3058 harum
1633 3030 1692 3057 ta-

1301 3084 1359 3120 11
