1843 3101
195 61 278 104 ‘240

194 153 231 194 ei
267 152 386 194 fuerit
418 151 692 207 concupitum,
739 157 820 191 tum
855 151 983 192 fertur
1022 151 1250 204 alacritate,
1299 158 1338 193 ut
1381 151 1478 194 nihil
1518 153 1557 195 ei
1597 162 1769 207 constet,

192 227 282 282 quid
305 234 414 282 agat:
450 226 583 276 utine,
618 225 683 281 qui
700 225 965 280 voluptatem
981 227 1114 268 animi
1127 228 1302 268 nimiam
1319 239 1522 269 summum
1541 241 1634 271 esse
1649 242 1772 271 erro-

189 315 281 344 rem
300 301 525 342 arbitratur.
558 299 710 341 Eorum
726 300 846 355 igitur
862 300 1051 342 malorum
1068 300 1108 341 in
1125 315 1204 342 una
1218 301 1364 343 virtute
1379 302 1503 357 posita
1521 303 1674 345 sanatio
1691 311 1768 345 est.

302 373 423 416 XVI.
470 374 573 430 Quid
598 383 725 416 autem
761 382 822 416 est
857 390 936 416 non
970 375 1152 416 miserius
1188 374 1337 427 solum,
1383 376 1452 417 sed
1480 376 1631 419 foedius
1652 378 1770 420 etiam
1814 427 1815 430 Ἴ

191 457 229 490 et
254 449 490 500 deformius,
538 463 649 504 quam
683 449 930 504 aegritudine
962 450 1048 504 quis
1080 449 1267 501 afflictus,
1315 449 1560 504 debilitatus,
1605 452 1768 494 iacens?

774 70 942 103 LIBER
968 72 1024 105 tv.
1052 68 1112 113 16,
1137 69 1192 106 36.

911 524 973 579 qui
999 525 1311 580 appropinquans
1335 524 1490 580 aliquod
1516 526 1657 567 malum
1685 540 1769 568 me-

1003 598 1132 652 Quam
1164 599 1242 639 vim
1275 599 1362 639 mali
1388 598 1654 654 significantes
1674 606 1768 658 poe·-

189 521 264 565 Cui
287 523 469 564 miseriae
492 523 694 579 proximus
725 532 785 564 est
805 524 838 564 is
854 557 865 575 ,

186 598 261 639 tuit
285 597 611 652 exanimatusque
637 599 780 654 pendet
804 599 938 639 animi.

186 679 249 714 tae
280 672 504 727 impendere
536 673 635 727 apud
666 673 814 714 inferos
846 687 987 714 saxum
1020 672 1198 714 Tantalo,
1226 673 1375 714 faciunt

363 735 417 786 Ob
446 749 590 786 scelera
619 751 807 800 animique
838 750 1092 800 impotentiam
1122 751 1160 787 (ἲί
1188 750 1582 802 superbiloquentiam.

160 872 161 876 Ἰ
183 819 246 862 Ea
267 821 485 862 communis
507 835 632 876 poena
651 822 839 863 stultitiae
865 829 939 862 est.
1004 820 1198 863 Omnibus
1221 822 1340 874 enim,
1375 837 1538 878 quorum
1564 836 1675 864 mens
1698 822 1764 864 ab·

183 883 319 937 horret
350 910 371 936 a
404 896 582 946 ratione,
627 910 784 950 semper
815 896 931 950 aliqui
965 896 1050 936 talis
1084 903 1215 937 terror
1246 896 1459 952 impendet.
1527 903 1598 939 56.
1633 895 1765 952 Atque

182 977 226 1011 ut
248 970 317 1011 hae
346 969 522 1010 tabificae
545 972 686 1010 mentis
709 970 1025 1024 perturbationes
1049 976 1161 1021 sunt,
1208 971 1492 1025 aegritudinem
1513 971 1599 1012 dico
1625 979 1665 1012 et
1683 985 1765 1013 me-

182 1051 286 1095 tum,
333 1044 389 1083 sic
413 1043 616 1084 hilariores
640 1044 727 1083 illae
744 1076 754 1095 ,
801 1043 991 1098 cupiditas
1015 1044 1128 1084 avide
1150 1058 1308 1100 semper
1333 1045 1477 1100 aliquid
1501 1052 1694 1100 expetens
1724 1053 1764 1087 et

181 1118 311 1162 inanis
345 1118 553 1169 alacritas,
606 1119 643 1158 id
678 1125 739 1159 est
773 1118 918 1159 laetitia
947 1119 1147 1173 gestiens,
1194 1133 1273 1160 non
1306 1119 1467 1160 multum
1500 1119 1686 1161 differunt
1714 1119 1762 1161 ab

181 1192 367 1234 amentia.
1255 1207 1369 1248 quem
1389 1200 1469 1234 tum
1496 1194 1758 1246 moderatum,

179 1267 277 1309 alias
303 1267 546 1317 modestum,
582 1273 659 1307 tum
693 1274 974 1322 temperantem
992 1299 1002 1319 ,
1037 1267 1133 1308 alias
1151 1274 1396 1309 constantem
1415 1268 1760 1323 continentemque

430 1191 496 1232 Ex
516 1207 590 1247 quo
612 1192 863 1248 intelligitur,
912 1193 1034 1247 qualis
1056 1193 1120 1234 ille
1138 1193 1211 1245 sit,

179 1342 366 1392 dwimus3
421 1355 699 1395 nonnunquam
735 1341 831 1382 haec
865 1342 1000 1382 eadem
1034 1342 1226 1383 vocabula
1254 1342 1300 1383 ad
1335 1342 1569 1397 frugalitatis
1598 1357 1758 1396 nomen,

178 1423 359 1471 tanquam
394 1416 441 1456 ad
473 1423 608 1471 caput,
655 1416 807 1456 referre
829 1416 1025 1456 volumus.
1090 1414 1205 1470 Quod
1233 1416 1309 1458 nisi
1337 1430 1385 1457 eo
1410 1416 1569 1458 nomine
1592 1418 1760 1459 virtutes

177 1491 497 1541 continerentur,
541 1505 737 1545 nunquam
772 1491 827 1531 ita
852 1491 1117 1546 pervulgatum
1139 1491 1230 1532 illud
1259 1498 1389 1543 esset,
1423 1498 1467 1532 ut
1497 1491 1573 1532 iam
1596 1506 1759 1548 prover-

174 1564 227 1605 bii
257 1564 386 1605 locunl
420 1564 639 1617 obtineret,

174 1661 285 1695 Verba
308 1664 524 1702 impotentiam
546 1682 591 1686 —
616 1664 815 1694 dissidentem
843 1662 951 1695 inser-

173 1708 267 1741 viunt
290 1708 491 1751 explicandis
508 1707 618 1739 verbis
632 1711 818 1748 appetitione
838 1711 950 1750 nimia,

174 1761 210 1786 ut
233 1753 318 1786 lianc
339 1753 404 1785 vim
428 1754 593 1785 habeant:
630 1757 817 1794 appetitione
836 1757 948 1795 nimia,

173 1801 202 1832 h.
218 1810 243 1832 e.
264 1802 445 1841 impotentia
462 1802 604 1841 quadam
619 1819 663 1823 —
678 1801 865 1840 dissidente;
889 1780 948 1831 sed

175 1845 334 1878 eiusmodi
351 1846 590 1888 explicationes
607 1845 727 1877 latinus
749 1857 859 1877 sermo
879 1857 947 1877 non

174 1898 331 1935 tanquam
349 1891 576 1935 appositiones
592 1890 802 1923 antecedenti
820 1891 947 1923 nomini

173 1936 348 1980 adiungit,
386 1937 445 1969 sed
478 1937 693 1981 subsequenti
726 1936 947 1968 enuntiationi

172 1982 332 2014 relativae
368 1982 546 2026 subiungit.
603 1984 642 2015 V.
679 1995 740 2015 uos
765 1983 796 2014 in
823 1983 882 2015 Gr.
907 1984 944 2016 L.

173 2027 202 2070 (j.
218 2026 291 2060 145.
314 2028 394 2060 Not.
412 2028 460 2061 13.
486 2041 517 2072 p.
531 2030 610 2062 3-58.
636 2029 687 2061 ed.
707 2032 738 2060 2.

238 2075 428 2113 voluptatem
455 2094 498 2098 —-
521 2074 669 2118 errorem]
707 2073 864 2117 Respexit
889 2073 946 2105 Ci-

174 2130 250 2151 cero
284 2131 415 2150 versum
451 2120 618 2158 Trabeae,
658 2123 779 2163 poetae
815 2120 945 2161 comici,

174 2164 263 2196 cuius
284 2164 390 2206 prima
414 2175 489 2207 pars
513 2165 554 2196 de
571 2166 673 2197 Finib.
696 2167 737 2197 Il.
761 2163 792 2205 4,
818 2167 869 2198 155.
894 2166 945 2196 le-

171 2209 260 2252 gitur
276 2209 340 2241 sic:
359 2211 446 2242 tanta
462 2213 579 2243 laetitia
593 2214 705 2244 auctus
720 2222 801 2251 sum,
822 2215 855 2243 ut
869 2213 946 2244 nihil

171 2256 293 2288 cdnstet.

241 2300 320 2332 Car.
333 2301 426 2332 XVl.
448 2302 531 2340 Quid
549 2306 653 2334 autem
672 2303 729 2343 est]
755 2304 882 2334 Beierus
901 2301 944 2333 ad

173 2346 270 2379 Offic.
284 2347 326 2378 II.
344 2347 394 2383 15,
420 2347 474 2378 54.
498 2347 598 2378 verba
624 2347 671 2378 sic
692 2348 943 2390 transponenda

173 2399 304 2424 censet:
342 2393 418 2431 quid
439 2395 481 2423 est
507 2396 633 2432 autem‚·
668 2392 709 2423 de
734 2404 798 2435 quo
826 2393 943 2424 ordine

171 2450 203 2470 v.
226 2450 309 2481 quae
334 2437 474 2473 (liuimus
496 2437 538 2469 ad
561 2438 586 2468 1.
609 2437 672 2475 27,
695 2437 772 2475 663
798 2438 855 2469 sed
875 2438 941 2469 ibi-

171 2483 248 2515 dem
271 2483 430 2522 vidimus,
465 2482 553 2515 hunc
584 2482 759 2513 verborum
792 2483 942 2515 ordinem

171 2540 407 2572 nonnunquam
421 2555 428 2566 ,
453 2528 511 2560 sed
536 2539 611 2560 raro
625 2553 632 2566 ,
660 2539 678 2558 a
692 2527 803 2559 Tullio
825 2529 942 2571 negle-

173 2581 262 2607 ctum
287 2587 319 2606 es
322 2586 368 2606 se.
420 2575 529 2614 Quare
564 2573 644 2605 nihil
666 2578 793 2604 mutare
825 2574 941 2605 ¹iudeo.

235 2622 348 2661 pendet
368 2622 481 2661 animi]
507 2620 657 2662 Supral.
681 2621 737 2656 40,
757 2618 819 2651 ‘61
843 2619 942 2658 Quod

171 2666 198 2698 si
221 2665 445 2709 exspectando
472 2671 506 2697 et
529 2663 749 2696 deS1de1ando
769 2666 941 2703 pendemus

171 2714 306 2752 animis,
331 2711 524 2751 cruciamur,
550 2710 710 2754 angimur.
732 2707 773 2740 de
789 2710 890 2752 Legg
917 2711 939 2741 1.

171 2757 205 2796 ὃ,
229 2757 269 2790 9:
295 2768 357 2800 ego
379 2759 477 2790 animi
493 2759 625 2797 pendere
647 2755 751 2787 soleo.
776 2754 818 2786 ad
838 2754 937 2786 Attic.

169 2783 259 2834 v'ssl.
284 2804 324 2841 ἶ),
347 2803 388 2835 2:
425 2804 538 2843 pendet
569 2803 669 2834 animi
692 2799 939 2854 exspectatione

173 2847 378 2879 Corfiniensi.
404 2847 650 2887 1bid.16,1’:
690 2849 790 2878 animi
821 2848 939 2886 pendeo

172 2899 206 2922 et
227 2892 269 2924 de
291 2900 325 2925 te
347 2900 381 2925 et
405 2893 447 2925 de
468 2905 531 2927 me.
571 2895 609 2925 In
629 2892 692 2924 hac
713 2891 938 2935 similibusque

170 2934 392 2970 locutionibus
412 2942 511 2972 animi
532 2951 599 2971 non
618 2950 718 2981 pm,³
702 2937 857 2977 venium,
878 2936 938 2969 sed

169 2992 232 3025 pro
253 2985 406 3026 locativo,
430 2991 467 3017 ut
489 2985 523 3017 in
545 2986 643 3025 domi,
666 2986 753 3017 humi
773 2989 851 3016 cett.
872 2983 938 3016 ha-

684 1564 893 1606 hominem
925 1565 1051 1621 frugi
1084 1567 1228 1607 omnia
1256 1571 1376 1608 recte
1405 1564 1575 1621 facere.

1638 1565 1756 1621 Quod

984 1662 1128 1694 bendum
1148 1669 1208 1701 est,
1230 1662 1321 1706 quod
1340 1662 1392 1695 vel
1410 1674 1450 1695 ex
1469 1674 1509 1696 eo
1527 1669 1632 1708 patet,
1655 1664 1757 1708 quod,

984 1708 1038 1740 ubi
1061 1708 1104 1740 de
1129 1708 1276 1751 pluribus
1307 1709 1437 1752 agitur,
1474 1720 1542 1742 non
1567 1713 1758 1750 animorum,

984 1754 1043 1786 sed
1066 1757 1227 1787 animis
1248 1756 1382 1794 pendere
1403 1754 1533 1787 dicitur.
1583 1756 1621 1787 V.
1643 1767 1704 1788 nos
1722 1756 1758 1788 in

986 1800 1042 1831 Gi.
1059 1800 1233 1845 L..§1to'.
1250 1798 1374 1833 Not-4.
1397 1801 1484 1833 et5.
1512 1800 1636 1851 p.236.
1659 1800 1755 1834 ed.2.

983 1845 1091 1877 Etiam
1113 1845 1308 1888 simpliciter
1326 1847 1460 1887 pendere
1479 1845 1543 1878 hac
1559 1844 1593 1878 vi
1609 1846 1755 1889 ponitur.

1053 1893 1097 1924 Ob
1119 1891 1248 1935 scelera]
1272 1892 1330 1923 Est
1353 1903 1464 1923 versus
1484 1891 1673 1924 trochaicus
1696 1904 1755 1924 ea-

985 1937 1169 1970 talecticus.
1207 1936 1316 1969 Vei-:bi
1338 1937 1440 1969 latina
1461 1936 1666 1981 respondent
1685 1937 1756 1970 fere

981 1983 1107 2025 giaecis
1126 1995 1178 2026 ψ.
1195 1983 1270 2014 Eur.
1289 1979 1477 2017 α’κό)αστον
1493 1983 1752 2026 (impotentiam)

983 2028 1063 2081 ἔσχε
1091 2029 1250 2072 γὶῶσσα)
1287 2028 1540 2073 (ειιρεὼίΙοςη)
1576 2027 1754 2074 αἰσχίστην

982 2072 1087 2109 μέσον.
1138 2074 1233 2106 Unde
1255 2082 1367 2106 autem
1389 2086 1502 2107 versus
1530 2081 1680 2118 sumptus
1698 2075 1752 2115 sit,

982 2132 1048 2152 non
1076 2126 1216 2152 constit.

1057 2168 1157 2206 aliqui
1183 2168 1256 2198 tatis
1280 2167 1392 2208 terror]
1426 2167 1532 2207 Aliqui
1563 2165 1605 2198 ab
1638 2167 1755 2207 aliquis

981 2211 1027 2243 ita
1061 2211 1192 2250 diflert,
1239 2218 1273 2242 ut
1307 2214 1360 2252 qui
1389 2223 1406 2243 a
1439 2214 1528 2253 quis3
1571 2214 1671 2252 aliqui
1702 2217 1754 2243 est

980 2258 1088 2288 forma
1112 2256 1288 2295 adiectivi,
1322 2259 1438 2297 aliquis
1460 2257 1569 2290 forma
1594 2256 1752 2290 substan-

979 2302 1051 2334 tivi.
1115 2303 1151 2334 V.
1177 2314 1236 2334 nos
1269 2302 1302 2333 in
1330 2302 1389 2333 Gr.
1406 2303 1445 2334 L.
1467 2299 1592 2338 §.124
1616 2303 1698 2335 Not.
1716 2303 1750 2335 2.

978 2348 1100 2391 9273.
1123 2347 1173 2380 ed.
1188 2350 1220 2380 2.
1258 2347 1309 2379 Cf.
1335 2358 1433 2390 supra
1455 2349 1480 2379 I.
1505 2347 1555 2387 11,
1575 2347 1640 2382 23:
1667 2347 1748 2380 deus

979 2396 1078 2434 aliqui
1113 2393 1243 2425 viderit.
1288 2393 1328 2426 V.
1351 2393 1415 2432 21,
1434 2392 1500 2426 62:
1538 2393 1589 2425 cui
1618 2404 1751 2436 semper

976 2441 1075 2479 aliqui
1098 2446 1208 2471 terror
1226 2438 1430 2482 impendeat.
1463 2438 1505 2470 ad
1527 2439 1618 2470 Fam.
1642 2437 1684 2478 7,
1712 2438 1748 2471 1:

977 2484 1075 2516 dolor
1098 2486 1206 2525 aliqui.
1247 2485 1289 2516 N.
1315 2485 1352 2515 D.
1387 2485 1444 2517 ΙΙΙ.
1466 2483 1530 2523 38,
1555 2482 1619 2516 91:
1643 2482 1747 2516 iratus

975 2532 1075 2570 aliqui
1095 2530 1184 2561 deus.
1219 2529 1261 2561 de
1282 2530 1363 2572 Rep.
1381 2531 1404 2562 Ι.
1424 2525 1479 2568 44,
1500 2527 1566 2561 683
1591 2527 1748 2572 deligitur

975 2577 1074 2614 aliqui
1091 2576 1284 2618 plerumque
1303 2574 1379 2607 dux.
1391 2574 1436 2606 ib.
1450 2574 1508 2604 Ill.
1525 2572 1578 2612 16,
1597 2573 1661 2606 26:
1686 2577 1748 2607 ali-

974 2623 1027 2660 qui
1048 2632 1195 2662 sci-upus.
1243 2624 1288 2652 At
1309 2619 1419 2652 multis
1439 2618 1518 2650 locis
1538 2618 1628 2661 apud
1650 2619 1747 2652 Cice—

975 2677 1089 2696 ionem
1113 2665 1232 2707 legitur
1257 2667 1389 2705 aliquis,
1416 2663 1468 2695 ubi
1492 2672 1664 2706 exspectes
1686 2667 1746 2697 ali·
1793 2672 1804 2678 “

974 2712 1038 2749 qui,
1061 2717 1095 2741 ut
1109 2721 1208 2752 supra
1226 2712 1250 2742 I.
1265 2711 1319 2748 34,
1340 2714 1394 2743 δέ.
1411 2709 1443 2741 in
1461 2709 1612 2741 omnibus
1631 2710 1743 2743 libris:

975 2757 1089 2794 aliquis
1114 2755 1221 2787 dolor.
1267 2755 1308 2786 ΙΙ.
1329 2755 1384 2794 20,
1406 2752 1471 2787 46ε
1499 2754 1595 2787 dolor
1618 2759 1743 2798 aliquis.

975 2801 1029 2831 IV.
1043 2802 1098 2839 21,
1115 2800 1176 2833 43:
1199 2800 1393 2832 pacidianus
1416 2802 1540 2841 aliquis.
1576 2801 1674 2834 Unde
1691 2814 1743 2834 se-

974 2845 1103 2889 quitur,
1135 2853 1171 2878 ut
1202 2846 1267 2877 iam
1292 2845 1461 2878 Ciceronis
1493 2853 1603 2879 aetate
1633 2847 1744 2880 forma

973 2890 1169 2923 substantivi
1186 2893 1302 2933 aliquis
1318 2891 1419 2923 etiam
1439 2903 1501 2935 pro
1517 2893 1627 2925 forma
1646 2892 1743 2925 adie-

973 2936 1051 2969 ctivi
1073 2939 1173 2978 aliqui
1195 2936 1344 2980 usurpari
1365 2944 1487 2981 coepta
1506 2937 1566 2971 sit:
1591 2938 1648 2982 qui
1666 2949 1742 2971 usus
1800 2948 1802 2950 ·

971 2989 1089 3028 postea
1113 2982 1295 3016 communis
1319 2982 1429 3016 factus
1452 2989 1512 3016 est.
