1859 3117
1616 71 1673 115 39

79 174 190 218 tura,
237 178 318 206 non
340 163 486 206 litteris
505 161 678 204 assecuti
698 169 806 214 sunt,
841 175 970 218 neque
994 176 1083 204 cum
1104 159 1302 213 Graecia,
1335 175 1464 217 neque
1485 161 1562 202 ulla
1581 176 1669 203 cum

77 247 198 296 gente
219 246 312 282 sunt
328 237 582 280 conferenda.
623 235 739 291 Quae
759 237 862 278 enim
883 244 988 278 tauta
1012 237 1205 293 gravitas,
1231 250 1332 293 quae
1353 243 1462 278 tanta
1484 243 1669 278 constan-

28 350 35 353 .
73 315 147 368 -tia,
178 314 405 370 magnitudo
425 312 560 364 animi,
594 312 786 369 probitaS,
820 311 932 363 fides,
968 326 1066 367 quae
1087 319 1165 353 tam
1188 312 1392 354 excellens
1415 312 1456 352 in
1475 312 1580 352 omui
1599 325 1667 366 ge—

701 79 1050 124 LlBER1.1,3.

77 403 174 432 nere
197 389 325 431 virtus
358 388 400 429 in
425 388 513 429 ullis
538 387 633 440 fuit,
679 394 724 429 ut
758 387 811 428 sit
837 401 926 428 curn
954 387 1167 429 maioribus
1194 387 1341 429 nostris
1373 387 1668 443 comparanda?

77 471 119 507 5.
152 462 348 506 Doctrina
363 461 535 505 Graecia
556 477 629 504 nos
654 469 694 504 et
715 462 820 504 omni
843 461 1065 503 litterarum
1088 476 1235 520 genere
1252 461 1489 518 superabat:
1524 461 1564 503 in
1590 475 1666 518 quo

74 545 162 581 erat
183 538 297 580 facile
318 538 482 581 vincere
513 552 592 580 non
613 544 898 593 repugnantes.
960 535 1065 578 Nam
1100 552 1217 592 quum
1240 538 1339 593 apud
1362 536 1542 579 Graecos
1565 537 1665 578 anti-

75 613 306 670 quissimum
328 627 350 654 c
369 613 495 654 doctis
515 627 640 668 genus
661 613 709 653 sit
735 617 938 668 poe’tarum
956 629 967 663 3
1001 611 1193 667 siquidem
1212 611 1412 653 Homerus
1435 612 1508 653 suit
1527 619 1566 653 et
1583 611 1664 652 He-

75 689 218 730 siodus.
234 694 327 729 ante
349 686 519 728 Romam
546 687 758 739 conditam,
792 686 1059 728 Archilochus
1084 693 1278 742 regnante
1301 685 1501 738 Romulo3
1535 686 1664 728 serius

73 762 265 819 poeticam
289 776 366 804 nos
383 762 623 818 accepimus.
667 761 798 803 Annis
823 763 906 803 sere
928 777 983 803 nx
1002 769 1091 818 post
1110 760 1280 802 Romam
1306 761 1501 801 conditam
1522 759 1664 803 Livius

72 837 242 879 fabulam
260 837 382 889 dedit,
411 834 461 879 C.
484 834 667 889 Claudio,
702 835 823 879 Caeci
845 837 939 889 filio,
972 835 1035 878 M.
1061 835 1261 878 Tuditano
1280 836 1526 888 consulibus,
1559 851 1663 877 auno

71 919 162 954 ante
183 918 319 953 natum
341 910 531 953 Ennium.
567 912 649 968 [qui
674 912 747 953 fuit
767 912 893 953 maior
911 919 1022 964 natu,
1050 926 1164 967 quam
1187 909 1353 953 Plautus
1378 919 1418 952 et
1440 909 1660 966 Naevius]

72 997 195 1030 dicere.
219 997 262 1040 5,
291 997 355 1030 10:
393 997 468 1030 Nec
497 1004 532 1029 te
563 998 603 1030 L.
629 998 763 1030 Crassus
795 999 849 1030 de·
883 1002 922 1031 sit
959 1000 1179 1039 comparanda
1221 997 1291 1031 noli
1328 996 1494 1040 explicare
1531 998 1665 1036 conferri

72 1046 197 1086 sendet,
219 1054 283 1075 nec
299 1044 345 1076 M.
369 1043 544 1076 Antonius.
570 1044 611 1075 V.
640 1044 691 1082 13,
717 1043 780 1077 37:
813 1051 849 1075 ut
880 1048 1031 1085 possunt,
1068 1047 1251 1084 comparari
1282 1046 1403 1085 possit:
1436 1042 1495 1075 sed
1521 1042 1664 1074 alterum

72 1095 130 1122 aut
151 1088 260 1128 ssoreS,
285 1088 479 1132 aut‘fruges
502 1091 635 1130 fundat,
660 1096 717 1121 aut
739 1089 847 1121 bacas.

72 1136 113 1168 V.
133 1146 195 1168 uos
211 1134 247 1167 in
268 1135 326 1168 Gr.
344 1135 384 1166 L.
408 1133 526 1172 §.162
546 1136 577 1168 5.
600 1147 634 1179 p.
646 1136 724 1168 409.
749 1135 801 1166 ed.
815 1137 846 1166 2.

72 1183 185 1214 Melius
207 1179 250 1212 ad
269 1191 380 1213 mores
404 1187 438 1212 et
457 1180 630 1220 instituta,
663 1183 783 1212 lautius
806 1180 848 1212 ad

71 1238 125 1260 τω
149 1225 350 1258 domesticas
376 1233 410 1258 et
431 1225 611 1258 familiares
633 1226 847 1258 referendum

72 1278 135 1305 est.
183 1273 314 1312 Melius,
348 1278 386 1304 ut
409 1271 455 1304 ita
479 1271 609 1311 dicam,
646 1278 778 1316 spectat
805 1271 848 1303 ad

70 1317 172 1351 animi
185 1318 338 1353 virtutes,
359 1319 479 1350 lautius
492 1317 534 1350 ad
548 1326 720 1351 externum
736 1317 848 1362 splen-

70 1364 200 1403 dorem,
222 1363 518 1407 magnificentiam‚
539 1364 756 1408 opulentiam.
795 1363 849 1396 Sic

70 1411 210 1444 Terent.
228 1409 370 1454 Adelph.
395 1411 436 1442 V.
459 1410 550 1450 1‚,2:
575 1411 750 1455 Lauteque
772 1421 847 1443 mu-

70 1467 132 1489 nus
156 1455 395 1488 administrasti
418 1462 539 1491 tuum,

138 1503 233 1545 certe]
259 1501 466 1545 lungendum
483 1509 534 1534 est
555 1515 629 1536 cum
648 1502 753 1535 verbo
773 1506 849 1534 tem-

67 1557 136 1590 per.
169 1547 399 1592 significatque
419 1548 511 1580 idem
537 1549 610 1582 fere
631 1549 665 1581 h.
688 1549 731 1587 1.‚
758 1547 849 1592 quod

69 1593 274 1626 antecedens
305 1597 465 1636 profecto,·
501 1607 635 1639 semper
658 1595 745 1627 enim
771 1599 850 1627 certe

69 1639 175 1673 habet
198 1639 265 1672 vim
297 1640 554 1679 affirmativam,
592 1641 689 1684 ponit
713 1640 850 1684 aliquid,

69 1697 140 1721 non
161 1685 337 1725 concedit;
361 1687 422 1718 sed
434 1687 614 1720 affirmatio
629 1694 745 1730 potest
765 1698 847 1723 esse,

16 1762 19 1765 Δ
71 1737 110 1764 ut
125 1731 265 1764 barbare
283 1731 412 1776 loquar,
436 1740 493 1765 aut
509 1737 693 1774 subiectiva,
717 1733 738 1765 i.
756 1744 784 1765 e.
807 1731 849 1764 ad

70 1777 239 1830 loquentis
260 1777 420 1811 iudicium
441 1780 569 1819 relata,
605 1786 662 1811 aut
686 1781 850 1819 obiectivo,

69 1835 93 1855 ι’.
114 1835 144 1856 e.
178 1823 222 1856 ad
245 1823 374 1856 factum
403 1826 529 1865 relata3
563 1825 621 1858 illa
644 1824 861 1868 significatur>

70 1869 237 1902 vocabulo
259 1874 359 1911 certe,
393 1871 478 1904 haec
506 1871 674 1904 vocabulo
700 1873 848 1912 profecto.

73 1915 128 1948 Cf.
152 1915 242 1948 infra
266 1927 294 1948 c.
319 1918 378 1956 ll,
413 1915 470 1951 24.
511 1930 538 1950 c.
563 1918 627 1957 32,
652 1917 708 1951 78.
761 1918 850 1949 Certo

70 1960 237 2004 significat
258 1961 444 2002 rationem,
468 1975 533 2007 qua
554 1963 627 2006 quis
645 1962 688 1994 ad
712 1960 848 1994 alicuius

70 2007 120 2039 rei
148 2007 375 2051 cognitionem
406 2009 461 2041 vd
492 2008 650 2040 iudicium
683 2006 848 2050 pervenit.

71 2053 112 2086 V.
136 2064 199 2085 nos
222 2053 257 2085 in
279 2054 339 2086 Gr.
364 2055 404 2085 L.
439 2054 561 2088 «133.
586 2066 621 2097 p.
635 2052 712 2086 327.
743 2051 797 2084 ed.
815 2052 849 2084 2.

139 2101 406 2141 temperaverunt]
430 2101 471 2131 V.
497 2099 540 2131 ad
564 2100 589 2130 I.
619 2099 678 2138 10,
703 2097 759 2130 21.

140 2144 325 2188 disciplina]
360 2145 476 2176 virtuti
499 2144 675 2188 opposita,
701 2150 752 2175 est
766 2155 851 2188 pru-

73 2189 189 2222 dentia
211 2189 260 2222 rei
283 2189 435 2222 militaris
456 2189 852 2234 (Kriegswissenschaft).

141 2237 212 2268 Iam
234 2235 306 2279 illa]
332 2238 423 2277 Iam,
445 2244 481 2269 ut
500 2234 558 2279 δή,
584 2236 775 2268 transitioni
795 2236 851 2267 in-

74 2280 178 2314 servit
197 2280 241 2313 ad
258 2293 347 2320 rem,
373 2281 508 2325 dignam
526 2282 666 2321 scilicet,
691 2282 735 2314 ad
753 2294 852 2326 quam

76 2326 222 2360 animum
243 2327 467 2360 advertamus.

139 2374 200 2406 illa
217 2393 269 2403 .-
288 2384 387 2415 neque
407 2385 481 2407 cum
500 2376 647 2415 Graecia,
670 2384 768 2415 neque
787 2375 855 2405 ulla

75 2429 147 2452 cum
179 2424 267 2460 yeme
297 2424 370 2453 sunt
399 2420 602 2464 confermida]
639 2419 855 2464 Comparatio

76 2476 162 2509 qnae
185 2465 308 2497 dicitur
330 2465 599 2509 compendiaria,
626 2478 690 2510 qua
714 2465 851 2510 praedi-

77 2519 187 2543 catum
219 2511 274 2543 vel
306 2512 505 2544 attributum
538 2512 676 2544 alicuius
709 2512 756 2544 rei
787 2522 854 2543 non

78 2567 153 2588 cum
170 2556 365 2600 praedicato
383 2557 438 2590 vel
458 2558 621 2590 attributo
641 2558 776 2590 alterius
796 2558 855 2597 rei,

77 2602 145 2634 sed.
157 2614 232 2635 cum
248 2602 322 2646 ipsa
341 2615 389 2643 re,
415 2603 467 2636 cui
486 2603 713 2646 praedicatum
734 2603 857 2635 adhae-

78 2654 149 2686 ret,
170 2653 407 2692 'comparatnin
463 2649 575 2682 Veluti
609 2650 721 2694 paullo
755 2656 853 2693 post:

79 2703 164 2736 quae
183 2700 254 2727 tam
273 2694 439 2727 excellens
461 2695 496 2727 in
521 2696 612 2727 omni
636 2707 758 2739 genere
784 2696 855 2727 vir-

79 2744 134 2771 tus
163 2739 200 2772 in
230 2740 305 2772 ullis
335 2741 417 2780 fuit,
453 2748 490 2773 ut
512 2741 555 2774 sit
578 2753 652 2774 cum
682 2744 857 2774 maioribus

80 2787 193 2835 postris
213 2787 474 2829 comparanda?
501 2787 544 2820 de
564 2789 655 2820 Orat.
676 2789 702 2819 Ι.
725 2785 764 2825 41»,
795 2787 853 2819 15:

81 2831 213 2873 ingenia
231 2843 313 2865 vero
332 2853 378 2858 —
398 2839 591 2865 nostrorum
605 2833 780 2866 hominum
798 2844 854 2864 ce-

81 2875 162 2926 teris
191 2876 381 2910 hominibus
405 2878 553 2911 omnium
582 2879 731 2923 gentium
754 2890 857 2923 prae-

86 2925 253 2955 stiterunt.
300 2923 357 2956 sic
379 2926 480 2957 Tusa.
507 2926 548 2956 V.
571 2924 637 2964 26,
661 2924 722 2959 73:
759 2923 857 2968 (Epi-

83 2965 176 3006 curo)
209 2978 277 3000 non
308 2969 450 3002 multum
483 2970 655 3003 differenti
688 2983 707 3002 a
733 2970 857 3002 iudicio

87 3011 248 3066 ferar-pm:
280 3013 335 3046 Ct'.
353 3016 396 3046 11.
420 3026 448 3057 ρ.
469 3015 530 3049 51:
556 3014 664 3059 κόμαι
683 3014 858 3058 Χαρίτεά-

35 3090 38 3092 ,
85 3067 135 3090 σιν
165 3068 289 3100 anoton.

348 3060 540 3092 Gerundiva
563 3065 635 3094 sunt
658 3062 860 3101 conferenda,

885 1102 959 1122 cum
982 1090 1162 1132 negatione
1185 1090 1417 1127 coniunctum,
1445 1094 1496 1120 est
1520 1099 1581 1120 ηοη
1602 1090 1664 1120 de·-

883 1140 927 1169 cet
942 1161 950 1176 ‚
991 1147 1053 1168 non
1091 1140 1134 1168 est
1165 1141 1284 1168 rectum
1321 1137 1477 1175 conferri,
1522 1133 1664 1166 alterum

882 1184 981 1223 digna
1008 1185 1067 1222 sit,
1102 1192 1183 1222 quae
1216 1185 1424 1222 comparetur.
1474 1181 1514 1213 V.
1542 1191 1603 1212 nos
1627 1179 1662 1212 in

886 1228 1034 1259 Gramm.
1059 1227 1117 1259 lat.
1142 1227 1262 1261 6.131.
1289 1228 1371 1259 Not.
1398 1229 1428 1259 1.

949 1273 982 1306 3.
1021 1273 1190 1316 siquidem]
1227 1272 1278 1306 Εἴ
1303 1284 1363 1316 γε,
1397 1283 1488 1304 werin
1504 1275 1563 1313 jo,
1598 1281 1662 1304 we-

882 1322 1020 1361 niyslens
1040 1321 1073 1350 in
1095 1321 1165 1350 dem
1186 1321 1285 1358 Folle,
1307 1329 1409 1350 werin.
1458 1319 1603 1357 Quidem,
1628 1324 1664 1349 ut

883 1365 945 1408 γέ,
970 1365 1072 1397 habet
1092 1364 1160 1396 vim
1179 1364 1479 1408 argumentativum
1501 1362 1552 1394 vel
1578 1374 1663 1395 con-

882 1411 1103 1449 firmativam,
1140 1417 1177 1442 ut
1198 1411 1253 1442 iu:
1290 1413 1343 1451 qui
1368 1411 1493 1451 quidem
1520 1405 1571 1451 (ἴς
1597 1410 1662 1452 γε),

882 1459 1011 1499 quando
1029 1459 1155 1498 quidem
1177 1455 1265 1500 (ἐπεί
1284 1457 1350 1500 γε).
1389 1456 1441 1488 Cf.
1468 1466 1528 1486 nos
1550 1455 1584 1487 in
1604 1455 1662 1489 Gr.

885 1505 924 1536 L.
945 1504 975 1537 G.
993 1505 1065 1537 155.
1086 1515 1119 1547 p.
1133 1503 1211 1536 320³.
1235 1502 1286 1534 ed.
1301 1505 1332 1535 2.
1371 1502 1462 1534 Infra
1479 1502 1505 1532 I.
1520 1500 1574 1539 23,
1596 1499 1659 1534 54:

883 1548 1083 1593 principium
1106 1548 1305 1581 exstinctum
1326 1560 1388 1580 nec
1407 1548 1516 1589 ipsum
1536 1546 1578 1578 ab
1596 1546 1662 1579 alio

885 1601 1098 1635 renascetur,
1132 1607 1196 1627 nec
1219 1607 1259 1627 ex
1283 1607 1316 1626 se
1341 1594 1431 1626 aliud
1456 1592 1600 1632 creabit,
1635 1595 1663 1624 si

883 1643 1010 1683 quidem
1053 1653 1189 1673 necesse
1227 1648 1279 1673 est
1315 1653 1333 1673 a
1368 1638 1534 1683 principio
1582 1637 1661 1670 oriri

886 1687 1009 1720 omnia.
1060 1686 1149 1719 Alibi
1170 1687 1202 1719 in
1226 1687 1277 1719 his
1306 1685 1543 1729 particularum
1573 1695 1660 1716 con-

883 1733 1109 1766 iunctionibus
1130 1735 1257 1774 quidem
1274 1731 1465 1775 suppletiva
1486 1730 1518 1762 vi
1534 1730 1663 1761 instru-

885 1787 976 1812 ctum
997 1787 1058 1817 est,
1084 1786 1120 1811 ut
1141 1790 1240 1822 snpra
1259 1779 1287 1821 «fx.
1304 1780 1339 1811 l:
1368 1777 1487 1808 fecisse
1509 1775 1660 1815 meliora,

884 1836 965 1867 quae
996 1827 1123 1866 quidem
1151 1824 1184 1866 (i.
1207 1836 1235 1855 e.
1259 1835 1296 1854 ea
1318 1822 1410 1859 scil..
1437 1822 1533 1866 quae)
1561 1820 1663 1864 digna

882 1871 1094 1906 statuissent,
1120 1869 1153 1901 in
1178 1868 1296 1912 quibus
1321 1868 1544 1900 elaborarent.

951 1918 1045 1947 arinis
1074 1917 1136 1956 fere
1159 1917 1219 1947 DX
1249 1926 1282 1955 p.
1314 1916 1352 1947 R.
1386 1916 1426 1953 6.]
1470 1914 1506 1945 C.
1534 1911 1662 1945 Claudii

886 1961 1046 1993 Centonis
1091 1960 1204 2004 (Caeci
1234 1960 1286 1994 F.)
1331 1967 1365 1991 et
1396 1961 1444 1991 M.
1474 1958 1663 2003 Sempronii

884 2006 1045 2040 Tuditani
1068 2007 1258 2039 consulatus
1281 2007 1315 2038 in
1336 2005 1445 2038 Fastis
1470 2005 1608 2049 ponittu·
1628 2004 1663 2037 in

884 2064 974 2085 anno
997 2053 1120 2085 DXIV.
1143 2056 1181 2084 A.
1205 2053 1247 2084 U.
1272 2053 1307 2084 C.
1357 2051 1474 2085 Cicero
1496 2053 1588 2083 Brut.
1609 2050 1663 2089 18,

885 2099 947 2132 72:
983 2098 1097 2130 Livius
1119 2099 1244 2142 pn'mus
1267 2098 1434 2136 fabulam,
1463 2098 1498 2129 C.
1525 2096 1664 2129 Claudio

889 2144 987 2176 Caeci
1004 2145 1040 2176 F.
1063 2152 1096 2176 et
1116 2146 1162 2177 M.
1178 2145 1349 2178 Tuditano
1372 2144 1573 2184 consulibus,
1599 2142 1664 2175 do—

887 2191 966 2230 cuit,
993 2202 1081 2223 anno
1102 2191 1186 2234 ipso,
1213 2199 1393 2235 antequam
1414 2197 1511 2222 natus
1528 2196 1578 2221 est
1596 2190 1665 2220 En-

886 2237 977 2274 nius;
999 2244 1075 2280 post
1084 2237 1226 2269 Romam
1241 2237 1411 2269 conditam
1423 2243 1534 2268 autern
1546 2240 1665 2279 quarto

887 2283 1019 2315 decimo
1042 2290 1076 2315 et
1097 2283 1373 2327 quingentesimo.
1422 2282 1486 2314 Cur
1508 2282 1540 2313 h.
1563 2281 1584 2313 l.
1610 2280 1667 2311 Ci-

889 2340 967 2361 cero
990 2335 1148 2372 quattuor
1167 2329 1251 2361 istos
1273 2340 1380 2361 annos
1398 2340 1467 2360 non
1487 2326 1665 2365 addiderit,

889 2387 956 2407 non
983 2381 1052 2413 est,
1079 2375 1171 2418 quod
1193 2387 1381 2418 urgeamus.

953 2423 1098 2461 fabulam
1115 2422 1215 2463 dedit]
1239 2422 1293 2454 Sic
1311 2433 1373 2464 pro
1387 2420 1516 2452 Cluent.
1531 2418 1585 2456 31,
1601 2414 1664 2450 84:

889 2466 1183 2499 Stalenus-istam
1206 2469 1293 2499 dedit
1315 2467 1482 2503 fabulam,
1509 2475 1571 2507 pro
1594 2463 1666 2494 fre-

890 2513 1086 2556 quentiore:
1112 2515 1177 2554 fab.
1196 2516 1322 2553 docuit,
1350 2520 1386 2544 ut
1410 2510 1528 2543 Graeci
1551 2508 1666 2539 dicunt

890 2556 1065 2593 διδάσκειν
1087 2558 1247 2601 δράματα
1266 2559 1309 2593 de
1329 2558 1448 2602 poetis,
1475 2554 1590 2598 quibus
1607 2552 1666 2584 of-

889 2604 1001 2636 ficium
1022 2604 1208 2637 iniunctum
1231 2612 1324 2645 erat,
1361 2611 1396 2635 ut
1416 2601 1562 2637 fabulas,
1589 2611 1608 2630 a
1629 2610 1665 2630 se

892 2650 1095 2694 compositas
1109 2676 1117 2689 ,
1151 2651 1369 2683 histrionibus
1391 2647 1564 2679 traderent
1584 2655 1664 2676 eos-

890 2708 954 2740 que
989 2696 1031 2728 ad
1058 2708 1113 2728 eas
1146 2704 1238 2729 recte
1274 2694 1418 2738 agendas
1451 2691 1666 2723 instituerent

888 2742 1145 2786 universamque
1167 2742 1298 2774 fabuhe
1320 2739 1487 2772 actionem
1508 2736 1666 2771 modera-

890 2795 1016 2821 rentur.
1050 2788 1143 2820 Infra
1156 2789 1213 2820 IV.
1231 2786 1285 2823 29.
1301 2786 1365 2819 63:
1393 2785 1501 2822 Quum
1514 2784 1665 2815 Orestem

891 2834 1040 2866 fabulam
1057 2834 1194 2866 doceret
1206 2830 1390 2874 Euripides.
1430 2829 1553 2861 Contra
1570 2834 1665 2861 acto-

892 2891 945 2912 res
969 2880 1126 2912 <licuntur
1148 2881 1264 2911 discere
1288 2877 1441 2915 fabulam.

960 2929 1015 2966 qui
1037 2928 1096 2966 fuit
1119 2926 1222 2956 maior
1243 2925 1321 2953 naeu
1335 2945 1344 2960 ‚
1368 2930 1464 2962 quam
1483 2923 1619 2954 Plautus
1639 2924 1667 2953 et

892 2971 1045 3013 Naevius]
1062 2971 1155 3002 Haec
1170 2967 1271 2999 verba
1286 2978 1305 2998 a
1321 2965 1507 3009 glossatore
1520 2966 1667 3010 quodam

892 3017 986 3049 illata
1005 3016 1174 3047 videntur.
1210 3012 1356 3044 Primum
1371 3012 1459 3044 enim
1480 3022 1667 3056 pronomen

872 3061 990 3099 ‚relah
1015 3072 1078 3103 pro
1104 3065 1223 3091 natura
1255 3069 1314 3090 sua
1345 3057 1465 3092 referri
1493 3057 1592 3090 debet
1625 3056 1667 3089 ad
