1811 3101
135 32 162 74 Q
751 43 1098 77 PROLEGOMENA.

136 123 231 163 satis
252 123 403 162 exculti
421 122 676 173 videbantur,
702 124 890 174 antiquus
911 138 1044 163 rerum
1065 126 1316 178 publicarum
1338 134 1466 167 status
1487 129 1705 182 populique

137 192 337 244 ingenium
367 198 648 229 commutatum
676 191 793 242 plane
823 199 907 230 erat
937 199 1054 244 atque
1085 208 1334 234 conversum.

250 260 434 297 Omnium
464 260 545 297 fere
580 258 878 310 disciplinarum
908 260 1141 313 philosophi
1172 276 1190 299 e
1215 264 1377 301 Graecia
1402 265 1562 302 Romam
1592 278 1701 303 com·-

137 328 408 379 migraverunt
432 327 563 376 ibique
593 340 740 364 summa
764 327 1122 366 illustrissimorum
1150 330 1331 368 virorum
1357 333 1607 382 perfruentes
1636 331 1700 370 di-

135 396 284 448 gnitate
304 395 345 433 in
369 408 507 432 eorum
525 394 706 432 domibus
726 395 852 433 sedem
876 409 984 433 suam
1006 396 1195 436 fixerunt.
1240 398 1349 436 Inter
1373 412 1434 437 eas
1458 399 1701 451 disciplinas,

135 476 235 513 quae
257 462 536 500 studiosissime
563 462 795 500 colebantur
815 478 838 501 a
858 464 1060 513 Romanis,
1092 465 1192 502 duae
1212 465 1463 516 potissimum
1486 467 1699 506 nominan—

134 531 204 569 dae
237 537 350 578 sunt,
389 543 486 580 quae
512 530 628 581 plane
658 531 883 569 contrariae
913 538 1046 580 erant,
1084 533 1245 570 stoicam
1277 533 1367 571 dico
1398 541 1437 571 et
1465 535 1701 585 epicuream.

132 598 283 636 Etenim
308 598 368 635 uti
384 599 651 635 Romanorum
672 598 869 649 ingenium
889 599 930 636 in
949 600 1032 637 vita
1053 606 1122 637 aut
1141 600 1192 638 ad
1213 601 1393 639 tetricam
1417 602 1614 652 quandam
1636 617 1700 641 se-

131 666 349 714 veritatem,
379 673 449 704 aut
471 666 521 704 ad
545 666 705 703 effusam
725 667 926 704 luxuriam
948 667 1185 718 inclinabat3
1215 669 1270 706 ita
1290 668 1332 706 in
1351 669 1609 722 philosophia
1631 677 1702 709 aut

129 734 276 772 stoicae
299 733 455 772 scholae
481 734 749 785 asperitatem,
781 742 851 772 aut
879 735 1085 786 epicureae
1106 736 1312 773 mollitiam
1336 738 1600 790 amplexatum
1630 745 1699 776 est.

129 802 261 839 Stoica
283 801 503 851 disciplina,
537 815 667 839 omnes
691 809 873 840 externas
895 817 956 840 res
980 804 1177 855 negligens
1198 811 1316 854 atque
1335 818 1537 856 spernens,
1563 806 1697 857 splen—

130 869 228 907 dore
249 883 294 907 ac
315 869 603 919 magnificentia
624 877 928 921 praeceptorum
952 878 1104 920 ornata,
1136 872 1361 910 excelsioris
1382 873 1529 924 ingenii
1549 875 1698 911 Roma—

129 951 214 986 nos,
246 937 313 987 qui
334 937 543 987 pristinam
563 938 667 975 illam
687 952 843 975 mortun
863 941 1122 987 severitatem,
1153 940 1387 991 gravitatem
1410 947 1529 991 atque
1551 941 1698 992 ingenii

128 1005 378 1042 altitudinem
400 1005 570 1043 retinere
589 1012 628 1043 et
645 1019 726 1043 rem
744 1006 943 1056 publicam
966 1008 1170 1057 praeclare
1191 1007 1432 1058 honesteque
1453 1022 1588 1059 gerere
1608 1016 1697 1048 stu-

129 1072 295 1121 debant,
336 1073 498 1110 mirifice
533 1073 725 1124 capiebat.
795 1074 989 1124 Epicurea
1026 1074 1299 1127 philosophia,
1339 1088 1438 1126 quae
1467 1082 1506 1114 et
1535 1077 1700 1128 cognitu

128 1140 222 1178 satis
243 1140 368 1178 facilis
397 1147 493 1190 erat,
522 1147 561 1178 et
585 1141 739 1178 blandis
764 1141 983 1192 voluptatis
1006 1143 1200 1180 illecebris
1224 1143 1432 1193 invitabat,
1462 1144 1509 1182 iis
1532 1145 1699 1183 maxime

128 1215 240 1259 grata
265 1216 363 1257 erat,
384 1209 465 1260 qui,
487 1222 509 1246 a
524 1222 567 1246 re
586 1209 745 1260 publica
765 1209 919 1258 remoti,
939 1210 1057 1261 magis
1080 1210 1155 1247 sibi
1175 1210 1362 1248 vivebant
1377 1217 1415 1248 et
1436 1212 1618 1263 corporis
1635 1213 1697 1251 vel

129 1277 246 1314 animi
269 1277 543 1328 voluptatibus
567 1276 667 1325 frui,
698 1290 814 1327 quam
837 1277 961 1314 vitam
982 1279 1223 1328 negotiosam
1252 1279 1467 1329 transigere
1490 1279 1698 1319 malebant.

322 1386 382 1428 ΙΙ.
443 1386 516 1428 De
551 1385 759 1428 Cicerone
789 1389 960 1442 eiusque
988 1389 1192 1430 universa
1218 1388 1513 1444 philosophia.

239 1479 323 1518 Etsi
353 1480 468 1517 multi
502 1485 587 1517 tum
611 1480 774 1517 Romani
796 1480 1075 1532 philosophiae
1105 1495 1265 1532 operam
1296 1483 1515 1532 navabant3
1554 1489 1697 1533 tamen,

129 1561 252 1599 quum
287 1562 331 1586 ea
364 1549 484 1586 ferme
513 1562 534 1585 a
559 1548 717 1585 Graecis
744 1548 852 1586 tradi
883 1549 1111 1599 graecisque
1138 1549 1283 1588 litteris
1312 1551 1510 1588 contineri
1539 1551 1696 1602 soleret,

129 1622 168 1653 et
188 1630 388 1669 perpauca
412 1622 567 1654 tantum
588 1629 738 1666 perque
762 1616 895 1667 exigui
918 1616 1039 1667 pretii
1061 1624 1312 1655 monumenta
1333 1618 1455 1656 latina
1477 1619 1614 1657 relicta
1633 1633 1698 1658 es-

126 1691 235 1733 sent,
265 1685 352 1722 fieri
376 1698 457 1722 non
480 1683 634 1735 potuit,
668 1690 710 1721 ut
732 1684 799 1721 illa
820 1684 919 1722 laete
942 1684 1204 1722 effloresceret
1232 1699 1277 1722 ac
1299 1699 1437 1738 magna
1456 1687 1698 1726 incrementa

129 1759 300 1804 caperet.
359 1753 494 1802 ltaque
518 1752 677 1800 Cicero,
708 1751 892 1802 flagranti
916 1751 1070 1802 patriae
1091 1766 1222 1790 amore
1244 1754 1432 1804 agitatus,
1463 1755 1543 1803 uti,
1574 1768 1697 1806 quum

128 1819 172 1858 in
196 1819 366 1871 gerenda
391 1833 434 1857 re
454 1819 613 1870 publica
637 1820 885 1868 versabatur,
917 1833 1067 1857 omnem
1090 1819 1133 1857 in
1154 1834 1197 1858 ea
1221 1835 1393 1872 operam,
1425 1835 1558 1859 omnes
1579 1836 1696 1861 curas

129 1887 463 1938 cogitationesque
485 1893 675 1937 posuerat
694 1887 920 1937 civiumque
945 1887 1110 1925 salutem
1130 1894 1248 1939 atque
1270 1889 1581 1928 incolumitatem
1607 1904 1696 1928 mo-

130 1954 191 1992 dis
216 1954 398 1991 omnibus
421 1967 561 2004 augere
584 1960 621 1990 et
643 1968 879 2004 promovere
901 1955 1121 2004 studuerat,
1151 1955 1219 2004 ita,
1249 1956 1294 1995 in
1314 1957 1429 1995 senili
1451 1964 1577 1995 aetate
1596 1972 1696 1996 con-

130 2022 314 2070 stitutus,
354 2035 499 2072 quum,
530 2035 692 2058 romana
725 2036 768 2059 re
796 2023 956 2073 publica
992 2037 1128 2061 eversa
1163 2030 1281 2075 atque
1309 2025 1494 2064 libertate
1523 2026 1698 2064 Caesaris

131 2090 339 2135 dominatu
371 2102 578 2140 oppressa,
618 2089 940 2127 administrandis
968 2091 1142 2128 civitatis
1174 2093 1403 2130 muneribus
1433 2093 1588 2131 civibus
1617 2093 1697 2131 suis

130 2158 318 2209 prodesse
343 2171 425 2194 non
450 2163 602 2207 posset,
634 2170 682 2193 ne
706 2157 807 2205 otio,
839 2170 918 2207 quo
943 2158 1188 2207 abundabat,
1219 2159 1441 2210 langueret,
1472 2161 1699 2200 universam

131 2224 421 2277 philosophiam
446 2238 465 2261 e
485 2224 648 2262 Graecia
669 2225 891 2262 traductam
911 2224 1123 2262 latinarum
1143 2226 1368 2264 litterarum
1389 2228 1477 2265 luce
1497 2228 1698 2267 illustrare

130 2293 206 2331 sibi
228 2293 462 2345 proposuit,
493 2292 621 2343 magni
645 2292 871 2330 existimans
892 2291 1079 2329 interesse
1103 2293 1151 2329 ad
1176 2293 1294 2331 decus
1319 2301 1356 2331 et
1385 2295 1434 2331 ad
1458 2295 1613 2332 laudem
1637 2296 1696 2334 ci—

132 2361 284 2410 vitatis,
314 2374 376 2399 res
398 2367 476 2398 tam
499 2374 636 2411 graves
662 2366 820 2410 tamque
845 2360 1067 2411 praeclaras
1088 2361 1223 2399 latinis
1245 2361 1361 2399 etiam
1385 2362 1530 2400 litteris
1562 2364 1694 2402 conti-

135 2428 219 2464 neri
248 2435 286 2466 et
312 2428 416 2466 hanc
446 2428 637 2478 reliquam
667 2428 831 2479 gloriam
861 2428 1046 2466 Graeciae
1076 2428 1191 2479 eripi.

248 2495 482 2547 Quanquam
502 2496 655 2533 Tullius
676 2495 829 2532 nullum
851 2497 930 2533 fere
951 2495 1229 2547 philosophiae
1253 2496 1405 2546 locum,
1436 2496 1505 2547 qui
1528 2511 1612 2536 non
1632 2498 1695 2536 la-

136 2559 230 2597 tinis
254 2559 394 2601 litteris
427 2564 650 2601 illustratus
672 2570 844 2614 pateret,
873 2564 1052 2613 reliquit,
1081 2571 1209 2601 tamen
1240 2578 1322 2601 non
1355 2565 1567 2615 perfectam
1597 2566 1692 2605 artis

137 2627 334 2676 quandam
361 2631 604 2683 disciplinam
641 2631 836 2668 condidit.
893 2632 1025 2681 Neque
1056 2631 1099 2668 id
1132 2631 1173 2668 in
1210 2632 1506 2671 conscribendis
1536 2633 1617 2670 suis
1646 2633 1695 2672 de

136 2693 389 2746 philosophia
412 2697 520 2738 libris
550 2705 705 2738 secutus
738 2704 797 2736 est
829 2698 1054 2748 consilium,
1084 2699 1152 2736 sed
1174 2699 1486 2750 praeclarissima
1517 2713 1695 2751 quaeque

137 2767 176 2798 et
198 2761 248 2798 ad
270 2775 396 2800 mores
417 2767 715 2806 conformandos
741 2767 941 2817 vitamque
963 2767 1100 2804 melius
1130 2766 1412 2805 instituendam
1434 2767 1694 2806 saluberrima

136 2828 348 2879 sapientiae
369 2839 586 2882 praecepta,
616 2835 771 2874 romani
787 2835 979 2873 sermonis
997 2835 1207 2886 splendore
1229 2835 1451 2886 explanata,
1481 2848 1531 2873 ex
1551 2836 1694 2874 umbra

133 2895 245 2946 quasi
274 2896 318 2934 in
345 2897 465 2936 solem
493 2902 609 2948 atque
636 2903 839 2955 pulverem
866 2902 1128 2954 producenda
1155 2902 1328 2954 putavit.
