<?xml version="1.0" encoding="UTF-8"?>
<!DOCTYPE html PUBLIC "-//W3C//DTD XHTML 1.0 Transitional//EN"
    "http://www.w3.org/TR/xhtml1/DTD/xhtml1-transitional.dtd">
<html xmlns="http://www.w3.org/1999/xhtml" xml:lang="en" lang="en">
 <head>
  <title>
</title>
<meta http-equiv="Content-Type" content="text/html;charset=utf-8" />
  <meta name='ocr-system' content='tesseract 3.04.00' />
  <meta name='ocr-capabilities' content='ocr_page ocr_carea ocr_par ocr_line ocrx_word'/>
</head>
<body>
  <div class='ocr_page' id='page_1' title='image "./tusculanarumdi00ciceuoft_0043.png"; bbox 0 0 1859 3117; ppageno 0'>
   <div class='ocr_carea' id='block_1_1' title="bbox 0 2736 7 3117">
    <p class='ocr_par' dir='ltr' id='par_1_1' title="bbox 0 2736 7 3117">
     <span class='ocr_line' id='line_1_1' title="bbox 0 2736 7 3117; textangle 90"><span class='ocrx_word' id='word_1_1' title='bbox 0 2808 7 3117; x_wconf 48' lang='grc' dir='ltr'>πμ-</span> <span class='ocrx_word' id='word_1_2' title='bbox 1 2779 5 2801; x_wconf 88' lang='grc'>,-</span> <span class='ocrx_word' id='word_1_3' title='bbox 0 2736 5 2763; x_wconf 29' lang='lat' dir='ltr'>a</span> 
     </span>
    </p>
   </div>
   <div class='ocr_carea' id='block_1_2' title="bbox 704 54 1682 96">
    <p class='ocr_par' dir='ltr' id='par_1_2' title="bbox 704 54 1682 96">
     <span class='ocr_line' id='line_1_2' title="bbox 704 54 1682 96; baseline 0.004 -4"><span class='ocrx_word' id='word_1_4' title='bbox 704 61 1053 93; x_wconf 70' lang='lat' dir='ltr'>t‘ROIAEGOMl-{NA.</span> <span class='ocrx_word' id='word_1_5' title='bbox 1625 54 1682 96; x_wconf 81' lang='lat'>33</span> 
     </span>
    </p>
   </div>
   <div class='ocr_carea' id='block_1_3' title="bbox 81 145 1683 477">
    <p class='ocr_par' dir='ltr' id='par_1_3' title="bbox 81 145 1683 477">
     <span class='ocr_line' id='line_1_3' title="bbox 369 145 1378 184; baseline 0.001 -1"><span class='ocrx_word' id='word_1_6' title='bbox 369 147 583 184; x_wconf 71' lang='lat' dir='ltr'>Smrmces</span> <span class='ocrx_word' id='word_1_7' title='bbox 1211 145 1378 184; x_wconf 63' lang='lat' dir='ltr'>Mlx&#39;rffi</span> 
     </span>
     <span class='ocr_line' id='line_1_4' title="bbox 171 213 1681 266; baseline -0.001 -11"><span class='ocrx_word' id='word_1_8' title='bbox 171 231 207 255; x_wconf 87' lang='lat' dir='ltr'>a.</span> <span class='ocrx_word' id='word_1_9' title='bbox 256 216 383 255; x_wconf 70' lang='lat' dir='ltr'><em>Nihil</em></span> <span class='ocrx_word' id='word_1_10' title='bbox 408 214 583 257; x_wconf 80' lang='lat' dir='ltr'>bonum,</span> <span class='ocrx_word' id='word_1_11' title='bbox 621 215 709 251; x_wconf 54' lang='lat' dir='ltr'>nis-c·</span> <span class='ocrx_word' id='word_1_12' title='bbox 737 213 863 250; x_wconf 74' lang='lat' dir='ltr'>lwne-</span> <span class='ocrx_word' id='word_1_13' title='bbox 987 227 1022 251; x_wconf 88' lang='lat' dir='ltr'>a.</span> <span class='ocrx_word' id='word_1_14' title='bbox 1067 215 1164 251; x_wconf 77' lang='lat' dir='ltr'>Tria</span> <span class='ocrx_word' id='word_1_15' title='bbox 1180 228 1334 266; x_wconf 75' lang='lat' dir='ltr'>genera</span> <span class='ocrx_word' id='word_1_16' title='bbox 1350 214 1563 260; x_wconf 81' lang='lat' dir='ltr'>bonorum,</span> <span class='ocrx_word' id='word_1_17' title='bbox 1583 219 1681 254; x_wconf 74' lang='lat' dir='ltr'>ani-</span> 
     </span>
     <span class='ocr_line' id='line_1_5' title="bbox 85 282 1682 338; baseline 0.001 -15"><span class='ocrx_word' id='word_1_18' title='bbox 85 294 197 325; x_wconf 74' lang='lat' dir='ltr'>stum</span> <span class='ocrx_word' id='word_1_19' title='bbox 227 282 399 338; x_wconf 84' lang='lat' dir='ltr'>(Stoici).</span> <span class='ocrx_word' id='word_1_20' title='bbox 902 284 984 326; x_wconf 67' lang='lat' dir='ltr'>mi,</span> <span class='ocrx_word' id='word_1_21' title='bbox 1018 285 1218 334; x_wconf 72' lang='lat' dir='ltr'>corporis,</span> <span class='ocrx_word' id='word_1_22' title='bbox 1238 284 1445 333; x_wconf 78' lang='lat' dir='ltr'><em>fortunae</em></span> <span class='ocrx_word' id='word_1_23' title='bbox 1471 284 1618 337; x_wconf 84' lang='lat' dir='ltr'>(Perip.</span> <span class='ocrx_word' id='word_1_24' title='bbox 1643 292 1682 324; x_wconf 88' lang='lat' dir='ltr'>et</span> 
     </span>
     <span class='ocr_line' id='line_1_6' title="bbox 171 348 1057 401; baseline -0.007 -8"><span class='ocrx_word' id='word_1_25' title='bbox 171 355 210 393; x_wconf 88' lang='lat' dir='ltr'>b.</span> <span class='ocrx_word' id='word_1_26' title='bbox 258 353 383 392; x_wconf 56' lang='lat' dir='ltr'>Nihil</span> <span class='ocrx_word' id='word_1_27' title='bbox 409 351 584 396; x_wconf 77' lang='lat' dir='ltr'>honum,</span> <span class='ocrx_word' id='word_1_28' title='bbox 622 352 708 388; x_wconf 65' lang='lat' dir='ltr'>nis-i</span> <span class='ocrx_word' id='word_1_29' title='bbox 743 351 865 387; x_wconf 75' lang='lat' dir='ltr'>volu-</span> <span class='ocrx_word' id='word_1_30' title='bbox 901 348 1057 401; x_wconf 84' lang='lat' dir='ltr'>Acad.).</span> 
     </span>
     <span class='ocr_line' id='line_1_7' title="bbox 81 419 1683 477; baseline 0 -15"><span class='ocrx_word' id='word_1_31' title='bbox 81 428 181 477; x_wconf 68' lang='lat' dir='ltr'>pias</span> <span class='ocrx_word' id='word_1_32' title='bbox 210 419 459 475; x_wconf 81' lang='lat' dir='ltr'><strong>(Epicurus).</strong></span> <span class='ocrx_word' id='word_1_33' title='bbox 988 419 1027 456; x_wconf 84' lang='lat' dir='ltr'>b·</span> <span class='ocrx_word' id='word_1_34' title='bbox 1087 421 1294 472; x_wconf 75' lang='lat' dir='ltr'><em>Voluptas</em></span> <span class='ocrx_word' id='word_1_35' title='bbox 1338 436 1431 459; x_wconf 77' lang='lat' dir='ltr'>cum</span> <span class='ocrx_word' id='word_1_36' title='bbox 1472 423 1683 462; x_wconf 63' lang='lat' dir='ltr'>honestate</span> 
     </span>
    </p>
   </div>
   <div class='ocr_carea' id='block_1_4' title="bbox 83 486 1683 1509">
    <p class='ocr_par' dir='ltr' id='par_1_4' title="bbox 170 486 1536 544">
     <span class='ocr_line' id='line_1_8' title="bbox 170 486 1536 544; baseline 0.001 -15"><span class='ocrx_word' id='word_1_37' title='bbox 170 506 204 530; x_wconf 90' lang='lat' dir='ltr'>c.</span> <span class='ocrx_word' id='word_1_38' title='bbox 253 490 380 529; x_wconf 54' lang='lat' dir='ltr'>Nihil</span> <span class='ocrx_word' id='word_1_39' title='bbox 398 490 570 533; x_wconf 78' lang='lat' dir='ltr'>bonum,</span> <span class='ocrx_word' id='word_1_40' title='bbox 601 490 690 526; x_wconf 72' lang='lat' dir='ltr'>nis-i</span> <span class='ocrx_word' id='word_1_41' title='bbox 712 490 863 526; x_wconf 76' lang='lat' dir='ltr'>vacui-</span> <span class='ocrx_word' id='word_1_42' title='bbox 901 486 1191 541; x_wconf 80' lang='lat' dir='ltr'>(Dinomachus</span> <span class='ocrx_word' id='word_1_43' title='bbox 1223 496 1262 527; x_wconf 84' lang='lat' dir='ltr'>et</span> <span class='ocrx_word' id='word_1_44' title='bbox 1294 490 1536 544; x_wconf 82' lang='lat' dir='ltr'>Calliphon).</span> 
     </span>
    </p>

    <p class='ocr_par' dir='ltr' id='par_1_5' title="bbox 85 556 1681 679">
     <span class='ocr_line' id='line_1_9' title="bbox 85 556 1681 610; baseline 0.001 -11"><span class='ocrx_word' id='word_1_45' title='bbox 85 568 153 599; x_wconf 76' lang='lat' dir='ltr'>tas</span> <span class='ocrx_word' id='word_1_46' title='bbox 184 560 342 599; x_wconf 71' lang='lat' dir='ltr'>doloris</span> <span class='ocrx_word' id='word_1_47' title='bbox 369 556 688 610; x_wconf 61' lang='lat' dir='ltr'>(Hieronymus).</span> <span class='ocrx_word' id='word_1_48' title='bbox 986 571 1020 594; x_wconf 85' lang='lat' dir='ltr'>c.</span> <span class='ocrx_word' id='word_1_49' title='bbox 1068 557 1305 597; x_wconf 66' lang='lat' dir='ltr'>lndolmcm</span> <span class='ocrx_word' id='word_1_50' title='bbox 1343 574 1437 597; x_wconf 79' lang='lat' dir='ltr'>cum.</span> <span class='ocrx_word' id='word_1_51' title='bbox 1472 561 1681 601; x_wconf 67' lang='lat' dir='ltr'>honestate</span> 
     </span>
     <span class='ocr_line' id='line_1_10' title="bbox 171 624 1158 679; baseline -0.003 -13"><span class='ocrx_word' id='word_1_52' title='bbox 171 629 210 667; x_wconf 88' lang='lat' dir='ltr'>d.</span> <span class='ocrx_word' id='word_1_53' title='bbox 262 628 388 666; x_wconf 67' lang='lat' dir='ltr'>Nihil</span> <span class='ocrx_word' id='word_1_54' title='bbox 417 627 589 672; x_wconf 78' lang='lat' dir='ltr'>bonum,</span> <span class='ocrx_word' id='word_1_55' title='bbox 621 628 707 664; x_wconf 68' lang='lat' dir='ltr'>nisi</span> <span class='ocrx_word' id='word_1_56' title='bbox 736 634 865 664; x_wconf 75' lang='lat' dir='ltr'>ncclu-</span> <span class='ocrx_word' id='word_1_57' title='bbox 902 624 1158 679; x_wconf 84' lang='lat' dir='ltr'>(Diodorus).</span> 
     </span>
    </p>

    <p class='ocr_par' dir='ltr' id='par_1_6' title="bbox 85 695 864 750">
     <span class='ocr_line' id='line_1_11' title="bbox 85 695 864 750; baseline -0.006 -13"><span class='ocrx_word' id='word_1_58' title='bbox 85 713 157 737; x_wconf 88' lang='lat' dir='ltr'>rae</span> <span class='ocrx_word' id='word_1_59' title='bbox 179 698 335 750; x_wconf 77' lang='lat' dir='ltr'>primis</span> <span class='ocrx_word' id='word_1_60' title='bbox 367 695 508 740; x_wconf 75' lang='lat' dir='ltr'>honis,</span> <span class='ocrx_word' id='word_1_61' title='bbox 550 703 625 733; x_wconf 73' lang='lat' dir='ltr'>aut</span> <span class='ocrx_word' id='word_1_62' title='bbox 658 695 864 740; x_wconf 70' lang='lat' dir='ltr'>omnibus,</span> 
     </span>
    </p>

    <p class='ocr_par' dir='ltr' id='par_1_7' title="bbox 84 762 813 816">
     <span class='ocr_line' id='line_1_12' title="bbox 84 762 813 816; baseline -0.005 -10"><span class='ocrx_word' id='word_1_63' title='bbox 84 775 160 806; x_wconf 84' lang='lat' dir='ltr'>aut</span> <span class='ocrx_word' id='word_1_64' title='bbox 192 767 390 804; x_wconf 74' lang='lat' dir='ltr'>maximis</span> <span class='ocrx_word' id='word_1_65' title='bbox 406 766 510 814; x_wconf 69' lang='lat' dir='ltr'>fruc¹</span> <span class='ocrx_word' id='word_1_66' title='bbox 541 762 813 816; x_wconf 87' lang='lat' dir='ltr'>(Carneades).</span> 
     </span>
    </p>

    <p class='ocr_par' dir='ltr' id='par_1_8' title="bbox 83 833 1683 1509">
     <span class='ocr_line' id='line_1_13' title="bbox 198 833 1680 886; baseline 0.002 -13"><span class='ocrx_word' id='word_1_67' title='bbox 198 835 270 874; x_wconf 82' lang='lat' dir='ltr'>His</span> <span class='ocrx_word' id='word_1_68' title='bbox 301 834 427 886; x_wconf 83' lang='lat' dir='ltr'>igitur</span> <span class='ocrx_word' id='word_1_69' title='bbox 460 833 646 872; x_wconf 88' lang='lat' dir='ltr'>omnibus</span> <span class='ocrx_word' id='word_1_70' title='bbox 678 847 697 871; x_wconf 92' lang='lat' dir='ltr'>e</span> <span class='ocrx_word' id='word_1_71' title='bbox 720 833 933 886; x_wconf 84' lang='lat' dir='ltr'>principiis</span> <span class='ocrx_word' id='word_1_72' title='bbox 963 833 1045 872; x_wconf 90' lang='lat' dir='ltr'>suis</span> <span class='ocrx_word' id='word_1_73' title='bbox 1066 833 1198 872; x_wconf 85' lang='lat' dir='ltr'>dicere</span> <span class='ocrx_word' id='word_1_74' title='bbox 1219 834 1335 884; x_wconf 85' lang='lat' dir='ltr'>licet,</span> <span class='ocrx_word' id='word_1_75' title='bbox 1375 836 1500 874; x_wconf 73' lang='lat' dir='ltr'>vitam</span> <span class='ocrx_word' id='word_1_76' title='bbox 1528 837 1680 876; x_wconf 82' lang='lat' dir='ltr'><strong>beatam</strong></span> 
     </span>
     <span class='ocr_line' id='line_1_14' title="bbox 83 902 1678 957; baseline 0.001 -12"><span class='ocrx_word' id='word_1_77' title='bbox 83 906 239 946; x_wconf 82' lang='lat' dir='ltr'>virtute</span> <span class='ocrx_word' id='word_1_78' title='bbox 271 903 389 942; x_wconf 82' lang='lat' dir='ltr'>effici.</span> <span class='ocrx_word' id='word_1_79' title='bbox 449 902 611 940; x_wconf 88' lang='lat' dir='ltr'><strong>Omissis</strong></span> <span class='ocrx_word' id='word_1_80' title='bbox 642 902 808 950; x_wconf 86' lang='lat' dir='ltr'>Stoicis,</span> <span class='ocrx_word' id='word_1_81' title='bbox 850 917 1025 954; x_wconf 88' lang='lat' dir='ltr'>quorum</span> <span class='ocrx_word' id='word_1_82' title='bbox 1061 903 1272 955; x_wconf 82' lang='lat' dir='ltr'>superiore</span> <span class='ocrx_word' id='word_1_83' title='bbox 1305 904 1582 957; x_wconf 86' lang='lat' dir='ltr'>disputatione</span> <span class='ocrx_word' id='word_1_84' title='bbox 1605 907 1678 946; x_wconf 88' lang='lat' dir='ltr'>de-</span> 
     </span>
     <span class='ocr_line' id='line_1_15' title="bbox 84 971 1678 1024; baseline 0.001 -10"><span class='ocrx_word' id='word_1_85' title='bbox 84 976 194 1014; x_wconf 81' lang='lat' dir='ltr'>fensa</span> <span class='ocrx_word' id='word_1_86' title='bbox 220 978 279 1011; x_wconf 87' lang='lat' dir='ltr'>est</span> <span class='ocrx_word' id='word_1_87' title='bbox 303 972 521 1021; x_wconf 87' lang='lat' dir='ltr'>sententia,</span> <span class='ocrx_word' id='word_1_88' title='bbox 552 971 728 1022; x_wconf 88' lang='lat' dir='ltr'>primum</span> <span class='ocrx_word' id='word_1_89' title='bbox 754 972 970 1023; x_wconf 78' lang='lat' dir='ltr'>attingitur</span> <span class='ocrx_word' id='word_1_90' title='bbox 995 973 1358 1024; x_wconf 76' lang='lat' dir='ltr'>Peripateticorum</span> <span class='ocrx_word' id='word_1_91' title='bbox 1384 975 1503 1014; x_wconf 85' lang='lat' dir='ltr'>ratio.</span> <span class='ocrx_word' id='word_1_92' title='bbox 1561 976 1590 1014; x_wconf 91' lang='lat' dir='ltr'>li</span> <span class='ocrx_word' id='word_1_93' title='bbox 1613 976 1678 1015; x_wconf 94' lang='lat' dir='ltr'>di-</span> 
     </span>
     <span class='ocr_line' id='line_1_16' title="bbox 85 1040 1681 1097; baseline 0.002 -15"><span class='ocrx_word' id='word_1_94' title='bbox 85 1049 206 1092; x_wconf 84' lang='lat' dir='ltr'>cunt,</span> <span class='ocrx_word' id='word_1_95' title='bbox 245 1041 403 1079; x_wconf 88' lang='lat' dir='ltr'>laudem</span> <span class='ocrx_word' id='word_1_96' title='bbox 433 1041 550 1078; x_wconf 88' lang='lat' dir='ltr'>etiam</span> <span class='ocrx_word' id='word_1_97' title='bbox 580 1054 668 1078; x_wconf 91' lang='lat' dir='ltr'>cum</span> <span class='ocrx_word' id='word_1_98' title='bbox 695 1040 836 1079; x_wconf 87' lang='lat' dir='ltr'>dolore</span> <span class='ocrx_word' id='word_1_99' title='bbox 861 1041 1074 1092; x_wconf 81' lang='lat' dir='ltr'>petendam</span> <span class='ocrx_word' id='word_1_100' title='bbox 1107 1056 1205 1080; x_wconf 89' lang='lat' dir='ltr'>esse:</span> <span class='ocrx_word' id='word_1_101' title='bbox 1248 1043 1316 1094; x_wconf 91' lang='lat' dir='ltr'>qui</span> <span class='ocrx_word' id='word_1_102' title='bbox 1349 1051 1480 1083; x_wconf 86' lang='lat' dir='ltr'>autem</span> <span class='ocrx_word' id='word_1_103' title='bbox 1511 1046 1681 1097; x_wconf 81' lang='lat' dir='ltr'>gloriam</span> 
     </span>
     <span class='ocr_line' id='line_1_17' title="bbox 85 1109 1682 1167; baseline 0.002 -16"><span class='ocrx_word' id='word_1_104' title='bbox 85 1111 223 1164; x_wconf 89' lang='lat' dir='ltr'>adepti</span> <span class='ocrx_word' id='word_1_105' title='bbox 253 1111 354 1159; x_wconf 89' lang='lat' dir='ltr'>sint,</span> <span class='ocrx_word' id='word_1_106' title='bbox 394 1110 530 1148; x_wconf 89' lang='lat' dir='ltr'>beatos</span> <span class='ocrx_word' id='word_1_107' title='bbox 556 1123 659 1159; x_wconf 72' lang='lat' dir='ltr'>esse,</span> <span class='ocrx_word' id='word_1_108' title='bbox 701 1109 870 1161; x_wconf 81' lang='lat' dir='ltr'>gloriam</span> <span class='ocrx_word' id='word_1_109' title='bbox 900 1117 1032 1148; x_wconf 87' lang='lat' dir='ltr'>autem</span> <span class='ocrx_word' id='word_1_110' title='bbox 1066 1124 1144 1148; x_wconf 91' lang='lat' dir='ltr'>una</span> <span class='ocrx_word' id='word_1_111' title='bbox 1178 1111 1333 1150; x_wconf 71' lang='lat' dir='ltr'>vii-tute</span> <span class='ocrx_word' id='word_1_112' title='bbox 1363 1114 1521 1164; x_wconf 87' lang='lat' dir='ltr'>acquiri</span> <span class='ocrx_word' id='word_1_113' title='bbox 1552 1129 1682 1167; x_wconf 86' lang='lat' dir='ltr'>posse.</span> 
     </span>
     <span class='ocr_line' id='line_1_18' title="bbox 84 1178 1681 1235; baseline 0.002 -16"><span class='ocrx_word' id='word_1_114' title='bbox 84 1182 190 1233; x_wconf 86' lang='lat' dir='ltr'>Ergo</span> <span class='ocrx_word' id='word_1_115' title='bbox 218 1193 267 1217; x_wconf 79' lang='lat' dir='ltr'>ex</span> <span class='ocrx_word' id='word_1_116' title='bbox 291 1179 455 1216; x_wconf 87' lang='lat' dir='ltr'>illorum</span> <span class='ocrx_word' id='word_1_117' title='bbox 483 1178 640 1216; x_wconf 83' lang='lat' dir='ltr'>ratione</span> <span class='ocrx_word' id='word_1_118' title='bbox 667 1179 870 1229; x_wconf 80' lang='lat' dir='ltr'>sequitur,</span> <span class='ocrx_word' id='word_1_119' title='bbox 901 1179 1056 1217; x_wconf 69' lang='lat' dir='ltr'>virtute</span> <span class='ocrx_word' id='word_1_120' title='bbox 1080 1179 1200 1228; x_wconf 80' lang='lat' dir='ltr'>effici,</span> <span class='ocrx_word' id='word_1_121' title='bbox 1233 1180 1266 1217; x_wconf 81' lang='lat' dir='ltr'>si</span> <span class='ocrx_word' id='word_1_122' title='bbox 1293 1195 1374 1218; x_wconf 87' lang='lat' dir='ltr'>non</span> <span class='ocrx_word' id='word_1_123' title='bbox 1405 1183 1681 1235; x_wconf 79' lang='lat' dir='ltr'>beatissimam,</span> 
     </span>
     <span class='ocr_line' id='line_1_19' title="bbox 85 1247 1680 1301; baseline 0.002 -12"><span class='ocrx_word' id='word_1_124' title='bbox 85 1255 191 1289; x_wconf 89' lang='lat' dir='ltr'>certe</span> <span class='ocrx_word' id='word_1_125' title='bbox 206 1248 361 1287; x_wconf 87' lang='lat' dir='ltr'>beatam</span> <span class='ocrx_word' id='word_1_126' title='bbox 380 1247 518 1286; x_wconf 89' lang='lat' dir='ltr'>vitam.</span> <span class='ocrx_word' id='word_1_127' title='bbox 540 1269 599 1276; x_wconf 92' lang='lat'>—</span> <span class='ocrx_word' id='word_1_128' title='bbox 627 1247 772 1284; x_wconf 86' lang='lat' dir='ltr'>Eadem</span> <span class='ocrx_word' id='word_1_129' title='bbox 797 1247 1062 1298; x_wconf 83' lang='lat' dir='ltr'>Calliphontis</span> <span class='ocrx_word' id='word_1_130' title='bbox 1086 1249 1164 1286; x_wconf 88' lang='lat' dir='ltr'>erit</span> <span class='ocrx_word' id='word_1_131' title='bbox 1192 1249 1440 1301; x_wconf 81' lang='lat' dir='ltr'>Diodorique</span> <span class='ocrx_word' id='word_1_132' title='bbox 1469 1253 1680 1292; x_wconf 84' lang='lat' dir='ltr'>sententia.</span> 
     </span>
     <span class='ocr_line' id='line_1_20' title="bbox 85 1314 1680 1372; baseline 0.001 -14"><span class='ocrx_word' id='word_1_133' title='bbox 85 1333 120 1358; x_wconf 81' lang='lat' dir='ltr'>c.</span> <span class='ocrx_word' id='word_1_134' title='bbox 139 1321 209 1358; x_wconf 87' lang='grc'>50.</span> <span class='ocrx_word' id='word_1_135' title='bbox 228 1321 298 1357; x_wconf 89' lang='grc'>51.</span> <span class='ocrx_word' id='word_1_136' title='bbox 326 1314 369 1369; x_wconf 50' lang='grc' dir='ltr'>ᾗ.</span> <span class='ocrx_word' id='word_1_137' title='bbox 387 1319 456 1356; x_wconf 88' lang='grc'>86.</span> <span class='ocrx_word' id='word_1_138' title='bbox 481 1319 551 1355; x_wconf 85' lang='lat'>87.</span> <span class='ocrx_word' id='word_1_139' title='bbox 595 1315 674 1354; x_wconf 84' lang='lat' dir='ltr'>Iam</span> <span class='ocrx_word' id='word_1_140' title='bbox 705 1316 843 1354; x_wconf 90' lang='lat' dir='ltr'>Cicero</span> <span class='ocrx_word' id='word_1_141' title='bbox 877 1316 1072 1367; x_wconf 83' lang='lat' dir='ltr'>reliquam</span> <span class='ocrx_word' id='word_1_142' title='bbox 1108 1317 1422 1368; x_wconf 88' lang='lat' dir='ltr'>disputationem</span> <span class='ocrx_word' id='word_1_143' title='bbox 1455 1321 1508 1358; x_wconf 86' lang='lat' dir='ltr'>ita</span> <span class='ocrx_word' id='word_1_144' title='bbox 1542 1335 1680 1372; x_wconf 86' lang='lat' dir='ltr'>perse-</span> 
     </span>
     <span class='ocr_line' id='line_1_21' title="bbox 85 1385 1680 1440; baseline 0.002 -14"><span class='ocrx_word' id='word_1_145' title='bbox 85 1387 240 1440; x_wconf 88' lang='lat' dir='ltr'>quitur,</span> <span class='ocrx_word' id='word_1_146' title='bbox 269 1392 331 1436; x_wconf 89' lang='lat' dir='ltr'>ut,</span> <span class='ocrx_word' id='word_1_147' title='bbox 362 1385 513 1424; x_wconf 86' lang='lat' dir='ltr'>omissis</span> <span class='ocrx_word' id='word_1_148' title='bbox 538 1385 704 1436; x_wconf 88' lang='lat' dir='ltr'>reliquis</span> <span class='ocrx_word' id='word_1_149' title='bbox 724 1385 991 1437; x_wconf 83' lang='lat' dir='ltr'>philosophis,</span> <span class='ocrx_word' id='word_1_150' title='bbox 1024 1386 1155 1438; x_wconf 82' lang='lat' dir='ltr'>ipsum</span> <span class='ocrx_word' id='word_1_151' title='bbox 1175 1387 1408 1438; x_wconf 82' lang='lat' dir='ltr'>Epicurum,</span> <span class='ocrx_word' id='word_1_152' title='bbox 1441 1404 1554 1440; x_wconf 83' lang='lat' dir='ltr'>quem</span> <span class='ocrx_word' id='word_1_153' title='bbox 1578 1392 1680 1429; x_wconf 90' lang='lat' dir='ltr'>mol-</span> 
     </span>
     <span class='ocr_line' id='line_1_22' title="bbox 85 1453 1683 1509; baseline 0.003 -14"><span class='ocrx_word' id='word_1_154' title='bbox 85 1457 160 1496; x_wconf 85' lang='lat' dir='ltr'>lem</span> <span class='ocrx_word' id='word_1_155' title='bbox 179 1462 219 1494; x_wconf 90' lang='lat' dir='ltr'>et</span> <span class='ocrx_word' id='word_1_156' title='bbox 238 1455 518 1508; x_wconf 84' lang='lat' dir='ltr'>voluptarium</span> <span class='ocrx_word' id='word_1_157' title='bbox 541 1453 832 1507; x_wconf 85' lang='lat' dir='ltr'>philosophum</span> <span class='ocrx_word' id='word_1_158' title='bbox 854 1455 1001 1504; x_wconf 83' lang='lat' dir='ltr'>dicant,</span> <span class='ocrx_word' id='word_1_159' title='bbox 1032 1456 1129 1493; x_wconf 82' lang='lat' dir='ltr'>satis</span> <span class='ocrx_word' id='word_1_160' title='bbox 1152 1456 1194 1493; x_wconf 87' lang='lat' dir='ltr'>in</span> <span class='ocrx_word' id='word_1_161' title='bbox 1216 1457 1372 1495; x_wconf 70' lang='lat' dir='ltr'>virtute</span> <span class='ocrx_word' id='word_1_162' title='bbox 1395 1460 1583 1509; x_wconf 76' lang='lat' dir='ltr'>praesidii</span> <span class='ocrx_word' id='word_1_163' title='bbox 1604 1474 1683 1499; x_wconf 85' lang='lat' dir='ltr'>esse</span> 
     </span>
    </p>
   </div>
   <div class='ocr_carea' id='block_1_5' title="bbox 64 1524 1680 1576">
    <p class='ocr_par' dir='ltr' id='par_1_9' title="bbox 64 1524 1680 1576">
     <span class='ocr_line' id='line_1_23' title="bbox 64 1524 1680 1576; baseline 0.004 -14"><span class='ocrx_word' id='word_1_164' title='bbox 64 1526 136 1564; x_wconf 17' lang='lat' dir='ltr'>‘ad</span> <span class='ocrx_word' id='word_1_165' title='bbox 157 1527 321 1564; x_wconf 51' lang='lat' dir='ltr'>beatam*</span> <span class='ocrx_word' id='word_1_166' title='bbox 337 1524 461 1563; x_wconf 84' lang='lat' dir='ltr'>vitam</span> <span class='ocrx_word' id='word_1_167' title='bbox 485 1538 642 1562; x_wconf 87' lang='lat' dir='ltr'>censere</span> <span class='ocrx_word' id='word_1_168' title='bbox 669 1524 866 1564; x_wconf 84' lang='lat' dir='ltr'>ostendat.</span> <span class='ocrx_word' id='word_1_169' title='bbox 926 1525 1116 1576; x_wconf 84' lang='lat' dir='ltr'>Epicurei</span> <span class='ocrx_word' id='word_1_170' title='bbox 1145 1525 1247 1563; x_wconf 88' lang='lat' dir='ltr'>enim</span> <span class='ocrx_word' id='word_1_171' title='bbox 1274 1533 1538 1567; x_wconf 85' lang='lat' dir='ltr'>contemnunt</span> <span class='ocrx_word' id='word_1_172' title='bbox 1569 1544 1680 1568; x_wconf 85' lang='lat' dir='ltr'>mor—</span> 
     </span>
    </p>
   </div>
   <div class='ocr_carea' id='block_1_6' title="bbox 83 1591 1682 1923">
    <p class='ocr_par' dir='ltr' id='par_1_10' title="bbox 83 1591 1682 1923">
     <span class='ocr_line' id='line_1_24' title="bbox 85 1591 1682 1649; baseline 0.002 -15"><span class='ocrx_word' id='word_1_173' title='bbox 85 1602 165 1634; x_wconf 86' lang='lat' dir='ltr'>tem</span> <span class='ocrx_word' id='word_1_174' title='bbox 193 1601 232 1632; x_wconf 89' lang='lat' dir='ltr'>et</span> <span class='ocrx_word' id='word_1_175' title='bbox 250 1594 429 1643; x_wconf 78' lang='lat' dir='ltr'>dolores3</span> <span class='ocrx_word' id='word_1_176' title='bbox 467 1591 508 1645; x_wconf 74' lang='lat'>§.</span> <span class='ocrx_word' id='word_1_177' title='bbox 535 1596 603 1632; x_wconf 84' lang='lat'>88.</span> <span class='ocrx_word' id='word_1_178' title='bbox 624 1597 692 1633; x_wconf 89' lang='grc'>89.</span> <span class='ocrx_word' id='word_1_179' title='bbox 715 1607 846 1644; x_wconf 82' lang='lat' dir='ltr'>parvo</span> <span class='ocrx_word' id='word_1_180' title='bbox 881 1594 1061 1632; x_wconf 87' lang='lat' dir='ltr'>contenti</span> <span class='ocrx_word' id='word_1_181' title='bbox 1096 1601 1203 1633; x_wconf 87' lang='lat' dir='ltr'>sunt.</span> <span class='ocrx_word' id='word_1_182' title='bbox 1263 1596 1351 1647; x_wconf 85' lang='lat' dir='ltr'>Ipsa</span> <span class='ocrx_word' id='word_1_183' title='bbox 1384 1605 1527 1636; x_wconf 81' lang='lat' dir='ltr'>natura</span> <span class='ocrx_word' id='word_1_184' title='bbox 1552 1613 1682 1649; x_wconf 83' lang='lat' dir='ltr'>pauca</span> 
     </span>
     <span class='ocr_line' id='line_1_25' title="bbox 84 1662 1682 1718; baseline 0.002 -15"><span class='ocrx_word' id='word_1_185' title='bbox 84 1664 298 1703; x_wconf 77' lang='lat' dir='ltr'>desiderat.</span> <span class='ocrx_word' id='word_1_186' title='bbox 355 1663 462 1701; x_wconf 91' lang='lat' dir='ltr'>Haec</span> <span class='ocrx_word' id='word_1_187' title='bbox 486 1663 683 1700; x_wconf 89' lang='lat' dir='ltr'>sententia</span> <span class='ocrx_word' id='word_1_188' title='bbox 704 1663 893 1714; x_wconf 71' lang='lat' dir='ltr'>exemplis</span> <span class='ocrx_word' id='word_1_189' title='bbox 919 1662 1179 1713; x_wconf 83' lang='lat' dir='ltr'>Anacharsis,</span> <span class='ocrx_word' id='word_1_190' title='bbox 1210 1665 1398 1714; x_wconf 78' lang='lat' dir='ltr'>Socratis,</span> <span class='ocrx_word' id='word_1_191' title='bbox 1430 1667 1682 1718; x_wconf 80' lang='lat' dir='ltr'>Xenocratis,</span> 
     </span>
     <span class='ocr_line' id='line_1_26' title="bbox 84 1732 1680 1786; baseline 0.001 -14"><span class='ocrx_word' id='word_1_192' title='bbox 84 1733 271 1786; x_wconf 85' lang='lat' dir='ltr'>Diogenis</span> <span class='ocrx_word' id='word_1_193' title='bbox 291 1732 534 1772; x_wconf 86' lang='lat' dir='ltr'>illustratur.</span> <span class='ocrx_word' id='word_1_194' title='bbox 566 1746 599 1770; x_wconf 90' lang='lat' dir='ltr'>c.</span> <span class='ocrx_word' id='word_1_195' title='bbox 622 1735 690 1771; x_wconf 80' lang='grc'>52.</span> <span class='ocrx_word' id='word_1_196' title='bbox 721 1754 779 1759; x_wconf 93' lang='lat'><strong>—</strong></span> <span class='ocrx_word' id='word_1_197' title='bbox 819 1732 981 1782; x_wconf 82' lang='lat' dir='ltr'>Dicunt,</span> <span class='ocrx_word' id='word_1_198' title='bbox 1014 1733 1257 1785; x_wconf 86' lang='lat' dir='ltr'>cupiditates</span> <span class='ocrx_word' id='word_1_199' title='bbox 1278 1735 1427 1785; x_wconf 81' lang='lat' dir='ltr'>partim</span> <span class='ocrx_word' id='word_1_200' title='bbox 1451 1749 1532 1773; x_wconf 82' lang='lat' dir='ltr'>esse</span> <span class='ocrx_word' id='word_1_201' title='bbox 1556 1744 1680 1775; x_wconf 83' lang='lat' dir='ltr'>natu-</span> 
     </span>
     <span class='ocr_line' id='line_1_27' title="bbox 83 1801 1681 1855; baseline 0.001 -14"><span class='ocrx_word' id='word_1_202' title='bbox 83 1803 186 1842; x_wconf 82' lang='lat' dir='ltr'>rales</span> <span class='ocrx_word' id='word_1_203' title='bbox 211 1809 250 1841; x_wconf 90' lang='lat' dir='ltr'>et</span> <span class='ocrx_word' id='word_1_204' title='bbox 272 1801 529 1851; x_wconf 78' lang='lat' dir='ltr'>neeessarias3</span> <span class='ocrx_word' id='word_1_205' title='bbox 562 1801 714 1853; x_wconf 88' lang='lat' dir='ltr'>partim</span> <span class='ocrx_word' id='word_1_206' title='bbox 742 1802 945 1840; x_wconf 85' lang='lat' dir='ltr'>naturales</span> <span class='ocrx_word' id='word_1_207' title='bbox 972 1809 1010 1839; x_wconf 91' lang='lat' dir='ltr'>et</span> <span class='ocrx_word' id='word_1_208' title='bbox 1034 1816 1117 1840; x_wconf 89' lang='lat' dir='ltr'>non</span> <span class='ocrx_word' id='word_1_209' title='bbox 1143 1803 1401 1852; x_wconf 66' lang='lat' dir='ltr'>necessarias,</span> <span class='ocrx_word' id='word_1_210' title='bbox 1434 1805 1581 1855; x_wconf 78' lang='lat' dir='ltr'>partin]</span> <span class='ocrx_word' id='word_1_211' title='bbox 1609 1819 1681 1844; x_wconf 89' lang='lat' dir='ltr'>nec</span> 
     </span>
     <span class='ocr_line' id='line_1_28' title="bbox 83 1870 1679 1923; baseline 0.001 -13"><span class='ocrx_word' id='word_1_212' title='bbox 83 1871 300 1921; x_wconf 79' lang='lat' dir='ltr'>naturales,</span> <span class='ocrx_word' id='word_1_213' title='bbox 331 1885 404 1909; x_wconf 81' lang='lat' dir='ltr'>nee</span> <span class='ocrx_word' id='word_1_214' title='bbox 426 1871 682 1908; x_wconf 85' lang='lat' dir='ltr'>necessarias:</span> <span class='ocrx_word' id='word_1_215' title='bbox 715 1872 954 1909; x_wconf 86' lang='lat' dir='ltr'>necessarias</span> <span class='ocrx_word' id='word_1_216' title='bbox 978 1870 1115 1908; x_wconf 81' lang='lat' dir='ltr'>satiari</span> <span class='ocrx_word' id='word_1_217' title='bbox 1140 1883 1256 1921; x_wconf 86' lang='lat' dir='ltr'>posse</span> <span class='ocrx_word' id='word_1_218' title='bbox 1282 1884 1408 1922; x_wconf 84' lang='lat' dir='ltr'>paene</span> <span class='ocrx_word' id='word_1_219' title='bbox 1434 1872 1583 1923; x_wconf 74' lang='lat' dir='ltr'>nihilo,</span> <span class='ocrx_word' id='word_1_220' title='bbox 1613 1888 1679 1912; x_wconf 92' lang='lat' dir='ltr'>se-</span> 
     </span>
    </p>
   </div>
   <div class='ocr_carea' id='block_1_7' title="bbox 84 1939 1681 1992">
    <p class='ocr_par' dir='ltr' id='par_1_11' title="bbox 84 1939 1681 1992">
     <span class='ocr_line' id='line_1_29' title="bbox 84 1939 1681 1992; baseline 0.001 -12"><span class='ocrx_word' id='word_1_221' title='bbox 84 1941 262 1983; x_wconf 85' lang='lat' dir='ltr'>cundum</span> <span class='ocrx_word' id='word_1_222' title='bbox 285 1947 416 1979; x_wconf 83' lang='lat' dir='ltr'>autem</span> <span class='ocrx_word' id='word_1_223' title='bbox 436 1953 559 1992; x_wconf 83' lang='lat' dir='ltr'>genus</span> <span class='ocrx_word' id='word_1_224' title='bbox 581 1940 851 1991; x_wconf 80' lang='lat' dir='ltr'>cupiditatum</span> <span class='ocrx_word' id='word_1_225' title='bbox 874 1953 946 1976; x_wconf 85' lang='lat' dir='ltr'>nec</span> <span class='ocrx_word' id='word_1_226' title='bbox 969 1939 1018 1975; x_wconf 89' lang='lat' dir='ltr'>ad</span> <span class='ocrx_word' id='word_1_227' title='bbox 1041 1939 1279 1990; x_wconf 84' lang='lat' dir='ltr'>potiendum</span> <span class='ocrx_word' id='word_1_228' title='bbox 1304 1940 1465 1979; x_wconf 80' lang='lat' dir='ltr'>difficile</span> <span class='ocrx_word' id='word_1_229' title='bbox 1489 1956 1580 1991; x_wconf 83' lang='lat' dir='ltr'>esse,</span> <span class='ocrx_word' id='word_1_230' title='bbox 1607 1958 1681 1983; x_wconf 89' lang='lat' dir='ltr'>nec</span> 
     </span>
    </p>
   </div>
   <div class='ocr_carea' id='block_1_8' title="bbox 83 2007 1681 2337">
    <p class='ocr_par' dir='ltr' id='par_1_12' title="bbox 83 2007 1681 2337">
     <span class='ocr_line' id='line_1_30' title="bbox 84 2007 1679 2059; baseline 0.001 -10"><span class='ocrx_word' id='word_1_231' title='bbox 84 2024 181 2050; x_wconf 86' lang='lat' dir='ltr'>vero</span> <span class='ocrx_word' id='word_1_232' title='bbox 212 2010 263 2048; x_wconf 87' lang='lat' dir='ltr'>ad</span> <span class='ocrx_word' id='word_1_233' title='bbox 294 2009 531 2057; x_wconf 75' lang='lat' dir='ltr'>carendum,</span> <span class='ocrx_word' id='word_1_234' title='bbox 571 2008 735 2056; x_wconf 75' lang='lat' dir='ltr'>tertias,</span> <span class='ocrx_word' id='word_1_235' title='bbox 769 2007 880 2057; x_wconf 83' lang='lat' dir='ltr'>quod</span> <span class='ocrx_word' id='word_1_236' title='bbox 905 2014 1034 2045; x_wconf 86' lang='lat' dir='ltr'>essent</span> <span class='ocrx_word' id='word_1_237' title='bbox 1065 2008 1184 2059; x_wconf 88' lang='lat' dir='ltr'>plane</span> <span class='ocrx_word' id='word_1_238' title='bbox 1208 2009 1364 2058; x_wconf 83' lang='lat' dir='ltr'>inanes,</span> <span class='ocrx_word' id='word_1_239' title='bbox 1397 2011 1581 2049; x_wconf 63' lang='lat' dir='ltr'>funditus</span> <span class='ocrx_word' id='word_1_240' title='bbox 1604 2013 1679 2050; x_wconf 88' lang='lat' dir='ltr'>eii-</span> 
     </span>
     <span class='ocr_line' id='line_1_31' title="bbox 84 2075 1679 2133; baseline 0.001 -15"><span class='ocrx_word' id='word_1_241' title='bbox 84 2079 244 2118; x_wconf 84' lang='lat' dir='ltr'>ciendas</span> <span class='ocrx_word' id='word_1_242' title='bbox 266 2092 363 2116; x_wconf 87' lang='lat' dir='ltr'>esse.</span> <span class='ocrx_word' id='word_1_243' title='bbox 393 2092 427 2115; x_wconf 89' lang='lat' dir='ltr'>c.</span> <span class='ocrx_word' id='word_1_244' title='bbox 453 2081 522 2116; x_wconf 82' lang='lat'>55.</span> <span class='ocrx_word' id='word_1_245' title='bbox 550 2075 591 2128; x_wconf 47' lang='grc' dir='ltr'>ᾗ.</span> <span class='ocrx_word' id='word_1_246' title='bbox 612 2079 680 2115; x_wconf 84' lang='grc'>95.</span> <span class='ocrx_word' id='word_1_247' title='bbox 720 2076 857 2126; x_wconf 85' lang='lat' dir='ltr'>Itaque</span> <span class='ocrx_word' id='word_1_248' title='bbox 875 2090 1009 2114; x_wconf 88' lang='lat' dir='ltr'>omnes</span> <span class='ocrx_word' id='word_1_249' title='bbox 1034 2077 1116 2115; x_wconf 91' lang='lat' dir='ltr'>eius</span> <span class='ocrx_word' id='word_1_250' title='bbox 1141 2078 1247 2115; x_wconf 87' lang='lat' dir='ltr'>modi</span> <span class='ocrx_word' id='word_1_251' title='bbox 1271 2079 1501 2131; x_wconf 78' lang='lat' dir='ltr'>voluptates</span> <span class='ocrx_word' id='word_1_252' title='bbox 1525 2081 1679 2133; x_wconf 82' lang='lat' dir='ltr'>Epicu-</span> 
     </span>
     <span class='ocr_line' id='line_1_32' title="bbox 83 2144 1681 2201; baseline 0.001 -14"><span class='ocrx_word' id='word_1_253' title='bbox 83 2162 156 2187; x_wconf 87' lang='lat' dir='ltr'>rus</span> <span class='ocrx_word' id='word_1_254' title='bbox 176 2153 380 2186; x_wconf 82' lang='lat' dir='ltr'>extenuat.</span> <span class='ocrx_word' id='word_1_255' title='bbox 409 2144 452 2198; x_wconf 51' lang='grc' dir='ltr'>ᾗ.</span> <span class='ocrx_word' id='word_1_256' title='bbox 472 2149 540 2185; x_wconf 89' lang='grc'>94.</span> <span class='ocrx_word' id='word_1_257' title='bbox 565 2149 634 2184; x_wconf 85' lang='grc'>95.</span> <span class='ocrx_word' id='word_1_258' title='bbox 664 2145 794 2183; x_wconf 88' lang='lat' dir='ltr'>Porro</span> <span class='ocrx_word' id='word_1_259' title='bbox 821 2152 1039 2184; x_wconf 76' lang='lat' dir='ltr'>extenuant</span> <span class='ocrx_word' id='word_1_260' title='bbox 1058 2147 1389 2198; x_wconf 79' lang='lat' dir='ltr'>magnificentiam</span> <span class='ocrx_word' id='word_1_261' title='bbox 1413 2156 1450 2186; x_wconf 93' lang='lat' dir='ltr'>et</span> <span class='ocrx_word' id='word_1_262' title='bbox 1476 2157 1681 2201; x_wconf 85' lang='lat' dir='ltr'>sumptum</span> 
     </span>
     <span class='ocr_line' id='line_1_33' title="bbox 85 2214 1679 2269; baseline 0.001 -15"><span class='ocrx_word' id='word_1_263' title='bbox 85 2217 316 2269; x_wconf 85' lang='lat' dir='ltr'>epularum,</span> <span class='ocrx_word' id='word_1_264' title='bbox 348 2215 459 2266; x_wconf 86' lang='lat' dir='ltr'>quod</span> <span class='ocrx_word' id='word_1_265' title='bbox 478 2229 609 2267; x_wconf 88' lang='lat' dir='ltr'>parvo</span> <span class='ocrx_word' id='word_1_266' title='bbox 634 2214 748 2253; x_wconf 85' lang='lat' dir='ltr'>cultu</span> <span class='ocrx_word' id='word_1_267' title='bbox 772 2221 918 2253; x_wconf 85' lang='lat' dir='ltr'>natura</span> <span class='ocrx_word' id='word_1_268' title='bbox 940 2222 1128 2253; x_wconf 89' lang='lat' dir='ltr'>contenta</span> <span class='ocrx_word' id='word_1_269' title='bbox 1152 2216 1216 2254; x_wconf 90' lang='lat' dir='ltr'>sit.</span> <span class='ocrx_word' id='word_1_270' title='bbox 1276 2218 1467 2269; x_wconf 75' lang='lat' dir='ltr'>Exempla</span> <span class='ocrx_word' id='word_1_271' title='bbox 1496 2218 1679 2257; x_wconf 81' lang='lat' dir='ltr'>afferun-</span> 
     </span>
     <span class='ocr_line' id='line_1_34' title="bbox 83 2283 1678 2337; baseline 0.001 -13"><span class='ocrx_word' id='word_1_272' title='bbox 83 2293 176 2335; x_wconf 86' lang='lat' dir='ltr'>tur,</span> <span class='ocrx_word' id='word_1_273' title='bbox 209 2285 356 2337; x_wconf 88' lang='lat' dir='ltr'>quibus</span> <span class='ocrx_word' id='word_1_274' title='bbox 380 2285 578 2337; x_wconf 83' lang='lat' dir='ltr'>probetur</span> <span class='ocrx_word' id='word_1_275' title='bbox 600 2283 893 2322; x_wconf 83' lang='lat' dir='ltr'>iucunditatem</span> <span class='ocrx_word' id='word_1_276' title='bbox 917 2285 1050 2323; x_wconf 85' lang='lat' dir='ltr'>victus</span> <span class='ocrx_word' id='word_1_277' title='bbox 1081 2298 1161 2323; x_wconf 89' lang='lat' dir='ltr'>esse</span> <span class='ocrx_word' id='word_1_278' title='bbox 1185 2285 1228 2323; x_wconf 90' lang='lat' dir='ltr'>in</span> <span class='ocrx_word' id='word_1_279' title='bbox 1255 2286 1476 2336; x_wconf 76' lang='lat' dir='ltr'>desiderio,</span> <span class='ocrx_word' id='word_1_280' title='bbox 1520 2302 1602 2325; x_wconf 89' lang='lat' dir='ltr'>non</span> <span class='ocrx_word' id='word_1_281' title='bbox 1635 2288 1678 2325; x_wconf 90' lang='lat' dir='ltr'>in</span> 
     </span>
    </p>
   </div>
   <div class='ocr_carea' id='block_1_9' title="bbox 27 2351 1675 2407">
    <p class='ocr_par' dir='ltr' id='par_1_13' title="bbox 27 2351 1675 2407">
     <span class='ocr_line' id='line_1_35' title="bbox 27 2351 1675 2407; baseline 0 -13"><span class='ocrx_word' id='word_1_282' title='bbox 27 2385 30 2390; x_wconf 78' lang='grc'><strong>.</strong></span> <span class='ocrx_word' id='word_1_283' title='bbox 84 2355 277 2394; x_wconf 87' lang='lat' dir='ltr'>satietate.</span> <span class='ocrx_word' id='word_1_284' title='bbox 318 2369 352 2392; x_wconf 81' lang='lat' dir='ltr'>e.</span> <span class='ocrx_word' id='word_1_285' title='bbox 375 2357 444 2394; x_wconf 82' lang='lat'>54.</span> <span class='ocrx_word' id='word_1_286' title='bbox 466 2358 534 2393; x_wconf 83' lang='grc'>55.</span> <span class='ocrx_word' id='word_1_287' title='bbox 563 2351 605 2406; x_wconf 74' lang='lat'>§.</span> <span class='ocrx_word' id='word_1_288' title='bbox 632 2356 727 2392; x_wconf 84' lang='lat'><strong>101.</strong></span> <span class='ocrx_word' id='word_1_289' title='bbox 781 2354 1054 2391; x_wconf 83' lang='lat' dir='ltr'>Contemnunt</span> <span class='ocrx_word' id='word_1_290' title='bbox 1077 2354 1264 2403; x_wconf 82' lang='lat' dir='ltr'>divitias,</span> <span class='ocrx_word' id='word_1_291' title='bbox 1294 2353 1458 2407; x_wconf 65' lang='lat'><strong>§.102</strong></span> <span class='ocrx_word' id='word_1_292' title='bbox 1489 2356 1675 2405; x_wconf 84' lang='lat' dir='ltr'>honores,</span> 
     </span>
    </p>
   </div>
   <div class='ocr_carea' id='block_1_10' title="bbox 83 2423 1681 2753">
    <p class='ocr_par' dir='ltr' id='par_1_14' title="bbox 83 2423 1681 2753">
     <span class='ocr_line' id='line_1_36' title="bbox 84 2423 1675 2473; baseline -0.003 -10"><span class='ocrx_word' id='word_1_293' title='bbox 84 2439 118 2463; x_wconf 88' lang='lat' dir='ltr'>c.</span> <span class='ocrx_word' id='word_1_294' title='bbox 141 2428 210 2464; x_wconf 89' lang='grc'>56.</span> <span class='ocrx_word' id='word_1_295' title='bbox 235 2423 442 2471; x_wconf 89' lang='lat' dir='ltr'>exsilium,</span> <span class='ocrx_word' id='word_1_296' title='bbox 482 2437 516 2462; x_wconf 90' lang='lat' dir='ltr'>c.</span> <span class='ocrx_word' id='word_1_297' title='bbox 540 2427 608 2463; x_wconf 80' lang='lat'>57.</span> <span class='ocrx_word' id='word_1_298' title='bbox 633 2423 805 2473; x_wconf 85' lang='lat' dir='ltr'>itemque</span> <span class='ocrx_word' id='word_1_299' title='bbox 841 2423 1025 2473; x_wconf 84' lang='lat' dir='ltr'>corporis</span> <span class='ocrx_word' id='word_1_300' title='bbox 1049 2423 1322 2473; x_wconf 87' lang='lat' dir='ltr'>infirmitates,</span> <span class='ocrx_word' id='word_1_301' title='bbox 1364 2432 1411 2462; x_wconf 89' lang='lat' dir='ltr'>ut</span> <span class='ocrx_word' id='word_1_302' title='bbox 1440 2425 1675 2472; x_wconf 87' lang='lat' dir='ltr'>caecitatem,</span> 
     </span>
     <span class='ocr_line' id='line_1_37' title="bbox 84 2490 1677 2545; baseline -0.003 -13"><span class='ocrx_word' id='word_1_303' title='bbox 84 2494 334 2532; x_wconf 87' lang='lat' dir='ltr'>surditatem.</span> <span class='ocrx_word' id='word_1_304' title='bbox 365 2507 399 2531; x_wconf 89' lang='lat' dir='ltr'>c.</span> <span class='ocrx_word' id='word_1_305' title='bbox 422 2495 491 2532; x_wconf 81' lang='lat'>58.</span> <span class='ocrx_word' id='word_1_306' title='bbox 513 2495 582 2531; x_wconf 89' lang='grc'>59.</span> <span class='ocrx_word' id='word_1_307' title='bbox 606 2495 674 2531; x_wconf 92' lang='grc'>40.</span> <span class='ocrx_word' id='word_1_308' title='bbox 698 2490 851 2543; x_wconf 73' lang='lat'><strong>§.116.</strong></span> <span class='ocrx_word' id='word_1_309' title='bbox 901 2492 1098 2543; x_wconf 85' lang='lat' dir='ltr'>Denique,</span> <span class='ocrx_word' id='word_1_310' title='bbox 1131 2493 1164 2530; x_wconf 92' lang='lat' dir='ltr'>si</span> <span class='ocrx_word' id='word_1_311' title='bbox 1189 2500 1460 2545; x_wconf 80' lang='lat' dir='ltr'>congerantur</span> <span class='ocrx_word' id='word_1_312' title='bbox 1484 2494 1524 2530; x_wconf 93' lang='lat' dir='ltr'>in</span> <span class='ocrx_word' id='word_1_313' title='bbox 1551 2505 1677 2529; x_wconf 86' lang='lat' dir='ltr'>unum</span> 
     </span>
     <span class='ocr_line' id='line_1_38' title="bbox 85 2559 1675 2613; baseline -0.003 -13"><span class='ocrx_word' id='word_1_314' title='bbox 85 2563 236 2612; x_wconf 89' lang='lat' dir='ltr'>omnia,</span> <span class='ocrx_word' id='word_1_315' title='bbox 267 2569 314 2600; x_wconf 92' lang='lat' dir='ltr'>ut</span> <span class='ocrx_word' id='word_1_316' title='bbox 334 2562 438 2600; x_wconf 86' lang='lat' dir='ltr'>idem</span> <span class='ocrx_word' id='word_1_317' title='bbox 459 2561 586 2600; x_wconf 92' lang='lat' dir='ltr'>oculis</span> <span class='ocrx_word' id='word_1_318' title='bbox 620 2567 659 2599; x_wconf 89' lang='lat' dir='ltr'>et</span> <span class='ocrx_word' id='word_1_319' title='bbox 683 2561 850 2598; x_wconf 85' lang='lat' dir='ltr'>auribus</span> <span class='ocrx_word' id='word_1_320' title='bbox 875 2567 1016 2612; x_wconf 86' lang='lat' dir='ltr'>captus</span> <span class='ocrx_word' id='word_1_321' title='bbox 1042 2561 1112 2610; x_wconf 85' lang='lat' dir='ltr'>sit,</span> <span class='ocrx_word' id='word_1_322' title='bbox 1143 2570 1351 2613; x_wconf 84' lang='lat' dir='ltr'>prematur</span> <span class='ocrx_word' id='word_1_323' title='bbox 1376 2563 1490 2600; x_wconf 86' lang='lat' dir='ltr'>etiam</span> <span class='ocrx_word' id='word_1_324' title='bbox 1517 2559 1675 2597; x_wconf 86' lang='lat' dir='ltr'>dolori-</span> 
     </span>
     <span class='ocr_line' id='line_1_39' title="bbox 83 2630 1675 2682; baseline -0.003 -12"><span class='ocrx_word' id='word_1_325' title='bbox 83 2631 158 2670; x_wconf 90' lang='lat' dir='ltr'>bus</span> <span class='ocrx_word' id='word_1_326' title='bbox 181 2631 382 2670; x_wconf 88' lang='lat' dir='ltr'>acerrimis</span> <span class='ocrx_word' id='word_1_327' title='bbox 405 2631 600 2682; x_wconf 84' lang='lat' dir='ltr'>corporis,</span> <span class='ocrx_word' id='word_1_328' title='bbox 632 2644 714 2668; x_wconf 91' lang='lat' dir='ltr'>non</span> <span class='ocrx_word' id='word_1_329' title='bbox 738 2643 818 2668; x_wconf 90' lang='lat' dir='ltr'>esse</span> <span class='ocrx_word' id='word_1_330' title='bbox 842 2630 995 2678; x_wconf 84' lang='lat' dir='ltr'>dicunt,</span> <span class='ocrx_word' id='word_1_331' title='bbox 1028 2630 1139 2680; x_wconf 89' lang='lat' dir='ltr'>quod</span> <span class='ocrx_word' id='word_1_332' title='bbox 1161 2631 1396 2679; x_wconf 85' lang='lat' dir='ltr'>laboremus,</span> <span class='ocrx_word' id='word_1_333' title='bbox 1430 2642 1551 2680; x_wconf 87' lang='lat' dir='ltr'>quum</span> <span class='ocrx_word' id='word_1_334' title='bbox 1567 2642 1675 2666; x_wconf 89' lang='lat' dir='ltr'>mors</span> 
     </span>
     <span class='ocr_line' id='line_1_40' title="bbox 83 2691 1681 2753; baseline -0.001 -15"><span class='ocrx_word' id='word_1_335' title='bbox 83 2705 273 2751; x_wconf 80' lang='lat' dir='ltr'>tanquam</span> <span class='ocrx_word' id='word_1_336' title='bbox 299 2708 444 2753; x_wconf 85' lang='lat' dir='ltr'>portus</span> <span class='ocrx_word' id='word_1_337' title='bbox 469 2706 633 2752; x_wconf 85' lang='lat' dir='ltr'>praesto</span> <span class='ocrx_word' id='word_1_338' title='bbox 659 2699 732 2749; x_wconf 88' lang='lat' dir='ltr'>sit,</span> <span class='ocrx_word' id='word_1_339' title='bbox 776 2705 982 2737; x_wconf 85' lang='lat' dir='ltr'>aeternum</span> <span class='ocrx_word' id='word_1_340' title='bbox 1012 2698 1117 2737; x_wconf 87' lang='lat' dir='ltr'>nihil</span> <span class='ocrx_word' id='word_1_341' title='bbox 1140 2700 1339 2738; x_wconf 86' lang='lat' dir='ltr'>sentiendi</span> <span class='ocrx_word' id='word_1_342' title='bbox 1364 2691 1681 2748; x_wconf 75' lang='lat' dir='ltr'>receptaculum.</span> 
     </span>
    </p>
   </div>
   <div class='ocr_carea' id='block_1_11' title="bbox 49 2765 563 2822">
    <p class='ocr_par' dir='ltr' id='par_1_15' title="bbox 49 2765 563 2822">
     <span class='ocr_line' id='line_1_41' title="bbox 49 2765 563 2822; baseline 0 -16"><span class='ocrx_word' id='word_1_343' title='bbox 49 2802 55 2814; x_wconf 83' lang='grc'><em>,</em></span> <span class='ocrx_word' id='word_1_344' title='bbox 83 2765 125 2820; x_wconf 81' lang='lat'>§.</span> <span class='ocrx_word' id='word_1_345' title='bbox 148 2773 244 2809; x_wconf 82' lang='grc'><strong>117.</strong></span> <span class='ocrx_word' id='word_1_346' title='bbox 275 2784 308 2808; x_wconf 88' lang='lat' dir='ltr'>c.</span> <span class='ocrx_word' id='word_1_347' title='bbox 332 2773 400 2810; x_wconf 87' lang='lat'>41.</span> <span class='ocrx_word' id='word_1_348' title='bbox 430 2770 563 2822; x_wconf 87' lang='lat' dir='ltr'>princ.</span> 
     </span>
    </p>
   </div>
   <div class='ocr_carea' id='block_1_12' title="bbox 196 2837 1669 2889">
    <p class='ocr_par' dir='ltr' id='par_1_16' title="bbox 196 2837 1669 2889">
     <span class='ocr_line' id='line_1_42' title="bbox 196 2837 1669 2889; baseline -0.003 -12"><span class='ocrx_word' id='word_1_349' title='bbox 196 2838 263 2877; x_wconf 86' lang='lat' dir='ltr'>IV.</span> <span class='ocrx_word' id='word_1_350' title='bbox 307 2840 527 2877; x_wconf 72' lang='lat' dir='ltr'>CoNchsm</span> <span class='ocrx_word' id='word_1_351' title='bbox 554 2852 673 2876; x_wconf 74' lang='lat' dir='ltr'>news</span> <span class='ocrx_word' id='word_1_352' title='bbox 699 2851 824 2875; x_wconf 77' lang='lat' dir='ltr'><strong>LIBRI.</strong></span> <span class='ocrx_word' id='word_1_353' title='bbox 883 2837 990 2888; x_wconf 82' lang='lat' dir='ltr'>Ergo</span> <span class='ocrx_word' id='word_1_354' title='bbox 1013 2837 1047 2874; x_wconf 92' lang='lat' dir='ltr'>si</span> <span class='ocrx_word' id='word_1_355' title='bbox 1069 2837 1281 2889; x_wconf 87' lang='lat' dir='ltr'>Epicurei,</span> <span class='ocrx_word' id='word_1_356' title='bbox 1313 2847 1487 2885; x_wconf 86' lang='lat' dir='ltr'>quorum</span> <span class='ocrx_word' id='word_1_357' title='bbox 1512 2847 1553 2871; x_wconf 89' lang='lat' dir='ltr'>ea</span> <span class='ocrx_word' id='word_1_358' title='bbox 1576 2847 1669 2872; x_wconf 87' lang='lat' dir='ltr'>sen-</span> 
     </span>
    </p>
   </div>
   <div class='ocr_carea' id='block_1_13' title="bbox 84 2902 1671 3009">
    <p class='ocr_par' dir='ltr' id='par_1_17' title="bbox 84 2902 1671 3009">
     <span class='ocr_line' id='line_1_43' title="bbox 84 2902 1671 2960; baseline 0.001 -18"><span class='ocrx_word' id='word_1_359' title='bbox 84 2905 213 2944; x_wconf 76' lang='lat' dir='ltr'>tentia</span> <span class='ocrx_word' id='word_1_360' title='bbox 237 2914 314 2958; x_wconf 84' lang='lat' dir='ltr'>est,</span> <span class='ocrx_word' id='word_1_361' title='bbox 343 2915 391 2946; x_wconf 92' lang='lat' dir='ltr'>ut</span> <span class='ocrx_word' id='word_1_362' title='bbox 419 2908 553 2948; x_wconf 85' lang='lat' dir='ltr'>virtus</span> <span class='ocrx_word' id='word_1_363' title='bbox 579 2921 656 2960; x_wconf 87' lang='lat' dir='ltr'>per</span> <span class='ocrx_word' id='word_1_364' title='bbox 679 2921 720 2946; x_wconf 88' lang='lat' dir='ltr'>se</span> <span class='ocrx_word' id='word_1_365' title='bbox 741 2907 830 2959; x_wconf 86' lang='lat' dir='ltr'>ipsa</span> <span class='ocrx_word' id='word_1_366' title='bbox 853 2905 958 2944; x_wconf 84' lang='lat' dir='ltr'>nihil</span> <span class='ocrx_word' id='word_1_367' title='bbox 979 2906 1128 2956; x_wconf 85' lang='lat' dir='ltr'>valeat,</span> <span class='ocrx_word' id='word_1_368' title='bbox 1160 2916 1373 2953; x_wconf 87' lang='lat' dir='ltr'>omneque,</span> <span class='ocrx_word' id='word_1_369' title='bbox 1405 2903 1515 2954; x_wconf 91' lang='lat' dir='ltr'>quod</span> <span class='ocrx_word' id='word_1_370' title='bbox 1539 2902 1671 2943; x_wconf 88' lang='lat' dir='ltr'>hone-</span> 
     </span>
     <span class='ocr_line' id='line_1_44' title="bbox 1309 2974 1335 3009; baseline 0 0"><span class='ocrx_word' id='word_1_371' title='bbox 1309 2974 1335 3009; x_wconf 86' lang='grc'><strong>5</strong></span> 
     </span>
    </p>
   </div>
  </div>
 </body>
</html>
