1843 3101
143 42 226 87 146

144 133 317 178 excellet
346 132 465 182 illud,
509 128 611 185 quod
644 133 752 184 recte
788 124 1065 181 amplexantur
1094 121 1183 174 isti,
1229 118 1332 176 quod
1357 117 1590 169 honestum,
1636 113 1740 171 quod

143 217 295 254 rectum
311 241 322 261 ,
365 206 466 262 quod
491 205 676 245 decorum
700 200 963 257 appellamus,
1008 198 1110 254 quod
1131 197 1234 239 idem
1257 193 1454 236 interdum
1479 190 1640 235 virtutis
1669 204 1742 232 no-

732 43 899 78 LIBER
925 44 967 76 1¹.
995 40 1058 83 13,
1082 39 1141 76 31.

144 287 250 329 mine
280 281 574 338 amplectimur,
619 284 661 318 ut
694 276 824 317 omnia
849 282 1080 332 praeterea,
1126 285 1226 327 quae
1260 270 1365 311 bona
1391 266 1571 324 corporis
1595 271 1637 309 et
1660 265 1742 307 for-

146 370 264 404 tunae
300 362 510 414 putantur,
556 352 774 409 perexigua
803 359 842 392 et
874 351 1022 392 minuta
1050 348 1285 396 videantur,
1331 357 1382 386 ne
1414 342 1558 384 malum
1587 339 1743 396 quidem

147 438 290 484 ullum,
333 445 430 480 neo,
475 429 508 470 si
541 429 723 469 inunum
755 427 881 467 locum
905 424 1046 466 collata
1067 421 1199 463 omnia
1234 419 1337 470 sint,
1380 432 1467 460 cum
1490 413 1743 472 turpitudinis

148 511 248 552 malo
280 504 560 561 comparanda.
634 509 706 544 51.
750 500 887 556 Quare
920 501 977 551 si,
1022 505 1063 539 ut
1095 495 1207 537 initio
1241 493 1503 543 concessisti,
1543 489 1743 547 turpitudo

148 586 258 642 peius
299 590 361 623 cst
394 595 508 635 qnam
534 579 671 630 dolor,
719 576 813 618 nihil
845 583 905 615 est
937 575 1050 630 plane
1080 572 1207 612 dolor.
1270 567 1375 610 ,Nam
1405 567 1495 608 (lum
1526 565 1595 607 tibi
1629 572 1742 620 turpe

146 676 219 703 nee
248 660 406 713 dignum
439 656 525 696 viro
555 653 753 695 videbitur
776 664 963 706 genuere,
1008 647 1183 697 ciulare,
1228 641 1453 694 lamentari,
1487 639 1641 695 frangi,
1674 639 1743 680 de-

147 735 289 778 bilitari
311 733 446 774 dolore
463 763 473 781 ‚
518 730 607 770 dum
631 729 840 776 honestas,
884 726 972 766 duni
994 723 1162 777 dignitas
1180 753 1190 771 ,
1236 720 1325 760 dum
1349 718 1469 759 decus
1488 715 1639 766 aderit,
1683 721 1744 755 tu-

149 825 223 868 que
248 811 287 850 in
315 822 361 850 ea
387 807 544 847 intuens
574 812 609 844 tr
633 802 878 844 continebis:
923 800 1036 840 rrtlet
1058 798 1236 854 profecto
1258 792 1395 835 virtuti
1421 791 1536 834 dolor
1564 797 1605 832 et
1625 788 1747 831 animi

146 884 372 928 inductione
403 882 650 933 languescet.
714 877 797 918 Ant
827 875 930 916 enim
962 873 1067 914 nulla
1098 872 1224 911 virtus
1261 875 1344 919 est,
1391 873 1460 908 aut
1489 872 1748 908 contemnen-

147 962 219 1003 dus
264 957 391 999 omnis
429 956 555 996 dolor.
637 951 946 993 Prtulrntiauine
987 947 1048 988 vis
1091 959 1208 995 rsse,
1259 943 1345 984 sine
1383 955 1461 997 qua
1498 955 1550 983 ne
1581 938 1749 995 intelligi

146 1036 301 1092 quidem
339 1031 416 1072 ulla
448 1030 573 1070 virtus
606 1029 766 1083 potest?
817 1025 921 1079 Quid
954 1023 1081 1076 ergo?
1132 1034 1179 1061 ea
1216 1018 1438 1074 patieturne
1470 1022 1508 1058 te
1538 1015 1748 1072 quicquam

148 1113 279 1152 facere
318 1106 412 1148 nihil
451 1104 720 1160 proficientem
755 1107 794 1141 et
828 1097 1102 1140 laborantem?
1171 1094 1237 1135 An
1272 1090 1533 1148 temperantia
1566 1089 1672 1132 sinet
1707 1094 1748 1130 te

148 1184 404 1227 immoderate
435 1182 566 1220 farore
592 1177 832 1233 quii-quani?
876 1189 924 1214 an
956 1172 1030 1213 coli
1060 1170 1206 1212 institia
1231 1168 1375 1225 poterit
1410 1166 1457 1207 ab
1479 1165 1636 1207 homine
1657 1177 1749 1220 pro-

150 1268 236 1318 pter
276 1259 354 1299 vim
398 1255 546 1296 doloris
581 1252 812 1294 enuntiante
845 1248 1084 1297 commissa,
1137 1244 1327 1301 prodente
1363 1240 1569 1292 conscios,
1625 1238 1749 1280 multa

217 1381 318 1417 illud,
343 1378 426 1418 quod
448 1395 514 1414 ---‚
537 1373 636 1417 quod]
674 1373 713 1403 V.
741 1371 864 1404 Aduot.
897 1370 930 1401 in

157 1431 179 1460 l.
201 1432 242 1459 3.-
258 1452 264 1460 .
289 1427 344 1457 t›1.

220 1473 393 1512 peren‘yua
411 1473 436 1499 et
452 1468 587 1507 minutass
622 1464 663 1496 ad
679 1463 852 1496 Ati.X1V.
883 1461 930 1498 1⁴2,

154 1520 195 1552 ¹2:
239 1514 482 1560 pri-honorilice
517 1521 546 1543 rt
577 1511 692 1544 amice.
739 1508 780 1541 ad
808 1513 848 1547 Q.
877 1508 930 1539 1³r.

158 1568 180 1598 Ῑ.
206 1566 230 1597 i.
257 1576 283 1595 C.
306 1562 344 1601 (j,
375 1564 432 1594 1³:
460 1559 608 1590 ‹leh-ctus
632 1577 677 1582 —
702 1562 877 1600 percautus
899 1560 931 1584 rt

154 1610 307 1653 diligens.
360 1608 431 1638 Vin.
458 1607 515 1638 ΙΙΙ.
545 1607 593 1642 ΙΙ,
617 1603 679 1635 ξ-ἰὕῑ
706 1600 875 1645 perfacilis
901 1606 933 1630 et

157 1656 311 1700 expeditu
346 1652 510 1685 defensio.
575 1655 615 1682 At
639 1648 680 1681 ‹le
704 1649 786 1691 liep-
808 1648 842 1683 I.
872 1648 930 1679 1⁸3:

156 1704 318 1736 adventus
334 1698 555 1744 poi-ineundus
570 1704 600 1727 et
619 1701 803 1739 pergratus.
832 1693 872 1724 N.
892 1692 930 1723 D.

158 1752 182 1782 ῐ.
213 1750 246 1787 l,
287 1750 319 1780 l:
364 1743 572 1789 perditui-itis
597 1762 640 1766 —-
667 1748 700 1773 ct
731 1739 933 1784 perobscura

157 1793 320 1840 quaestio.
373 1793 462 1823 ssiut.
488 1792 541 1825 45.
573 1789 648 1821 Ῑύδτ
677 1792 876 1831 perornatus
902 1789 934 1815 et

159 1839 339 1886 perbrevis.
391 1839 416 1869 F,
450 1835 566 1880 quilius
598 1832 758 1877 exemplis
782 1836 934 1875 apparet,

158 1894 334 1928 utrumqne
359 1891 449 1916 rorte
475 1882 561 1918 (liri,
587 1880 645 1911 sod
670 1878 800 1922 saepius
825 1877 857 1909 in
882 1876 934 1907 al-

159 1940 232 1965 tri-o
256 1931 422 1963 adim-tivo
448 1928 555 1971 repeti
579 1937 644 1968 per.

226 1980 339 2009 collatu
361 1979 465 2007 omniu
489 1975 564 2017 siut]
595 1975 641 2004 l)‹·
662 1972 839 2003 verborum
862 1967 937 2002 col—

160 2024 328 2057 locatione
366 2023 409 2053 cl'.
447 2020 553 2051 Divin.
580 2020 603 2050 Ι.
630 2019 683 2055 415,
711 2020 773 2050 lb:
811 2016 841 2048 in
879 2015 936 2046 Si-

162 2070 272 2114 byllae
295 2068 385 2099 libris
408 2066 544 2098 eaedem
566 2069 706 2104 repertae
729 2061 935 2106 praedictio-

161 2128 218 2148 nes
243 2118 324 2148 sunt.
368 2115 410 2145 Il.
432 2116 472 2151 ζ’,
497 2112 535 2143 ti:
563 2112 742 2142 admiratus
765 2108 935 2140 fortunam

161 2173 230 2195 sum
263 2159 408 2193 atterius.
471 2157 542 2189 Alia
572 2156 722 2187 dedimus
752 2154 784 2186 in
812 2154 869 2185 Gr.
897 2154 934 2185 L.

162 2206 282 2252 §.162
308 2206 388 2238 Not.
404 2202 436 2236 4.
458 2215 492 2247 p.
507 2203 583 2235 470.
609 2201 660 2233 ed.
678 2204 710 2233 ζ’.

226 2254 281 2286 31.
323 2252 484 2291 turpitudo
516 2251 605 2289 peius
623 2252 679 2289 est,¹
717 2247 811 2277 Haec
844 2251 937 2276 stru-

162 2307 254 2332 ctura
276 2297 365 2342 apud
389 2296 584 2327 Ciceronem
605 2292 769 2325 rarissima
791 2299 850 2329 est,
876 2302 938 2322 nec

163 2345 235 2378 fere
258 2344 299 2376 ab
323 2355 363 2375 co
387 2346 584 2384 usurpatur,
619 2339 681 2370 nisi
711 2338 744 2370 in
766 2336 938 2369 adiectivis

161 2400 335 2429 commune,
352 2390 528 2430 proprium,
550 2389 733 2424 extremum,
756 2395 840 2427 quae
857 2382 939 2414 sub-

162 2437 384 2470 stantivorum
406 2433 494 2466 vices
514 2430 689 2463 sustinent.
734 2431 807 2461 Hoc
827 2435 939 2460 autem

163 2484 240 2516 loco
262 2485 353 2524 peius
375 2480 499 2512 dictum
524 2477 667 2511 videtur,
694 2476 770 2519 quia
790 2474 940 2518 sequitur

164 2531 252 2563 nihil.
309 2529 348 2559 V.
377 2537 438 2559 uos
461 2525 496 2557 in
522 2523 580 2556 Gr.
602 2523 640 2554 L.
665 2521 784 2567 §.10:3.
808 2521 888 2552 Not.
905 2521 938 2552 2.

166 2587 199 2620 p.
217 2572 289 2608 140.

232 2623 332 2653 animi
351 2616 544 2658 inductione]
569 2614 612 2647 H.
629 2625 657 2645 e.
676 2612 860 2645 deliberata
880 2622 941 2643 vo-

166 2667 306 2700 luntate.
354 2667 394 2697 V.
419 2664 552 2697 Ernestii
574 2661 663 2693 Clav.
687 2659 838 2691 ciceron.
859 2657 891 2688 h.
910 2668 941 2688 v.

166 2715 392 2746 Forcellinius:
418 2707 599 2754 persuasio,
623 2717 686 2751 qua
704 2704 776 2749 quis
796 2702 943 2735 animum

166 2758 315 2798 inducit,
351 2755 477 2800 aliquid
509 2754 633 2787 facere.
685 2751 736 2784 cf.
761 2749 804 2782 ad
826 2748 940 2789 Quint.

168 2805 222 2836 Fr.
248 2805 273 2836 1.
302 2806 326 2837 1.
351 2815 378 2836 c.
404 2804 454 2836 ll.
494 2800 537 2833 ad
569 2800 661 2832 Fam.
687 2799 712 2831 1.
733 2798 772 2831 δι
810 2801 942 2828 tantum

169 2849 256 2882 enim
277 2849 377 2882 animi
400 2847 552 2880 inductio
572 2864 618 2871 -
640 2843 739 2876 valet.

235 2895 496 2937 Prudentiamne]
521 2890 721 2928 Prudentia,
745 2895 941 2932 temperan-

169 2938 237 2979 tia,
269 2940 394 2973 iustitia
416 2947 450 2973 et
473 2937 641 2973 fortitudo
673 2941 751 2969 sunt
783 2939 942 2979 quattuor

169 2995 249 3028 quas
273 2992 398 3018 vocant
419 2985 560 3018 virtutes
583 2981 778 3017 cardinales.

1032 1365 1223 1408 patieturne]
1251 1362 1422 1396 Sententia
1446 1368 1516 1394 est:
1541 1360 1614 1394 Nisi
1638 1359 1746 1393 omnis

969 1412 1194 1446 contemnitur
1217 1410 1335 1444 dolor.
1374 1406 1552 1452 prudentia
1585 1418 1657 1439 esse
1675 1416 1745 1438 non

968 1466 1090 1503 potest.
1142 1458 1227 1489 Nam
1251 1454 1428 1500 prudentia
1451 1465 1519 1487 non
1543 1453 1692 1499 patietur
1712 1459 1747 1484 t·

968 1517 1037 1538 rom
1072 1504 1215 1547 aliquam
1244 1504 1376 1540 facere,
1415 1501 1448 1533 in
1473 1512 1559 1545 qua,
1596 1497 1748 1544 quamvis

967 1563 1081 1583 omnes
1106 1559 1178 1582 tuas
1202 1547 1356 1581 intendas
1382 1547 1487 1585 vires,
1526 1553 1638 1579 tamen
1663 1543 1747 1577 nihil

970 1597 1133 1642 prosicias.
1194 1597 1283 1638 Ergo
1318 1606 1379 1626 nec
1410 1593 1530 1626 dolore
1558 1600 1594 1624 te
1625 1589 1747 1624 confici

969 1644 1113 1688 patietur
1132 1640 1331 1685 prudentum
1356 1651 1431 1671 nam
1451 1637 1665 1682 suscipiendo
1685 1636 1747 1669 do-

968 1691 1037 1721 lore
1062 1688 1143 1721 nihil
1168 1686 1343 1731 proficies,
1380 1686 1411 1718 h.
1433 1697 1462 1715 e.
1491 1684 1646 1717 dolorem
1678 1693 1747 1716 non

969 1736 1152 1768 imminues.
1193 1734 1317 1765 Lucem
1338 1730 1515 1763 att'nndent
1534 1730 1613 1763 huic
1634 1729 1745 1773 impe-

970 1781 1084 1814 ditiori
1120 1781 1196 1813 loco
1238 1778 1397 1810 nonnulla
1432 1776 1551 1809 horum
1583 1775 1746 1808 librorum

970 1827 1122 1872 exempla
1137 1852 1145 1866 ,
1189 1825 1224 1858 in
1263 1824 1382 1869 quibus
1420 1821 1538 1855 eadem
1579 1821 1748 1854 sententia

971 1874 1167 1917 consignata
1205 1877 1277 1909 est,
1321 1869 1369 1902 uti
1406 1867 1494 1900 infra
1528 1879 1556 1900 c.
1582 1864 1646 1905 24,
1682 1866 1745 1901 57:

973 1924 1082 1961 Quum
1099 1929 1179 1951 vero
1195 1917 1337 1961 gemitus
1354 1914 1434 1948 nihil
1450 1913 1626 1946 imminuat
1647 1912 1747 1946 dolo-

973 1967 1036 2004 ris,
1076 1977 1133 1998 cur
1161 1965 1284 1996 frustra
1313 1970 1428 2006 turpes
1459 1971 1532 1993 esse
1562 1957 1747 1992 volumus?

971 2014 1029 2045 ΙΙΙ.
1051 2013 1105 2045 '.’*⁴.
1127 2022 1196 2054 pin:
1232 2007 1321 2049 Quid
1342 2015 1393 2041 est
1412 2013 1537 2046 autem,
1562 2005 1654 2050 quod
1674 2005 1748 2049 plus

973 2059 1079 2091 valeat
1095 2057 1136 2090 ad
1151 2055 1342 2100 ponendum
1356 2053 1520 2091 dolorem,
1535 2063 1634 2096 quam
1646 2062 1747 2096 quum

972 2112 1021 2137 est
1054 2103 1284 2143 intellectum,
1319 2099 1401 2134 nihil
1429 2098 1567 2144 profici,
1605 2104 1641 2131 et
1672 2097 1750 2131 sru-

971 2159 1038 2183 stra
1068 2162 1139 2181 esse
1168 2145 1386 2192 susceptum?
1433 2144 1519 2178 lbid.
1544 2156 1572 2178 c.
1591 2143 1657 2184 32,
1681 2143 1748 2178 77:

971 2199 1140 2228 Summam
1183 2206 1255 2227 esse
1288 2191 1465 2226 stultitiam
1502 2191 1628 2224 frustra
1662 2200 1751 2222 con-

972 2243 1022 2275 fici
1047 2252 1210 2280 maerore,
1236 2251 1337 2284 quum
1358 2238 1526 2281 intelligas
1546 2235 1629 2269 nihil
1648 2245 1750 2280 posse

971 2288 1100 2333 profici.

1040 2338 1088 2367 ,4η
1109 2331 1330 2376 temperantia]
1356 2330 1398 2362 H.
1422 2341 1451 2361 e.
1473 2341 1537 2362 nec
1552 2335 1752 2371 temper-an-

973 2380 1019 2413 tia
1039 2381 1127 2412 sinet
1144 2387 1178 2411 te
1196 2377 1418 2410 immoderate
1436 2375 1556 2408 dolore
1576 2372 1696 2408 confici
1715 2379 1750 2405 et

973 2425 1125 2470 deprimi.

1042 2473 1096 2505 32.
1120 2470 1241 2515 iacens]
1265 2472 1370 2503 Iacere
1391 2468 1562 2511 eleganter
1581 2464 1751 2504 dicuntur,

975 2518 1029 2562 qui
1050 2517 1179 2554 dolore,
1206 2527 1368 2555 maerore,
1393 2510 1630 2557 desperatione
1650 2509 1751 2543 fracti

974 2570 1052 2596 sunt
1087 2575 1126 2595 ac
1156 2561 1334 2595 debilitati.
1392 2559 1485 2592 Infra
1513 2558 1572 2590 IV.
1597 2555 1658 2597 16,
1682 2556 1749 2590 35:

975 2608 1185 2652 aegritudine
1224 2607 1296 2652 quis
1334 2605 1480 2638 afflictus
1495 2629 1502 2641 ‚
1544 2601 1750 2643 debilitatus,

973 2658 1090 2687 iacens.
1114 2654 1157 2686 ad
1178 2653 1281 2686 Attic.
1302 2652 1350 2692 X,
1374 2648 1417 2684 4:
1441 2652 1523 2694 iacet
1542 2648 1577 2681 in
1598 2658 1751 2681 maerore

976 2712 1067 2732 meus
1092 2700 1206 2731 frater.
1255 2699 1296 2730 V.
1321 2699 1446 2731 Schiitz.
1469 2696 1547 2727 Lex.
1574 2694 1642 2727 Cic.
1666 2694 1699 2726 h.
1715 2704 1752 2727 v.

1045 2748 1176 2778 audies:
1203 2746 1229 2779 Ο
1248 2747 1354 2777 virum
1373 2744 1484 2784 {ortem
1495 2742 1528 2784 ?]
1567 2741 1677 2781 Quum
1700 2739 1749 2772 ita

977 2791 1117 2824 affectus
1141 2791 1223 2829 eris,
1249 2790 1466 2834 quisquamne
1487 2795 1523 2820 te
1545 2786 1653 2819 virum
1675 2785 1753 2820 for-

973 2845 1042 2871 tem
1069 2849 1140 2870 esse
1163 2835 1280 2869 dicet?
1341 2841 1344 2843 ’

1045 2885 1225 2918 Amittenda
1237 2901 1283 2908 -
1296 2880 1461 2923 fortitudo]
1477 2877 1680 2924 Exquisitius
1695 2875 1753 2910 di-

977 2937 1067 2964 ctum
1099 2937 1151 2963 est
1183 2929 1227 2962 ob
1258 2939 1353 2973 seqq.
1382 2927 1416 2959 in
1451 2938 1480 2959 c.
1499 2923 1552 2960 14.
1573 2923 1683 2970 princ.
1707 2919 1754 2956 td

976 2978 1123 3012 Herenn.
1146 2976 1193 3010 IV
1196 3000 1204 3009 .
1226 2971 1283 3009 44.
1315 2973 1360 3007 de
1379 2972 1486 3006 Decio
1504 2982 1569 3017 pro
1587 2969 1698 3016 patria
1714 2977 1754 3002 ιο
1801 2964 1804 2970 ’
