1859 3117
650 59 1016 100 LIBER1.5,10.
1573 51 1629 94 45

42 144 185 187 mortui
207 150 322 196 sunt,
355 141 496 193 auiis,
531 139 671 194 quibus
696 139 940 180 moriendum
963 140 1056 181 cst?
1094 139 1150 181 A.
1185 137 1389 195 Utrisque.
1453 141 1522 183 M.
1555 141 1631 184 Est

866 215 922 255 A.
959 212 1097 256 Certe.
1160 214 1229 256 M.
1262 213 1374 270 Ergo
1398 222 1439 256 et
1460 215 1512 269 ii,
1546 219 1632 272 qui-

41 294 115 336 bus
141 293 275 336 evenit
294 291 388 343 iam,
422 297 464 331 ut
489 296 757 341 morerentur,
791 295 831 329 et
852 288 896 339 ii,
931 289 1071 343 quibus
1096 296 1330 331 eventurum
1358 297 1441 342 est,
1475 292 1627 334 miseri.

44 368 100 410 A.
125 366 227 410 Mihi
244 367 300 408 ita
318 365 492 407 videtur.
1217 364 1275 405 A.
1301 363 1472 406 Prorsus
1494 381 1626 409 nemo.

44 443 112 486 M.
145 441 200 483 Et
225 440 405 497 quidem,
447 439 482 482 si
516 438 584 480 tibi
616 445 801 479 constare
833 438 918 489 vis,
966 452 1129 489 omneS,
1176 439 1397 494 quicunque
1428 441 1508 482 nati
1539 451 1634 484 sunt

43 523 234 569 ematve,
270 528 348 557 non
372 514 499 556 solum
520 513 681 565 miseri,
714 513 784 554 sed
809 512 927 553 etiam
950 526 1107 568 semper
1126 513 1276 554 miseri.

43 219 231 262 miserum
256 218 401 274 igitur,
435 214 619 270 quoniam
642 214 803 254 malum.

555 363 624 406 M.
650 362 782 405 Nemo
804 377 901 418 ergo
922 377 1000 404 non
1020 363 1155 405 miser.

1337 513 1445 556 Nam
1468 516 1502 557 si
1524 518 1631 559 solos

43 605 113 634 eos
140 591 294 633 diceres
322 589 513 640 miseros,
560 588 700 643 quihus
725 587 970 629 moriendum
1003 594 1136 639 esset,
1181 588 1378 630 neminem
1408 596 1448 631 tu
1476 592 1632 646 quidem

43 680 207 718 eorum,
249 664 313 721 qui
341 664 548 716 viverent,
594 662 832 719 excipere53
877 662 1149 717 (moriendum
1173 669 1236 703 est
1264 664 1366 704 enim
1393 666 1632 722 omnibus;)

35 747 154 788 ‚esset
193 747 322 781 tamen
354 737 538 780 miseriae
570 737 657 779 linis
688 738 729 778 in
760 744 912 778 morte:
961 737 1144 792 quoniam
1176 744 1306 778 autem
1339 739 1458 780 etiam
1489 742 1632 783 mortui

43 814 178 857 miseri
199 820 318 865 sunt,
359 813 398 854 in
421 812 621 854 miseriam
646 811 844 853 nascimur
865 813 1160 867 sempiternam.
1222 811 1405 855 Necesse
1429 822 1490 856 est
1512 816 1632 869 enim,

43 889 212 932 miseros
252 902 343 930 esse
384 901 478 940 θος,
524 889 589 942 qui
624 894 780 928 centum
824 887 979 928 milibus
1017 901 1211 928 annorum
1263 895 1354 929 ante
1387 890 1632 944 occiderunt,

45 964 112 1006 vel
141 964 269 1020 potius
300 976 461 1014 omnes,
505 962 726 1017 quicunque
766 962 846 1002 nati
876 968 983 1003 sunt.
1055 961 1112 1002 A.
1145 960 1207 1003 Ita
1235 977 1398 1018 prorsus
1429 965 1632 1008 existimo.

49 1045 120 1080 10.
156 1037 224 1080 M.
251 1036 344 1088 Dic,
378 1050 552 1091 quaeso:
585 1035 695 1076 Num
716 1043 756 1077 te
776 1036 840 1077 illa
862 1043 1031 1087 terrent,
1068 1036 1212 1093 triceps
1237 1038 1339 1093 apud
1364 1038 1513 1082 inferos
1534 1038 1636 1083 Cer-

45 1113 191 1165 berus,
225 1109 369 1167 Cocyti
398 1110 602 1162 fremitus,
638 1110 830 1151 travectio
863 1110 1122 1162 Acherontis,

161 1189 292 1227 Mento
321 1200 502 1226 summam
531 1185 667 1239 aqzccim
696 1189 889 1237 allebzgetzs
919 1186 986 1225 siti
1013 1194 1190 1226 enecatus
1225 1187 1405 1227 Ta‘lzlalus
1421 1193 1441 1228 Ζ)

10 1278 15 1285 ¹
46 1268 128 1304 tum
158 1261 276 1314 illud,
310 1260 412 1317 quod

794 1337 981 1390 Sisyphus
1011 1340 1138 1378 versat

313 1412 459 1452 deum
488 1410 632 1452 sudans
662 1411 813 1452 nitendo'
843 1428 962 1466 neque
985 1415 1148 1466 prq'ficz't
1172 1414 1324 1455 lez'lum?

50 1487 220 1528 fortasse
254 1486 372 1528 etiam
401 1487 673 1529 inexorabiles
697 1487 871 1539 iudices,
910 1486 1047 1530 Minos
1082 1495 1121 1530 et
1141 1487 1498 1533 Rhadamanthus?
1537 1493 1639 1548 apud

117 1594 151 1629 8.
187 1597 328 1636 scholas,
351 1599 385 1628 ut
409 1598 521 1629 Graeci
541 1596 718 1641 appellant]
743 1596 825 1629 Plu-
927 1600 1076 1629 miserum
1102 1617 1143 1622 —
1159 1623 1167 1638 ,
1191 1602 1342 1639 quoniam
1363 1601 1499 1642 malum]
1546 1603 1640 1634 Mise—

51 1640 158 1674 tarch.
176 1641 330 1684 περὶτοῦ
350 1638 485 1676 ἀκούειν
504 1642 628 1686 princ-1
648 1641 710 1686 τὴν
727 1654 825 1686 γενο-
858 1653 932 1688 Υιῃη
958 1643 1024 1686 (ein
1050 1645 1203 1685 Ura-cymela)
1232 1646 1420 1689 appellatur
1447 1646 1484 1678 id
1515 1647 1640 1679 malum

52 1684 155 1730 με’-ἕνην
178 1699 234 1730 μοι
254 1685 377 1732 σχολὴν
401 1687 478 1731 περὶ
498 1688 556 1722 τοῦ
579 1684 715 1723 ἀκούειν
736 1685 823 1722 οἷπέ-
862 1691 968 1732 (Ubel)
986 1715 993 1727 ‚
1021 1690 1111 1732 qnod
1135 1693 1275 1723 sensibus
1298 1692 1419 1724 uostris
1444 1692 1637 1735 percipitur,

52 1731 183 1767 σταλκά.
211 1744 263 1767 σοι
282 1731 431 1777 γράψας.
481 1734 676 1766 Plutarchus
699 1735 824 1778 primus
861 1735 951 1766 cuius
973 1735 1161 1767 molestiam
1175 1740 1333 1769 sentimus.
1348 1757 1391 1762 —-
1404 1740 1554 1770 Miserum
1574 1738 1640 1770 ha-

50 1778 249 1812 vocabulum
264 1779 389 1824 σχολῆς
400 1779 464 1812 hac
476 1779 718 1824 significatione
733 1792 825 1812 usur·
858 1780 918 1813 bet
940 1781 1008 1812 vim
1029 1781 1248 1820 substantivi,
1275 1789 1310 1813 ut
1333 1783 1475 1822 malum,
1501 1784 1639 1816 bonum.

52 1824 157 1869 pavit.
205 1827 336 1858 scholae
365 1825 467 1868 igitur
499 1826 580 1858 nihil
615 1826 705 1858 aliud
736 1833 825 1865 sunt,
928 1848 1017 1870 nemo
1041 1848 1112 1878 &90
1132 1849 1193 1870 „on
1216 1841 1322 1871 miser]
1352 1839 1428 1872 Scil-
1458 1845 1524 1873 est:
1548 1841 1640 1885 quod

52 1869 118 1903 niSi
131 1869 372 1913 disputationes
390 1871 432 1903 de
448 1871 661 1915 Phifisophia·
699 1872 753 1904 Sic
769 1872 826 1904 in*
863 1883 1002 1915 verbum
1027 1882 1116 1925 apud
1139 1884 1285 1917 Tullium
1306 1874 1406 1929 ¹saepe
1440 1886 1473 1918 in
1499 1888 1640 1919 conclu—

52 1916 107 1949 ffa
129 1928 157 1948 ⁰·
177 1915 244 1956 47⁹
271 1915 346 1949 1¹3·
381 1918 440 1949 ῙῘῘ·
458 1915 524 1957 34,
543 1918 612 1970 ,8.Ῑῖ
649 1918 830 1969 separatim
864 1928 959 1960 sione
982 1928 1155 1962 omittitur.
1207 1930 1259 1963 Cf.
1284 1931 1396 1975 paullo
1422 1940 1518 1964 ante:
1555 1936 1640 1976 Ergo

57 1969 168 1996 certae
186 1963 309 1995 scholae
324 1969 402 1994 sunt
423 1961 465 1994 de
484 1963 610 2000 exsiho,
633 1963 676 1995 de
692 1969 831 1994 interitu

55 2007 186 2052 patriae
197 2026 254 2046 —,
273 2007 359 2039 haec
381 2008 503 2040 Graeci
524 2008 558 2040 in
578 2008 723 2051 singulas
744 2010 832 2040 scho-

55 2055 105 2086 las
124 2059 159 2085 et
175 2052 211 2085 in
225 2052 373 2095 singulos
391 2053 495 2085 libros
512 2053 724 2097 dispertiunt.
763 2054 829 2085 Ce-

55 2105 166 2132 terum
196 2098 260 2130 hae
286 2097 551 2141 disputationes,
590 2110 670 2143 quas
701 2099 830 2132 Tullius

55 2145 179 2177 scholas
202 2142 371 2187 appellat,
406 2143 567 2176 differunt
590 2145 631 2177 ab
652 2145 711 2185 iis,
747 2157 829 2189 quae

56 2188 195 2233 proprio
226 2187 361 2221 nomine
379 2190 627 2230 disputationum
657 2199 831 2230 vocantur,

58 2234 173 2279 quales
193 2241 270 2266 sunt
290 2233 525 2275 Aeademicae,
551 2235 593 2268 de
616 2237 642 2268 F
644 2236 764 2276 inibus,
789 2237 831 2269 de

57 2280 102 2313 N.
122 2280 186 2320 D.‚
212 2279 254 2312 de
280 2279 502 2314 Divinatione.
552 2283 590 2314 In
612 2284 725 2316 scholis
749 2294 831 2316 unus

58 2331 121 2364 est,
147 2324 204 2369 qui
222 2325 304 2358 velit
322 2325 454 2368 doceri,
479 2327 581 2367 alter,
608 2328 664 2372 qui
685 2328 827 2368 doceat3

58 2371 219 2404 auditoris
239 2378 352 2416 partes
376 2384 434 2406 eae
456 2380 552 2411 sunt,
586 2381 623 2406 ut
642 2386 743 2418 parce
766 2375 832 2407 ob-

58 2416 233 2462 loquatur,
269 2429 376 2462 neque
409 2419 476 2451 alio
502 2419 660 2459 consilio,
697 2420 760 2452 nisi
795 2427 832 2452 ut

59 2462 158 2496 alteri
186 2463 381 2496 facultatem
412 2464 572 2508 praebeat
605 2477 698 2497 suam
723 2466 832 2510 expli-

61 2508 159 2541 candi
180 2509 400 2542 sententiam:
425 2510 459 2542 in
482 2512 747 2550 disputationibus
770 2524 832 2544 va-

28 2560 37 2563 “
59 2554 182 2587 riarum
197 2554 447 2598 disciplinarum
462 2555 655 2600 philosophi
671 2556 833 2590 inducun-

60 2605 116 2632 tur
136 2600 183 2633 ita
203 2599 430 2644 disputantes,
456 2608 492 2634 ut
511 2613 590 2634 suae
615 2602 753 2647 quisque
776 2615 834 2636 se-

65 2651 139 2679 ctae
159 2646 360 2679 sententiam
382 2647 554 2680 defendat.

131 2704 208 2736 haec
230 2707 273 2736 est
293 2704 388 2749 enim]
425 2705 476 2737 De
500 2704 724 2738 collocatione
748 2717 832 2739 con-

61 2746 239 2781 iunctionis
255 2751 338 2782 enim
358 2761 389 2784 v.
407 2749 579 2788 Adnotata
597 2751 632 2783 in
652 2763 679 2784 c.
692 2751 748 2795 27,
767 2751 832 2786 66:

63 2794 148 2826 Nihil
172 2797 256 2827 enim
277 2798 332 2828 est.

134 2849 212 2882 CA».
227 2851 269 2884 V.
290 2849 324 2885 9.
359 2853 413 2895 Α.]
452 2852 611 2893 Quisnam
647 2853 834 2895 collocutor

64 2891 297 2937 intelligendus
328 2896 394 2937 sit,
427 2897 460 2930 in
492 2898 594 2931 dubio
622 2899 833 2944 relinquitur.

64 2937 323 3019 Afflflescfptem
344 2948 457 2976 autem
476 2943 570 2978 illum
591 2944 694 2979 fuisse
704 2971 715 2986 ,
740 2953 835 2990 patet

65 2993 107 3016 ex
166 3008 177 3024 ‚
247 3009 256 3018 .

866 1991 908 1996 —
933 1976 1049 2006 miseri.
1097 1975 1288 2015 Fin.1.13‚
1313 1976 1376 2010 59:
1416 1990 1514 2010 nemo
1538 1979 1641 2022 igitur

866 2031 983 2052 eorum
1005 2032 1072 2052 non
1094 2021 1212 2053 miser:
1240 2023 1294 2054 ubi
1320 2035 1350 2055 v.
1367 2027 1514 2057 Goerenz.
1536 2025 1638 2069 pes-3.

935 2066 1090 2110 constare]
1119 2068 1158 2098 V.
1181 2067 1353 2100 Adnotata
1376 2070 1419 2102 ad
1443 2072 1484 2102 ΙΙ.
1502 2071 1535 2111 2,
1561 2072 1594 2105 5.

933 2114 1045 2153 quibus
1072 2115 1270 2146 moriendum
1302 2118 1392 2158 esset]
1432 2118 1481 2149 Ex
1505 2124 1641 2149 nostrae

865 2156 998 2200 linguae
1021 2158 1152 2191 ratione
1175 2168 1347 2203 exspectes
1372 2166 1434 2203 est,
1471 2170 1505 2194 et
1526 2163 1640 2207 paullo

866 2211 944 2246 post
964 2206 1075 2236 vivunt
1103 2216 1166 2248 pro
1188 2209 1346 2248 vit-eren&
1379 2208 1439 2240 sed
1471 2208 1506 2240 in
1529 2209 1642 2252 lingua

865 2250 969 2283 latina
985 2249 1084 2282 etiam
1099 2250 1258 2284 relativae
1277 2253 1534 2294 enuntiationes,
1558 2266 1642 2299 quae

866 2303 958 2328 arcte
981 2295 1162 2329 cohaerent
1195 2310 1268 2330 cum
1294 2299 1525 2332 enuntiatione
1556 2312 1639 2333 con-

867 2340 1040 2380 ditionali,
1066 2342 1207 2375 eandem
1232 2356 1330 2387 quarn
1353 2345 1438 2378 haec
1461 2346 1563 2378 habet
1586 2346 1641 2377 in-

867 2388 969 2419 duere
989 2387 1099 2420 solent
1118 2388 1272 2421 formam.
1288 2392 1327 2423 V.
1376 2394 1515 2424 Kuhner.
1528 2393 1567 2423 L.
1583 2392 1639 2423 Gr.

867 2434 896 2477 §-
916 2431 979 2466 140
991 2440 1021 2464 a.
1042 2434 1124 2466 Not.
1142 2434 1195 2468 10.
1218 2448 1251 2480 p.
1263 2435 1344 2470 363.
1359 2436 1410 2469 ed.
1426 2437 1458 2471 ¹2.

939 2490 990 2523 10.
1040 2493 1195 2532 Sisyphus
1215 2511 1261 2517 -—
1279 2495 1393 2537 hilum]
1422 2496 1505 2526 Sunt
1526 2505 1642 2525 versus

869 2547 909 2568 ex
941 2535 1078 2580 antiquo
1111 2545 1213 2580 poeta
1248 2539 1356 2582 petiti.
1417 2541 1464 2571 De
1495 2538 1640 2582 Sisypho

870 2593 1080 2625 comparasse
1115 2583 1242 2616 iuvabit
1263 2584 1542 2628 elegantissimam
1562 2585 1641 2617 Ho-

868 2627 951 2660 meri
973 2627 1234 2671 descriptionem
1266 2630 1300 2662 in
1327 2630 1442 2673 Odyss
1465 2631 1537 2668 XI,
1574 2629 1642 2664 593

867 2672 1006 2707 -600,
1054 2675 1182 2707 Verba:
1219 2687 1334 2708 saxum
1363 2677 1484 2707 sudans
1514 2677 1642 2708 nitendo

870 2719 1002 2762 egregie
1036 2721 1243 2763 respondent
1274 2720 1419 2763 graecis:
1457 2720 1538 2754 λᾶαν
1569 2716 1639 2756 ἅνω

869 2763 1008 2799 ‹istac-ae
1038 2765 1115 2800 ποτὶ
1147 2764 1248 2809 λόφον
1272 2765 1556 2810 pulcherrimeque
1583 2766 1658 2804 in-.

868 2817 1004 2854 gentem
1024 2811 1159 2856 Sisyphi
1184 2812 1332 2843 laborem
1353 2810 1548 2854 depingunt.
1586 2812 1639 2846 Cf.

869 2858 1005 2889 Lucret.
1020 2858 1076 2896 ΙΙΙ,
1101 2856 1205 2891 1013:
1228 2858 1283 2888 hoc
1301 2860 1355 2897 est,
1375 2858 1510 2890 advorso
1521 2860 1640 2891 nixan-

867 2906 929 2935 tem
948 2904 1071 2935 tendere
1093 2906 1194 2934 monte
1216 2903 1350 2934 Saxum.
1399 2902 1448 2935 De
1473 2905 1639 2945 Sisyphus,

868 2947 960 2991 quod
979 2948 1158 2991 antiquitus
1180 2948 1330 2986 Sisyphu'
1348 2949 1637 2992 pronuntiabatur,

867 3004 899 3024 v.
913 2992 957 3025 ad
979 3004 1007 3025 e.
1021 2992 1062 3032 9,
1091 2993 1151 3025 18:
1176 2993 1291 3025 Aelius.
