1859 3117
689 63 1046 99 PssoLscoMENA.
1613 57 1666 100 13

186 149 225 206 c)
254 151 392 204 Neque
410 146 603 189 discessus
621 161 644 186 a
663 147 770 188 vitae
800 148 917 186 bonis
937 162 1081 201 angere
1100 162 1173 187 nos
1199 155 1237 187 et
1257 148 1492 187 excruciare
1513 156 1666 203 potest;

69 235 181 273 nam,
219 234 343 274 quum
368 219 454 259 vita
486 217 654 257 misen'is
683 223 723 256 et
751 217 1044 256 calamitatibus
1070 219 1219 270 referta
1249 218 1337 267 sit,⁴
1363 232 1470 256 mors
1502 232 1524 256 a
1554 220 1667 259 malis

69 291 222 345 potius,
246 303 363 342 quam
385 302 407 328 a
430 287 547 326 bonis
570 301 643 326 nos
665 286 862 325 abducere
887 287 1054 326 dicenda
1081 295 1153 327 est.
1174 290 1289 327 c.34.
1312 285 1354 339 §.
1369 291 1437 327 85.
1452 309 1507 316 -—
1538 302 1572 327 c.
1594 293 1665 329 56.

186 358 328 413 (1),Ε1;,
369 357 403 396 si
429 356 509 396 hoc
543 357 676 408 ipsum
709 355 978 405 concedatur,
1020 357 1135 395 bonis
1166 358 1287 396 rebus
1316 356 1498 395 homines
1535 365 1667 397 morte

70 428 249 482 privari,
281 434 412 466 tamen
436 426 590 465 idcirco
611 440 719 464 mors
740 425 887 463 malum
911 439 995 463 non
1015 433 1086 464 est.
1144 427 1244 465 Nam
1268 427 1441 476 mortui,
1473 427 1667 478 quoniam

70 512 155 536 non
177 503 292 547 sunt,
323 510 396 536 nec
416 496 523 534 ullus
542 509 679 534 sensus
701 495 749 533 iis
772 495 1039 546 relinquitur,
1073 509 1143 534 nec
1163 496 1268 534 vitae
1291 497 1507 536 commodis
1529 512 1667 537 carere

69 572 261 620 possunt,
303 579 376 605 nec
406 579 543 604 eorum
563 564 804 603 desiderium
828 563 989 602 habere.
1048 565 1184 615 Neque
1207 579 1304 603 vero
1330 566 1409 604 dici
1440 573 1592 618 potest,
1622 568 1667 606 id

71 635 204 688 ipsum
227 634 411 674 odiosum
432 648 533 683 esse,
562 634 648 673 sine
672 648 790 672 sensu
813 648 912 684 esse,
943 648 1035 672 nam
1055 634 1158 673 nihil
1184 641 1316 686 potest
1336 635 1375 672 in
1399 649 1443 673 eo
1464 650 1562 685 esse,
1595 637 1667 689 qui

70 703 154 758 ipse
175 719 257 744 non
279 710 351 743 est.
382 718 416 742 e.
434 707 501 743 36.
521 707 590 743 57.
652 704 809 756 (Neque
833 703 930 741 haec
952 703 1112 756 opiniO,
1143 704 1352 742 mortalem
1375 719 1455 743 esse
1476 707 1666 756 animum,

72 773 294 813 deterrebit
316 773 552 826 sapientem,
585 786 666 824 quo
690 774 821 811 minus
844 786 906 811 res
929 773 1141 822 moliatur,
1172 773 1410 811 aeternitate
1436 775 1598 826 dignas,
1627 783 1667 814 et

70 843 347 896 posteritatem
372 843 514 895 ipsam,
545 843 659 881 cuius
682 855 840 881 sensum
866 841 1079 880 habiturus
1096 856 1179 880 non
1205 843 1268 891 sit,
1300 842 1351 880 ad
1373 857 1412 881 se
1432 851 1549 896 putet
1570 859 1667 896 per-

70 911 213 950 tinere.
271 913 370 951 Nam
390 911 546 964 sapiens
568 926 650 951 non
676 912 898 964 cupiditate
924 911 1093 963 gloriae,
1125 926 1244 963 quam
1265 919 1452 950 mortuus
1476 927 1668 953 sensurus

72 994 155 1019 non
176 981 241 1030 sit,
271 981 340 1020 sed
362 981 542 1030 virtutis,
573 996 691 1033 quam
714 981 934 1020 necessario
956 981 1082 1034 gloria
1101 982 1374 1033 consequitur,
1406 982 1448 1020 in
1473 982 1534 1034 iis,
1567 998 1670 1035 quae

73 1049 175 1104 agit,
206 1050 388 1089 ducitur.
427 1054 566 1100 c.58.)

189 1117 225 1172 e)
255 1120 392 1171 Neque
422 1133 531 1158 mors
563 1126 654 1158 ante
687 1125 842 1171 tempus
869 1119 936 1158 vel
964 1134 1071 1158 mors
1103 1119 1375 1172 inexspectata
1406 1120 1552 1160 malum
1589 1123 1670 1162 dici

73 1194 226 1240 potest,
258 1201 382 1239 quum
404 1188 566 1227 omnino
597 1203 703 1226 mors
724 1203 806 1226 non
837 1188 985 1226 malum
1009 1189 1081 1237 sit,
1124 1196 1163 1227 et
1190 1197 1337 1228 natura
1363 1204 1447 1228 non
1471 1190 1521 1229 ad
1545 1205 1669 1243 prae-

71 1256 255 1296 stitutam
276 1256 379 1296 diem
399 1257 521 1296 vitam
541 1258 658 1296 nobis
679 1257 1008 1296 commodaverit.
1067 1257 1177 1296 Licet
1200 1259 1325 1310 igitur
1346 1266 1516 1298 naturae
1546 1261 1671 1301 vitam

72 1333 266 1378 repetere,
297 1340 422 1378 quum
443 1327 548 1366 vult.
606 1328 658 1366 Et
679 1340 777 1366 vero
802 1327 1054 1365 diuturnitas
1076 1341 1121 1365 ac
1144 1327 1322 1367 brevitas
1343 1329 1452 1367 vitae
1473 1337 1569 1370 sunt
1589 1346 1669 1370 no·-

74 1395 203 1435 tiones
235 1409 337 1447 quae
367 1395 563 1435 dicuntur
592 1397 798 1435 relativae.
842 1410 875 1434 e.
892 1400 961 1436 59.

187 1467 228 1504 4.
279 1465 497 1504 Conclusio
523 1469 651 1504 totius
673 1466 988 1518 disputationis.
1031 1466 1150 1518 Ergo,
1175 1480 1299 1518 quum
1323 1481 1373 1506 ex
1395 1468 1503 1506 omni
1525 1469 1670 1522 dispu-

73 1533 225 1573 tatione
245 1533 349 1572 illud
367 1542 570 1586 sequatur,
591 1542 637 1574 ut
661 1549 768 1574 mors
794 1535 906 1573 nullo
930 1535 1051 1574 modo
1069 1536 1110 1574 in
1130 1536 1243 1575 malis
1269 1536 1453 1575 ducenda
1474 1538 1539 1589 sit,
1555 1553 1669 1578 mor-

72 1609 152 1642 tem
181 1608 484 1642 contemnamus
508 1618 635 1656 neque
664 1604 906 1643 mollissimis
937 1606 1247 1657 cogitationibus
1279 1606 1571 1659 effeminemur,
1601 1610 1671 1649 sed

71 1677 199 1711 totam
219 1672 304 1712 vim
327 1672 426 1712 bene
449 1673 614 1713 vivendi
634 1674 676 1712 in
694 1674 818 1713 animi
841 1675 990 1713 robore
1010 1682 1048 1713 et
1068 1676 1354 1727 magnitudine,
1378 1684 1417 1714 et
1434 1677 1475 1715 in
1494 1678 1673 1718 omnium

63 1750 210 1781 'rerum
231 1741 498 1782 humanarum
519 1744 819 1796 contemptione
841 1750 880 1782 et
900 1744 944 1782 in
965 1744 1074 1782 omni
1095 1745 1251 1784 virtute
1271 1760 1482 1797 ponamus.
1522 1748 1671 1787 Exem-

73 1810 143 1863 pla
169 1810 436 1862 Theramenis,
466 1813 644 1851 Socratis
669 1813 940 1865 aliorumque,
972 1813 1043 1864 qui
1066 1815 1274 1865 praeclare
1298 1815 1498 1853 factorum
1521 1818 1673 1856 conscii

73 1879 174 1919 sorti
197 1880 330 1919 animo
358 1887 526 1920 mortem
552 1883 849 1921 occubuerunt.
890 1897 924 1921 c.
949 1885 1158 1921 lio—42.
1215 1882 1456 1935 (Digressio.
1502 1885 1560 1924 De
1587 1886 1672 1925 hu-

73 1949 251 1989 matione
282 1956 323 1989 et
355 1951 567 2004 sepultura
605 1958 865 1990 mortuorum
903 1951 1003 2002 quid
1033 1952 1290 1990 statuendum
1320 1952 1393 2003 sit,
1436 1955 1673 2007 exponitur.

73 2032 108 2058 c·
125 2022 248 2060 45-
261 2020 352 2071 45.)

186 2088 269 2127 Iam
290 2088 430 2127 Cicero
454 2088 562 2126 redit
587 2087 638 2126 ad
659 2101 724 2138 ea,
756 2102 857 2140 quae
877 2102 1003 2141 supra
1030 2089 1079 2128 de
1100 2091 1390 2130 contemnenda
1412 2099 1543 2131 morte
1564 2107 1670 2146 pro-

73 2156 184 2196 tuJit.
242 2156 403 2196 Scilicet
425 2170 536 2195 mors
568 2163 655 2196 tum
675 2157 913 2209 aequissimo
943 2159 1076 2197 animo
1103 2161 1333 2212 oppetitur,
1365 2175 1489 2213 quum
1519 2163 1602 2202 suis
1632 2178 1672 2204 se

74 2224 265 2264 laudibus
284 2225 369 2265 vita
394 2225 579 2265 occidens
600 2226 803 2265 consolari
822 2234 969 2280 potest.
1027 2229 1150 2267 Nemo
1176 2244 1318 2282 parum
1337 2231 1456 2281 vixit,
1488 2232 1559 2284 qui
1580 2233 1671 2272 vir-

72 2293 174 2332 tutis
197 2294 396 2346 perfectae
417 2296 596 2348 perfecto
619 2309 785 2335 munere
806 2297 971 2336 functus
998 2304 1070 2337 est.
1130 2299 1270 2338 Gloria
1294 2307 1445 2350 autem,
1475 2301 1547 2340 etsi
1570 2302 1675 2341 nihil

71 2361 229 2413 habeat,
254 2377 329 2402 cur
347 2371 574 2416 expetatur,
609 2371 742 2405 tamen
762 2366 958 2405 virtutem
980 2374 1170 2419 tanquam
1191 2369 1334 2408 umbra
1353 2370 1552 2422 sequitur.
1593 2372 1671 2408 Sa-

72 2432 186 2484 piens
205 2432 332 2485 igimr
348 2447 433 2472 non
451 2434 582 2473 solum
608 2434 751 2474 fidenti
773 2436 906 2474 animo
929 2437 1141 2489 gradietur
1161 2437 1211 2476 ad
1229 2445 1410 2490 mortem,
1441 2440 1484 2478 in
1504 2454 1582 2492 qua
1599 2446 1672 2478 aut

71 2515 266 2540 summum
285 2502 455 2553 bonum,
488 2510 559 2542 aut
582 2504 741 2543 nullum
766 2505 914 2544 malum
943 2520 1024 2545 esse
1045 2507 1255 2559 cognovit,
1286 2509 1356 2547 sed
1378 2509 1497 2547 etiam
1518 2522 1668 2547 secun-

73 2569 136 2609 dis
165 2570 248 2610 suis
275 2572 397 2611 rebus
426 2572 534 2611 mori
564 2573 688 2612 volet.
726 2588 761 2612 c.
779 2578 848 2614 46.

185 2639 251 2679 ΠΙ.
290 2641 507 2680 Emmaus.
547 2642 704 2695 Epilogi
722 2643 813 2682 loco
834 2643 1064 2684 afferuntur
1087 2645 1267 2698 ipsorum
1289 2647 1458 2685 deorum
1474 2644 1522 2682 de
1540 2651 1670 2684 morte

71 2706 241 2761 iudicia,
273 2723 374 2761 quae
399 2711 632 2762 ostendunt,
664 2725 730 2751 eos
752 2726 915 2765 quoque
936 2720 1105 2753 mortem
1129 2715 1174 2754 in
1196 2715 1314 2755 bonis
1334 2714 1491 2762 habere,
1523 2720 1562 2752 et
1581 2714 1666 2752 cla-

70 2788 215 2818 rorum
233 2778 419 2820 virorum
437 2780 506 2832 qui
530 2780 634 2819 laeto
657 2781 791 2820 animo
814 2790 982 2822 mortem
1003 2797 1081 2836 pro
1101 2784 1235 2837 patria
1256 2781 1533 2835 oppetiverint
1548 2783 1666 2822 testi-

71 2847 219 2886 monia.
279 2848 393 2896 Quae
419 2849 579 2901 quidem
600 2850 736 2888 omnia
769 2857 808 2890 et
835 2852 945 2891 omni
973 2866 1049 2891 nos
1078 2853 1220 2891 mortis
1250 2857 1358 2889 metu
1387 2850 1581 2903 liberare,
1625 2860 1666 2893 et

71 2924 181 2966 spem
201 2916 251 2955 de
277 2917 420 2958 futura
448 2918 554 2969 vita,
583 2918 629 2958 in
658 2933 739 2972 qua
768 2921 875 2960 beati
906 2921 1074 2974 erimus,
1104 2922 1265 2961 firmare
1295 2919 1454 2960 debent.
