1859 3149
1586 46 1667 92 301

70 137 168 180 urbe
187 138 375 180 humilem
394 138 671 180 homunculum
692 152 715 179 a
737 137 901 194 pulvere
923 143 964 177 et
985 136 1094 177 radio
1115 134 1301 176 excitabo
1318 167 1329 188 ,
1363 135 1429 191 qui
1449 137 1580 180 multis
1599 153 1670 181 an-

69 212 134 255 nis
155 221 245 271 post
270 214 366 266 fuit,
399 213 698 255 Archimedem.
763 210 890 254 Cuius
915 225 989 267 ego
1012 217 1202 266 quaestor
1224 210 1450 267 ignoratum
1473 213 1521 253 ab
1543 211 1669 267 Syra-

71 289 255 341 cusanis,
299 303 417 344 quum
441 302 531 330 esse
557 288 718 329 omnino
751 293 969 343 negarent,
1013 293 1189 342 saeptum
1217 286 1391 342 undique
1418 294 1459 329 et
1480 289 1669 331 vestitum

1092 359 1299 402 Tenebam
1332 362 1436 404 enim
1477 364 1670 418 quosdam

621 56 792 90 mnan
820 51 1114 97 v.23,65.6c

70 364 258 420 vepribus
289 371 330 405 et
359 364 529 406 dumetis
562 363 747 419 indagavi
778 362 1020 418 sepulcrum.

69 438 318 491 senariolos,
361 453 460 494 quos
485 439 523 480 in
548 439 634 481 eius
656 444 911 479 monumento
939 450 1031 478 esse
1058 435 1272 492 inscriptos
1300 450 1532 494 acceperam
1549 472 1560 491 ,
1605 440 1671 495 qui

69 513 348 566 declarabant,
381 514 422 555 in
441 528 596 556 summo
617 513 802 570 sepulcro
825 512 1034 568 sphaeram
1057 524 1149 552 esse
1170 511 1338 568 positam
1359 527 1446 554 cum
1470 514 1668 570 cylindro.

69 594 142 630 65.
190 587 280 645 Ego
316 596 475 642 autem,
522 604 639 646 quum
677 588 809 630 omnia
846 587 1120 630 collustrarem
1157 588 1310 641 oculis,
1362 588 1444 645 (est
1475 588 1581 630 enim
1621 590 1671 632 ad

68 670 205 720 portas
235 663 488 721 Agragianas
520 679 663 721 magna
696 663 919 720 frequentia
951 663 1272 720 sepulcrorum,)
1310 663 1485 705 animum
1516 664 1672 707 adverti

69 738 318 781 columellam
341 755 420 782 non
446 740 611 782 multum
640 754 661 781 e
686 740 814 781 dumis
841 739 1080 781 eminentem
1097 770 1109 790 ,
1156 738 1197 779 in
1222 751 1297 794 qua
1318 738 1451 780 inerat
1476 739 1672 795 sphaerae

69 814 198 870 figura
224 821 264 857 et
288 815 472 872 cylindri.
530 816 666 872 Atque
690 831 764 872 ego
792 815 922 857 statim
948 814 1218 870 Syracusanis
1247 813 1384 868 (erant
1406 822 1536 856 autem
1563 816 1672 870 prin-

69 890 178 947 cipes
203 891 377 948 mecum)
405 891 515 943 dixi,
558 906 622 934 me
644 891 737 934 illud
762 891 888 948 ipsum
913 890 1096 932 arbitrari
1130 904 1244 941 esse,
1290 890 1393 945 quod
1415 904 1669 946 quaererem.

1473 972 1544 1008 66.
1580 964 1672 1020 Quo

1536 1040 1672 1098 Apra-

68 1115 183 1157 rebat
202 1117 443 1173 epigramma
459 1150 469 1169 ,
504 1119 641 1159 exesis
665 1117 953 1174 posterioribus
975 1116 1152 1172 partibus
1178 1115 1470 1158 versiculorum
1492 1116 1672 1158 dimidia-

70 1191 121 1232 tis
147 1192 247 1235 fere.

68 1265 272 1320 ctissima,
305 1267 368 1308 sui
395 1268 494 1310 civis
518 1269 634 1310 unius
658 1268 877 1310 acutissimi
902 1273 1200 1308 monumentum
1224 1267 1477 1321 ignorasset,
1521 1267 1596 1310 nisi
1621 1268 1671 1310 ab

67 1339 227 1383 homine
257 1340 454 1399 Arpinate
496 1344 714 1386 didicisset.
793 1341 873 1385 Sed
905 1342 1068 1394 redeat,
1115 1342 1218 1383 unde
1249 1342 1477 1395 aberravit,
1521 1343 1668 1385 oratio.

40 1410 45 1414 .
68 1413 171 1470 Quis
196 1423 257 1458 est
281 1418 479 1470 omnium,
527 1420 592 1475 qui
620 1420 736 1460 modo
765 1434 852 1460 cum
875 1416 1007 1459 Musis
1025 1449 1036 1469 ,
1081 1417 1120 1459 id
1151 1423 1214 1458 est
1243 1432 1330 1458 cum
1361 1417 1605 1460 humanitate
1631 1426 1673 1461 et

68 962 243 1008 Immissi
265 981 354 1008 cum
376 966 541 1008 falcibus
564 967 673 1009 multi
696 973 914 1024 purgarunt
935 973 975 1006 et
998 972 1241 1022 aperuerunt
1262 965 1408 1006 locum.

71 1055 189 1096 quum
217 1043 438 1098 patefactus
463 1050 571 1084 esset
590 1043 735 1093 aditus,
771 1042 818 1083 ad
838 1042 1048 1083 adversam
1070 1040 1194 1082 basim
1215 1041 1474 1082 accessimus.

306 1190 367 1234 Ita
396 1193 644 1235 nobilissima
669 1192 864 1234 Graeciae
897 1191 1061 1243 civitas,
1107 1191 1303 1246 quondam
1329 1205 1427 1232 vero
1455 1192 1573 1234 etiam
1601 1193 1672 1234 do-

68 1505 156 1532 cum
181 1491 360 1535 doctrina
393 1493 538 1535 habeat
559 1495 716 1550 aliquod
744 1493 1049 1544 commercium,
1095 1493 1159 1548 qui
1197 1507 1242 1534 se
1278 1508 1358 1534 non
1391 1493 1494 1535 hunc
1518 1494 1670 1536 mathe-

66 1566 254 1609 maticum
277 1568 413 1622 malit,
460 1584 575 1625 quam
598 1570 706 1611 illum
729 1569 971 1626 tyrannum?
1012 1567 1056 1610 Si
1078 1568 1186 1610 vitae
1211 1568 1368 1610 modum
1393 1569 1670 1624 actionemque

67 1716 143 1758 cum
165 1716 232 1750 quo
255 1706 337 1739 mihi
355 1705 420 1740 fuit
438 1707 595 1749 amicitia,
621 1708 767 1753 optimus
788 1708 851 1741 sibi

68 1762 159 1785 visus
183 1758 246 1785 est.

138 1801 193 1839 qui
212 1801 275 1834 sibi
292 1809 354 1833 nori
389 1803 526 1841 optimus
553 1803 726 1843 videretur]
764 1803 853 1844 Apte

69 1845 232 1878 Turnebus
263 1845 299 1878 in
328 1845 522 1878 Adversarr.
553 1847 642 1886 XII,
674 1849 703 1879 l.
726 1846 826 1890 p.37'
845 1872 852 1879 .

71 1900 181 1934 comp.
207 1890 379 1924 Aristotel.
401 1892 479 1924 Eth.
504 1893 575 1931 IX,
600 1893 641 1926 7:
679 1889 854 1935 ὑπεραγα-

68 1936 178 1970 πῶσιν
205 1937 236 1970 οἱ
265 1936 405 1980 ποιηταὶ
435 1936 478 1972 τὰ
512 1937 850 1982 οἰκεῖα,πράγματα,

77 1981 274 2026 στέργοντες
295 1979 407 2026 ὥςπερ
428 1983 542 2018 τέκνα.

142 2028 222 2059 Car.
234 2029 368 2062 XXIII.
380 2026 436 2063 64.
461 2041 501 2063 ex
522 2032 634 2064 eadem
649 2032 739 2073 urbe]
768 2030 851 2063 Cum

69 2073 104 2105 vi
135 2073 280 2118 quadam
316 2075 510 2109 coniunctio
549 2077 760 2110 adversativa
796 2079 851 2109 sed

71 2120 194 2153 omissa
218 2127 279 2153 est.
315 2122 355 2156 V.
381 2133 442 2155 nos
465 2122 498 2155 in
514 2122 574 2155 Gr.
587 2123 629 2156 L.
645 2124 673 2167 55.
692 2121 797 2157 13&.b
813 2123 847 2167 b)

68 2177 104 2209 p.
116 2165 195 2200 353.
218 2165 271 2199 ed.
284 2166 316 2200 2.

136 2213 285 2245 humilem
300 2215 539 2257 homunculum]
560 2215 654 2248 Haec
668 2215 771 2247 verba
790 2227 850 2257 ac-·

42 2298 57 2307 f
70 2257 225 2301 cipienda
245 2266 324 2292 sunt
348 2260 391 2292 de
412 2260 529 2294 infimo
550 2273 616 2305 quo
631 2261 848 2294 Archimedes

71 2310 169 2336 natus
193 2312 266 2337 erat
287 2305 366 2339 loco
391 2313 425 2339 et
445 2306 488 2339 de
508 2307 601 2340 tenui
623 2308 656 2340 in
677 2319 741 2352 qua
763 2320 849 2341 con-

69 2349 206 2401 stitutus
229 2357 302 2383 erat
320 2358 423 2385 sorte.
457 2353 622 2397 Apposite
645 2354 848 2398 interpretes

70 2405 106 2428 m
129 2402 241 2438 partes
263 2407 387 2430 vocant
411 2399 470 2432 Sil.
490 2400 597 2432 Italic.
618 2401 723 2439 XIV,
744 2400 824 2433 342.

115 2441 176 2474 Vir
208 2442 274 2475 fuit
301 2444 489 2478 Isthmiacis
524 2445 624 2478 decus
658 2445 850 2485 immortale

596 2491 736 2528 colonis.

115 2534 256 2577 Ingenio
276 2534 377 2568 facile
393 2541 472 2569 ante
489 2548 605 2570 ornnes
620 2537 748 2570 telluris
772 2537 848 2570 alu-

601 2595 709 2623 mnes,

114 2627 228 2660 Nudus
249 2638 364 2669 opum,
397 2627 459 2660 sed
484 2628 536 2660 cui
565 2629 692 2662 caelum
716 2636 849 2662 terrae-

595 2687 660 2719 que
681 2683 848 2719 paterent.

142 2721 309 2759 apulvere
328 2724 357 2753 et
375 2720 484 2765 radio]
510 2721 769 2755 Mathematicus
793 2722 846 2755 di-

71 2759 180 2806 citur,
213 2765 269 2809 qui
292 2765 412 2809 figuras
434 2766 469 2798 in
494 2767 635 2810 pulvere
659 2768 753 2801 radio
778 2771 848 2812 (ba-

70 2807 156 2860 cillo)
176 2808 346 2844 describit.
380 2815 544 2846 Ernestius
567 2814 658 2847 Clav.
682 2827 714 2847 v.
730 2817 848 2855 pulvis.

70 2851 196 2885 Radius
229 2856 318 2889 enim
351 2865 422 2890 erat
455 2859 735 2900 instrumentum,
779 2871 846 2903 quo

71 2905 265 2940 geometrae
285 2902 329 2934 ad
348 2903 468 2946 figuras
491 2905 526 2937 in
548 2917 682 2946 mensa,
709 2905 847 2949 pulvere

70 2953 261 2987 conspersa,
281 2946 517 2983 describendas
532 2951 724 2984 utebantur.
757 2950 847 2983 Hinc

72 2988 178 3024 Cicer.
201 2990 245 3024 de
264 2992 307 3026 N.
324 2993 366 3026 D.
390 2995 438 3035 ΙΙ,
462 2995 522 3029 18:
550 3007 719 3042 nunquam
739 2998 847 3029 erudi-

0 3141 80 3149 ζ

886 1712 953 1740 lum
981 1707 1074 1739 illum
1105 1709 1265 1748 pulverem
1297 1705 1455 1750 attigistis
1477 1706 1553 1739 h.e.
1580 1717 1672 1740 nun-

888 1765 986 1798 quam
1012 1753 1260 1785 mathematicis
1285 1764 1423 1797 operam
1447 1752 1598 1787 dedistis.

954 1803 1008 1840 qui
1031 1801 1252 1841 declarabant]
1287 1799 1404 1843 quibus
1427 1798 1671 1842 significaretur

887 1846 1063 1878 theorema
1095 1845 1138 1877 de
1173 1845 1325 1883 ratione,
1369 1856 1453 1889 quae
1487 1845 1670 1879 intercedit

887 1892 976 1923 iuter
1008 1898 1184 1935 utrumque
1217 1902 1363 1935 corpus,
1400 1891 1442 1924 ab
1465 1891 1668 1926 Archimede

888 1938 1075 1970 inventum.
1125 1940 1297 1970 Erneslius.

954 1983 1010 2018 65.
1030 1986 1248 2026 A9ra9ianas]
1273 1985 1477 2016 Camerarius
1489 1983 1669 2027 significari

887 2037 1002 2074 portas
1026 2036 1144 2074 putat,
1180 2041 1244 2073 qua
1267 2030 1486 2073 Agrigentum
1511 2037 1668 2074 petentes

886 2076 1026 2109 tendere
1049 2075 1141 2108 soliti
1165 2075 1242 2108 sint.

955 2125 1100 2155 animum
1131 2124 1254 2155 adverti
1278 2124 1492 2166 columellam]
1534 2124 1583 2155 De
1604 2123 1668 2157 hac

884 2175 1052 2202 structura
1082 2179 1193 2212 comp.
1218 2168 1298 2200 Sall.
1323 2169 1394 2211 lug.
1417 2169 1482 2202 93:
1520 2169 1667 2203 animum

885 2215 1033 2248 advertit
1063 2222 1220 2258 repentes
1255 2214 1421 2247 cochleas.
1456 2215 1490 2249 C.
1521 2217 1593 2248 Inv.
1622 2218 1666 2257 ΙΙ,

884 2262 946 2294 51:
986 2261 1187 2304 naufragum
1223 2260 1389 2304 quendam
1422 2268 1597 2294 natantem
1621 2281 1668 2287 —

884 2307 1031 2340 animum
1054 2306 1284 2339 adverterunt.
1336 2307 1429 2339 Caes.
1449 2308 1483 2340 B.
1499 2309 1539 2340 G.
1558 2309 1581 2347 l,
1601 2305 1664 2341 24:

883 2361 1064 2397 postquam
1084 2352 1120 2384 id
1140 2353 1287 2385 animum
1313 2352 1471 2385 advertit.
1529 2353 1583 2385 Sic
1605 2365 1666 2385 su·-

884 2411 944 2443 pra
967 2401 1026 2431 111.
1046 2400 1110 2439 20,
1130 2397 1186 2433 45.
1208 2411 1249 2431 ex
1274 2399 1410 2442 optimis
1435 2398 1533 2430 codd.
1560 2399 1665 2431 resti-

882 2452 994 2478 tutum
1020 2452 1088 2478 est:
1114 2448 1264 2478 Animum
1287 2447 1423 2477 advertit
1446 2447 1633 2477 Gracchum.

951 2491 1007 2525 66.
1032 2494 1128 2524 unius
1151 2493 1341 2533 acutissimi]
1370 2492 1408 2521 V.
1432 2490 1605 2522 Adnotata
1629 2490 1664 2523 in

885 2539 926 2571 ΙΙ.
943 2537 998 2576 ¹26,
1011 2535 1066 2571 6-1».
1100 2537 1155 2570 Sic
1175 2537 1288 2581 paullo
1310 2543 1405 2579 post:
1433 2536 1489 2579 qui
1511 2543 1562 2568 est
1580 2547 1664 2569 unus

884 2586 1094 2616 suavissimus
1116 2591 1230 2627 pastus
1255 2581 1453 2614 animorum.

953 2632 993 2662 ab
1014 2631 1137 2662 homine
1155 2628 1320 2669 Arpinate]
1347 2627 1466 2659 Cicero
1487 2627 1574 2659 enim
1594 2630 1663 2660 Ar-

885 2675 980 2719 pinas
1005 2682 1088 2708 erat.
1135 2676 1275 2706 Neidz'us.

951 2724 1005 2763 qui
1027 2732 1058 2754 se
1078 2731 1140 2752 non
1164 2721 1246 2752 hunc
1272 2719 1531 2751 mathematicum
1553 2721 1659 2763 malit]

886 2767 938 2800 Cf.
961 2779 1060 2811 supra
1084 2777 1111 2798 c.
1131 2764 1193 2804 19,
1215 2762 1275 2796 54:
1302 2770 1412 2795 utrum
1433 2766 1545 2796 malles
1563 2768 1609 2806 te,
1632 2766 1663 2800 si

882 2819 1033 2857 potestas
1053 2817 1159 2850 esset,
1192 2809 1314 2849 semel,
1339 2816 1376 2841 ut
1393 2809 1564 2849 Laelium,
1588 2821 1663 2845 con-

881 2861 991 2898 sulem,
1015 2869 1068 2895 an,
1094 2862 1132 2887 ut
1156 2855 1307 2894 Cinnam,
1332 2855 1478 2898 quater?
1525 2856 1598 2889 Fin.
1618 2858 1660 2891 V.

882 2904 914 2944 5,
938 2903 1000 2938 13:
1027 2907 1130 2935 Arato
1142 2902 1308 2941 physicum
1323 2911 1355 2933 se
1370 2903 1479 2934 voluit.
1527 2901 1569 2934 de
1586 2910 1659 2947 opt.

881 2961 958 2992 gen.
989 2948 1052 2980 dic.
1086 2947 1116 2991 §5-
1134 2946 1195 2980 15:
1239 2946 1295 2990 qui
1330 2957 1361 2979 se
1393 2950 1510 2980 Atticos
1540 2951 1661 2983 volunt.

883 2994 949 3027 off.
966 2996 1008 3026 II.
1027 2993 1084 3033 22,
1105 2992 1166 3027 75:
1192 2992 1249 3036 qui
1267 3004 1348 3026 vero
1367 3003 1399 3026 se
1415 2996 1587 3036 populares
1603 3006 1660 3029 vo-
