1843 3101
159 27 244 72 220

159 126 276 171 sunt,
322 124 386 170 et,
430 115 464 158 si
489 126 655 156 necesse
677 112 778 165 erit,
825 112 991 167 singulis
1017 111 1362 167 disputationibus.

741 31 911 65 L113ER
933 33 993 65 111.
1017 29 1081 74 34,
1105 30 1162 66 84.

1425 110 1620 169 Superest
1633 112 1744 155 enim

1028 184 1109 228 Sed
1129 186 1231 228 ratio
1251 201 1330 228 una
1347 187 1519 229 omnium
1539 194 1601 229 est
1615 186 1746 243 aegri-

158 269 360 317 tudinum,
395 264 507 320 plura
529 261 704 303 nomina.
765 259 871 302 Nam
893 267 934 302 et
953 261 1132 302 invidere
1156 261 1413 316 aegritudinis
1435 268 1529 313 est,
1552 268 1594 303 et
1613 275 1746 303 aemu-

157 343 255 393 lari,
289 348 329 381 et
349 339 598 388 obtrectare,
633 343 673 377 et
696 335 898 387 misereri,
932 343 972 376 et
994 336 1106 390 augi,

159 192 388 243 nobishoc,
435 187 670 231 cuicuimodi
699 193 783 238 est,
827 186 965 227 otium.

1140 336 1294 390 lugere,
1326 350 1524 388 maerere,
1557 349 1746 385 aerumna

159 416 280 467 affici,
314 412 544 463 lamentari,
577 411 806 462 sollicitari,
841 410 1001 462 dolere,
1034 410 1074 451 in
1099 409 1281 451 molestia
1303 423 1419 463 esse,
1453 410 1645 462 afflictari,
1678 410 1745 451 de—

157 503 337 546 sperare.
401 493 471 529 84.
505 485 617 527 Haec
640 485 769 526 onmia
801 485 991 526 deliniunt
1011 482 1162 538 Stoici,
1197 498 1321 540 eaque
1344 484 1489 537 verba,
1522 498 1621 540 quae
1644 484 1743 536 dixi,

157 564 400 620 singularum
433 576 565 603 rerum
596 567 710 612 sunt,
756 575 861 612 non,
909 566 950 600 ut
973 559 1182 612 videntur,
1230 559 1387 601 easdem
1413 559 1744 615 res-significant,

159 639 229 682 sed
254 638 398 694 aliquid
420 637 631 687 dilseruut,
678 636 780 690 quod
809 635 885 675 alio
908 635 995 675 loco
1020 636 1189 676 fortasse
1212 634 1481 676 tractabimus.
1543 632 1630 675 Hae
1654 640 1747 675 suut

157 714 246 756 illae
272 713 390 754 fibrae
416 711 594 767 stirpium
613 742 623 762 ‚
671 724 765 765 quas
788 710 900 751 initio
925 710 1030 761 dixi,
1078 710 1374 765 persequendae
1390 740 1401 762 ,
1448 716 1490 750 et
1512 722 1651 750 omnes
1675 707 1746 749 eli-

157 788 333 838 dendae,
381 800 431 828 ne
452 800 622 840 unquam
651 785 728 826 ulla
754 785 879 840 possit
895 784 1109 825 exsistere.
1172 783 1364 838 Magnum
1392 797 1489 840 opus
1517 791 1557 825 et
1573 782 1742 834 difficile,

158 863 245 919 quis
272 862 418 917 negat?
458 861 547 916 quid
578 867 705 900 autem
731 859 974 914 praeclarum
1001 872 1079 898 non
1101 859 1204 899 idem
1232 859 1425 899 arduum?
1463 858 1533 906 sed
1556 865 1688 899 tamen
1707 856 1746 897 id

156 951 201 979 se
231 937 461 978 effecturam
489 933 730 988 philosophia
755 934 985 988 profitetur,
1026 945 1098 972 nos
1126 933 1242 973 modo
1267 933 1512 974 curationem
1537 932 1624 973 eius
1643 930 1745 972 reci-

156 1011 325 1068 piamus.

389 1007 541 1050 Verum
566 1008 720 1063 quidem
747 1006 843 1047 haec
867 1006 1073 1047 hacteuus.

1138 1003 1309 1060 Cetera,
1342 1007 1654 1063 quotiescunque
1675 1019 1748 1047 vo-

156 1086 274 1137 letis,
308 1091 349 1126 et
379 1084 452 1125 hoc
483 1083 594 1134 loco,
630 1089 669 1123 et
699 1081 786 1122 aliis
819 1089 953 1136 parata
982 1080 1096 1122 vohis
1127 1087 1258 1122 erunt.

155 1196 278 1234 herbas,
299 1192 347 1225 uti
363 1191 535 1224 Columell.
552 1192 605 1223 lV.
621 1203 647 1223 c.
660 1191 691 1223 5.
714 1201 776 1234 pro
789 1189 933 1233 legendo

156 1240 299 1273 evellere
314 1252 320 1277 ς
347 1238 405 1270 sed
421 1238 562 1269 alterum
580 1237 716 1268 verbum
738 1247 808 1268 rem
828 1236 933 1268 multo

157 1285 278 1319 fortius
305 1292 337 1316 et
361 1283 530 1315 efficacius
555 1282 705 1315 denotat.

226 1332 415 1364 cuicuimodi
433 1332 492 1368 esl]
515 1329 598 1359 ste.
623 1327 851 1371 qualecunque
872 1333 932 1358 est.

160 1379 359 1411 cuicuimodi
389 1375 492 1407 rarius
516 1373 713 1405 vocabulum
737 1380 785 1404 est
800 1399 807 1410 ,
835 1384 934 1414 saepe

157 1434 178 1455 a
212 1422 354 1454 librariis
386 1421 615 1464 depravatum.
673 1418 728 1450 sic
760 1418 802 1450 ad
834 1418 935 1451 Attio.

158 1469 219 1501 ΙΙΙ.
243 1468 305 1507 22,
331 1473 436 1499 extu:
473 1468 525 1499 Tu
551 1465 593 1497 ad
617 1476 668 1496 me
693 1464 792 1496 velim
814 1464 935 1505 omnia,

158 1515 350 1547 cuicuimodi
380 1518 476 1551 sunt,
512 1511 647 1543 scribas,
703 1510 795 1542 Infra
817 1511 858 1541 V.
881 1508 934 1549 41,

160 1559 245 1592 121:
272 1559 327 1590 ubi
348 1558 434 1590 enim
460 1557 575 1589 melius
598 1556 644 1589 uti
665 1567 838 1599 possumus
860 1555 935 1594 hoc,

160 1606 350 1637 cuicuimodi
374 1610 446 1645 est,
481 1602 577 1634 otio'?
636 1602 708 1633 Fin
724 1603 779 1633 111.
803 1602 844 1642 ί),
870 1602 933 1634 3ος

159 1652 350 1683 cuicuimodi
383 1655 469 1681 sunt.
519 1649 716 1681 Cuicuimodi
746 1653 796 1678 est
827 1647 938 1679 forma

159 1695 298 1738 genitivi
332 1693 539 1745 pronominis
573 1696 714 1734 quisquis
736 1704 798 1736 pro
833 1695 938 1725 cuius-

159 1743 347 1775 cuiusmodi.
382 1741 422 1774 V.
440 1751 501 1772 nos
515 1751 548 1771 1n
566 1739 623 1770 Gr.
638 1740 675 1770 L.
696 1739 725 1782 §-
737 1739 791 1772 ὃὸ.
812 1738 893 1770 Not.
905 1740 937 1770 2.

160 1798 195 1831 p.
211 1788 265 1822 57.
288 1786 340 1818 ed.
354 1786 385 1819 2.

227 1829 283 1865 84.
303 1834 386 1873 quod
403 1834 467 1864 alio
485 1834 549 1864 loco
566 1833 698 1872 sortasse
716 1828 936 1874 tractabimus]

163 1878 257 1911 Infra
283 1879 338 1910 lv.
366 1889 393 1910 c.
414 1878 446 1911 8.

230 1926 288 1956 hae
311 1927 381 1956 sunl
404 1926 478 1955 illae
503 1923 614 1964 fibrae]
651 1921 793 1954 Tirones
818 1921 938 1953 obser-

163 1975 261 2008 vent,
287 1980 472 2012 pronomen
496 1970 544 2000 hic
566 1968 607 1999 ab
631 1967 728 1999 initio
750 1967 938 1999 sententiae

163 2013 212 2046 ita
234 2015 312 2057 poni
336 2027 408 2046 cnm
430 2014 462 2046 vi
484 2014 637 2058 quadam,
663 2020 699 2044 ut
720 2013 754 2044 in
775 2025 815 2045 eo
834 2012 939 2044 lateat

164 2060 328 2104 particula
360 2065 474 2092 autem.
523 2060 577 2091 Sic
607 2071 706 2102 supra
729 2060 769 2091 ΙΙ.
798 2058 858 2099 13,
882 2058 936 2092 30.

163 2107 250 2139 Haec
274 2111 322 2136 est
349 2106 444 2148 copia
466 2105 653 2137 verborum.

227 2160 265 2183 ne
285 2152 439 2192 unquam]
463 2151 512 2182 De
534 2151 710 2182 veiborum
730 2150 882 2181 iunctura
901 2160 938 2181 ne

162 2206 326 2237 unquam,
366 2205 404 2227 ne
436 2199 626 2236 quisquam,
666 2206 703 2228 ne
736 2205 871 2236 usquam
903 2195 937 2226 in

164 2240 450 2274 enuntiationibus
479 2241 629 2272 finalibus
655 2253 716 2284 pro
743 2251 780 2273 ne
799 2242 939 2281 qnando,

164 2297 203 2320 ne
235 2289 326 2328 quis,
357 2288 466 2318 necubi
498 2298 528 2316 v.
551 2288 755 2327 Sli'zrenbury.
779 2286 811 2317 in
836 2286 938 2318 Com-

164 2339 304 2366 mentat.
325 2333 367 2363 Π.
391 2330 433 2363 ad
449 2330 544 2362 Offic.
566 2332 685 2373 p.·.113.
724 2331 859 2363 Scilicet
880 2343 938 2364 un-

165 2388 262 2419 quam
277 2402 288 2418 ,
319 2379 506 2418 quisquam,
539 2386 673 2416 usquam
694 2376 728 2408 in
758 2377 809 2409 his
831 2388 937 2408 enun-

164 2422 361 2457 tiationibus
380 2429 561 2467 ponuntur,
587 2428 624 2454 ut
642 2421 749 2454 maior
762 2422 811 2455 vis
828 2422 940 2466 posita

970 1189 1013 1222 sit
1037 1189 1071 1222 in
1092 1189 1152 1232 iis,
1187 1202 1285 1235 quam
1305 1189 1339 1222 in
1363 1189 1480 1223 ceteris
1504 1187 1626 1222 verbis.
1674 1186 1745 1220 Ubi

970 1242 1081 1268 autem
1114 1235 1239 1280 aliquid
1262 1235 1473 1269 interdicitur
1502 1235 1555 1268 vel
1575 1233 1744 1274 metuitur,

972 1288 1164 1314 constanter
1197 1281 1319 1315 dicitur
1350 1292 1388 1315 ne
1419 1283 1566 1322 quando,
1600 1289 1638 1313 ne
1663 1282 1745 1320 quis,

969 1330 1098 1367 necubi,
1123 1328 1199 1372 quia
1220 1327 1253 1360 in
1276 1327 1440 1360 eiusmodi
1463 1325 1745 1359 enuntiationibus

971 1384 1021 1405 ies
1047 1373 1136 1416 ipsa,
1162 1386 1246 1418 quae
1269 1372 1480 1406 interdicitur
1502 1372 1555 1405 vel
1573 1370 1744 1411 metuitur,

972 1425 1126 1462 urgetur,
1163 1431 1231 1452 non
1252 1426 1408 1463 tempus,
1443 1429 1513 1451 non
1541 1417 1653 1459 loeus,
1677 1426 1746 1449 non

972 1476 1127 1508 persona

1036 1513 1239 1550 praeclarum
1261 1521 1321 1543 non
1340 1512 1423 1542 idem
1427 1507 1609 1565 arduum]
1618 1508 1748 1541 Notum

973 1556 1208 1599 proxeibium:
1244 1558 1337 1611 γαλῇ.
1328 1553 1374 1590 tc)
1396 1553 1439 1590 τὰ
1460 1550 1570 1595 καὶοί,
1600 1553 1747 1598 itemque

973 1600 1035 1636 δ3;
1038 1604 1120 1635 κοὶα
1140 1601 1181 1635 τὰ
1209 1600 1315 1640 καὶᾶ,
1353 1608 1386 1633 et
1408 1601 1539 1632 virtutis
1569 1599 1657 1632 viam
1688 1611 1745 1632 ar—

973 1637 1072 1679 (luam
1096 1658 1284 1691 proponere
1309 1646 1492 1679 Hesiodum
1514 1646 1615 1712 [ἔργα
1636 1658 1669 1679 ν..
1682 1657 1746 1688 ἠμ

973 1692 1091 1734 ‘›90.]‚
1118 1705 1218 1746 quum
1243 1692 1308 1724 ait:
1335 1691 1467 1735 μακρὸς
1491 1690 1612 1726 δὲκαὶ
1633 1687 1747 1735 ὅρὲῐιος

973 1742 1069 1781 οῐμος
1091 1737 1142 1772 ἐπ’
1165 1735 1300 1780 ἅρετην.

1044 1787 1153 1816 Verum
1167 1786 1293 1825 quidem
1307 1785 1383 1816 haec
1396 1782 1558 1827 hactenus]
1577 1782 1633 1815 Sic
1648 1781 1747 1827 plane

973 1841 1091 1871 graece
1106 1829 1227 1861 dicitur
1248 1826 1333 1863 α’)λά
1353 1840 1411 1872 γε;
1435 1830 1572 1870 quidem,
1591 1827 1640 1871 γέ
1667 1839 1747 1860 con-

973 1855 1105 1907 iirmant
1124 1873 1379 1907 antecedentia.
1398 1877 1448 1916 ja,
1470 1875 1654 1915 allerdinys,
1673 1875 1748 1914 frei-

972 1923 1042 1953 lich.
1068 1940 1112 1945 -—
1159 1923 1222 1953 Ja!
1258 1922 1318 1953 das
1349 1922 1461 1952 wollen
1481 1921 1543 1952 uir
1566 1921 1664 1959 thun5
1694 1921 1748 1960 je—

972 1969 1051 2000 doch
1070 1968 1123 2007 fiir
1140 1968 1227 1999 heure
1248 1976 1361 2007 9enu9.
1409 1965 1475 1997 Cic.
1503 1964 1546 1997 de
1575 1965 1679 2008 Legg.
1703 1965 1746 1996 11.

972 2012 1100 2051 6,1-}:
1129 2012 1171 2043 de
1193 2012 1262 2044 eius
1282 2011 1364 2055 legis
1386 2010 1484 2043 laude
1503 2010 1631 2050 dicam,
1656 2009 1748 2054 quod

973 2058 1061 2090 idem
1083 2064 1117 2089 et
1137 2058 1312 2090 Zaleucum
1335 2064 1369 2089 et
1391 2056 1602 2089 Charondam
1627 2055 1748 2088 fecisse

972 2104 1096 2141 vide03
1121 2113 1305 2144 quanquam
1329 2104 1455 2143 quidem
1478 2101 1601 2146 (καίτοι
1621 2113 1661 2145 γε
1646 2101 1674 2143 )
1698 2099 1748 2132 illi

974 2162 1040 2182 non
1060 2149 1160 2181 studii
1181 2156 1214 2181 et
1232 2147 1474 2187 delectationis,
1494 2147 1554 2180 sed
1574 2147 1622 2179 rei
1634 2145 1748 2191 publi-

975 2207 1032 2227 cae
1055 2206 1168 2227 caussa
1189 2194 1278 2238 leges
1300 2193 1489 2226 civitatibus
1508 2192 1575 2225 suis
1597 2192 1747 2225 conscri-

972 2247 1121 2303 psci-unt.
1162 2242 1237 2272 Eur.
1263 2239 1331 2283 [ph.
1351 2241 1393 2272 T.
1410 2239 1495 2273 703:
1521 2235 1608 2281 ατὰρ
1630 2236 1668 2273 τὸ
1686 2237 1747 2272 τοῦ

975 2290 1015 2320 ⁸:
1001 2287 1055 2320 03
1090 2282 1121 2330 γ’
1145 2299 1182 2320 ου
1208 2289 1241 2321 δ.
1244 2284 1386 2341 έφῖορέν
1422 2295 1462 2318 σε
1483 2296 1537 2318 πω
1562 2282 1748 2328 μάντευμα,

974 2332 1084 2366 καίτοι
1116 2329 1148 2374 γ’
1179 2329 1282 2375 ἐγγὺς
1314 2330 1464 2373 ἕστηκας
1485 2329 1608 2373 (pomi),
1641 2339 1746 2372 quan-

974 2389 1072 2420 quam
1092 2379 1219 2419 quidem
1242 2376 1344 2411 morti
1364 2375 1489 2409 vicinus
1511 2387 1557 2409 es.
