1859 3117
648 32 794 66 [NDEx
818 13 1098 70 nisTofflcus

77 106 266 148 Fabricius,
311 110 345 142 G.
364 111 540 150 Luscinus,
586 111 666 144 civis
697 124 855 146 romanus
888 118 1012 158 Hector,

120 151 363 196 frugalissimus
395 161 497 199 atque
523 156 746 199 fortissimus,
783 159 849 203 qui,

119 198 184 230 etsi
205 198 324 243 exigua
341 211 379 232 re
402 200 555 234 familiari
576 203 749 244 utebatur,
786 208 851 238 Sa—

119 243 274 278 mnitium
307 257 445 279 munera
481 247 618 281 fortiter
651 250 780 294 sprevit
815 258 849 284 et

118 299 182 322 nec
199 301 302 331 auro,
327 303 391 325 nec
409 291 707 336 pollicitationibus
727 297 847 340 aPyr—

121 335 204 377 rho,
229 347 304 370 cum
324 348 392 382 quo
411 337 535 372 bellum
554 340 711 383 gerebat,
738 352 846 385 expu—

117 381 214 424 gnari
234 382 366 427 potuit,
392 390 430 416 ut
453 396 527 417 cum
551 397 592 418 eo
616 398 688 420 esse
708 387 822 420 vellet.

74 425 228 469 Fannius,
253 430 300 470 C.‚
322 440 426 473 gener
444 430 552 463 Laelii
568 432 741 476 sapientis,
765 433 848 466 stoi-

118 483 175 505 cus
208 479 243 506 et
273 475 424 508 Panaetii
455 475 648 522 discipulus.
707 479 848 524 Scripsit

115 517 314 561 historiam,
348 532 412 566 qua
434 533 556 555 nomen
580 524 643 563 sibi
676 525 708 558 in
732 525 847 570 primis

114 564 266 608 peperit,
293 573 328 599 et
347 567 494 600 annales.
530 567 570 607 4,
597 568 652 603 40.

72 610 212 644 Fulvius.
248 612 295 644 M.
308 612 442 646 Fulvius
464 614 621 648 Nobilior
634 615 708 650 191.
722 629 750 651 a.
768 616 845 649 Chr.

114 656 253 698 consul,
288 669 364 692 cum
392 660 543 701 Aetolis,
579 661 687 695 Ennio
712 663 847 704 comite,

114 713 234 746 quem,
271 703 499 739 familiaritate
522 706 586 739 sibi
617 708 843 749 coniunctum,

113 759 154 781 ex
175 749 269 783 Urbe
286 749 322 784 in
341 751 508 785 Aetoliam
529 752 680 793 duxerat,
708 755 846 788 bellavit

113 805 238 840 eosque
249 795 376 830 devicit
391 808 454 830 nec
466 797 631 832 dubitavit
645 800 762 833 Martis
776 813 845 834 ma-

113 840 231 874 nubias
246 842 350 875 Musis
369 853 574 877 consecrare.
608 846 686 878 Eius
707 846 791 879 filius
804 850 845 888 Q.

112 885 208 921 Fulv.
232 887 391 923 Nobilior
409 890 553 923 Ennium
575 891 710 925 civitate
733 893 844 927 dona—

112 931 172 965 vit.

432 1017 470 1049 G.

65 1069 181 1110 Galba,
205 1071 396 1113 Serv.Sulp.
419 1073 534 1106 consul
555 1072 704 1108 fuit145.
718 1087 748 1108 a.
766 1075 843 1110 Chr.

112 1126 186 1148 cum
207 1115 255 1149 M.
273 1120 367 1150 Aem.
380 1119 517 1152 Scauro.
546 1119 663 1153 Cicero
688 1124 794 1164 (Orat.
812 1122 841 1162 1,

109 1160 168 1203 53)
194 1161 264 1194 eius
294 1162 429 1196 dicendi
450 1165 616 1198 rationem
640 1166 736 1199 valde
766 1168 842 1200 lau-

109 1205 204 1247 dari,
229 1219 371 1254 eumque
393 1210 536 1254 primum
559 1223 600 1244 ex
622 1213 750 1246 Latinis
771 1226 842 1247 rem

110 1263 244 1296 augere,
268 1265 408 1296 ornare,
434 1268 552 1290 acuere
575 1259 727 1303 coepisse
746 1259 839 1293 dicit.

112 1299 152 1338 1,
177 1301 208 1333 5.

67 1346 285 1388 Ganymedes,
319 1347 419 1381 Trois
450 1348 536 1382 filius
567 1349 678 1383 forma
710 1351 842 1395 eximia,

108 1397 224 1435 raptus
246 1403 266 1424 a
288 1393 368 1426 Iove
391 1394 426 1426 in
447 1395 586 1428 caelum.

65 1437 226 1470 Geminus.
272 1439 313 1472 V.
336 1441 500 1474 Servilius.

67 1483 237 1525 Gigantes,
274 1485 401 1518 Terrae
431 1485 491 1518 filii
517 1487 700 1521 immensae
730 1496 840 1522 statu-

111 1539 189 1569 rae,
214 1530 270 1574 qui
293 1531 420 1564 caelum
444 1544 635 1577 expugnare
658 1536 840 1580 Iovemque

110 1573 257 1609 deiicere
279 1576 350 1609 ausi
365 1585 455 1610 sunt.
492 1582 533 1619 2,
559 1581 614 1613 2¹0.

65 1621 221 1663 Goryias,
244 1623 431 1656 Leontinus
455 1623 581 1658 rhetor.
627 1602 680 1658 Ah
705 1639 746 1660 eo
766 1627 838 1660 dia-

107 1665 205 1710 logus
223 1668 372 1702 Platonis
394 1677 510 1703 contra
528 1671 694 1716 sophistas
713 1685 837 1706 nomen

108 1713 249 1758 accepit.
299 1716 342 1755 5,
365 1713 422 1750 34.

63 1759 209 1792 Gracchi.
243 1760 275 1803 a)
302 1763 443 1795 Tiberius
457 1764 663 1804 Sempronius
678 1767 839 1799 Gracchus

109 1811 146 1838 et
165 1805 207 1838 L.
224 1806 416 1839 Postumius
439 1808 578 1841 Albinus
607 1810 705 1853 primi
742 1811 838 1844 fuere

109 1850 262 1884 consules
285 1863 303 1885 e
319 1852 430 1896 plebe.
470 1855 509 1886 In
525 1856 655 1898 proelio
676 1867 750 1889 cum
769 1858 838 1889 Lu·

109 1897 198 1930 canis
218 1909 238 1930 a
254 1897 384 1940 Flavio,
407 1899 619 1933 Lucanorum
635 1901 730 1943 duce,
754 1902 835 1936 dolo

107 1942 353 1976 circumventus
387 1945 510 1978 cecidit
542 1947 641 1990 (213.
663 1960 693 1980 a.
720 1949 835 1991 Chr.).

103 1988 148 2032 b)
168 1991 310 2023 Tiberius
339 1991 545 2033 Sempronius
575 1995 757 2036 Gracchus,
792 1994 833 2027 fi-

106 2034 170 2068 lius
191 2035 300 2068 maior
319 2036 396 2069 Tib.
423 2038 613 2082 Sempronii
636 2040 780 2073 Gracchi
802 2047 836 2073 et

105 2081 292 2122 Corneliae,
316 2081 468 2133 niba-nus
490 2083 596 2128 plebis
618 2086 692 2120 133.
708 2099 738 2118 a.
758 2087 835 2119 Chr.

104 2126 234 2171 legibus
249 2127 385 2171 agrariis
401 2129 518 2174 populi
535 2130 737 2164 seditionem
753 2144 835 2166 con-

107 2173 214 2206 citans
246 2185 266 2206 a
287 2173 444 2218 Scipione
466 2176 588 2210 Nasica
610 2177 832 2223 interemptus

106 2224 168 2251 est.
207 2220 246 2260 1,
271 2221 303 2253 5.
344 2218 388 2261 4,
412 2221 468 2254 51.
494 2241 538 2247 —
586 2223 616 2266 c)
647 2226 714 2257 Cai.
739 2227 832 2257 Sem-

101 2267 256 2307 pronius,
291 2265 398 2299 frater
419 2267 531 2301 minor
555 2269 658 2302 modo
684 2281 835 2304 comme-

104 2310 248 2351 morati,
283 2311 436 2345 tribunus
457 2313 565 2357 plebis
579 2341 587 2353 ,
625 2315 735 2360 legem
755 2317 835 2350 tulit

108 2355 200 2400 (126.
218 2368 248 2389 a.
267 2357 358 2401 Chr.)
371 2383 382 2397 ,
419 2370 483 2403 qua
502 2361 666 2394 sancitum
691 2370 763 2403 est,
799 2370 837 2396 ut

103 2403 305 2446 pauperibus
322 2404 511 2437 semissibus
527 2413 561 2439 et
571 2407 748 2441 trientibus
763 2409 836 2441 sin-

106 2447 176 2492 guli
190 2448 350 2481 frumenti
365 2450 469 2483 modii
485 2452 723 2487 venderentur.
756 2456 837 2488 Erat

106 2493 200 2527 locus
222 2495 351 2527 Romae
372 2496 592 2539 constitutus,
617 2499 652 2531 in
673 2511 738 2544 quo
761 2501 837 2534 fru—

107 2547 256 2572 mentum
270 2540 442 2585 publicum
457 2544 698 2584 asservabatur,
718 2547 774 2590 qui
787 2547 838 2579 dj-

43 2599 46 2603 ·
95 2592 182 2619 ectus
203 2593 254 2619 est
282 2589 395 2620 horrea
413 2589 622 2632 Sempronia;
653 2591 706 2624 lex
726 2599 838 2626 autem

107 2631 165 2664 illa
176 2633 376 2674 Sempronia.
412 2634 463 2667 Ob
482 2634 573 2679 leges
585 2637 739 2680 Agrarias
762 2639 836 2672 121.

107 2688 138 2709 a.
161 2677 238 2710 Chr.
258 2690 278 2712 a
300 2679 435 2712 consule
458 2681 585 2714 occisus
606 2690 667 2715 est.
695 2683 725 2724 1,
750 2685 782 2718 5.
804 2685 837 2726 3,

430 2808 471 2840 H.

65 2860 335 2901 Halicarnassus,
359 2862 437 2895 u'rbs
462 2864 589 2898 Cariae.
614 2865 656 2905 3,
681 2866 735 2900 75.

65 2906 202 2946 Hanno,
226 2905 520 2950 Carthaginiensis.
542 2912 584 2951 5,
609 2910 665 2944 90.

66 2951 264 2984 Harmodius
286 2962 316 2983 v.
337 2955 513 2994 mistoque.

1583 39 1665 83 337

1031 118 1163 159 Priami,
1188 120 1412 156 Troianorum
1432 126 1536 169 regis,
1561 128 1657 163 filius.

888 163 1038 205 Hecuba,
1074 176 1158 197 uxor
1190 166 1328 208 Priami,
1366 176 1463 214 capta
1489 173 1593 207 Troia
1625 176 1657 210 in

932 220 1048 242 canem
1068 222 1087 243 a
1108 211 1218 255 poe'tis
1236 219 1366 247 mutata
1388 224 1552 253 narratur.

882 266 1053 307 Hegesias,
1076 267 1298 313 philosophus
1316 278 1429 305 sectae
1451 277 1656 319 cyrenaicae,

926 317 1082 355 tempore
1117 314 1201 346 vixit
1232 316 1415 351 Ptolemaei
1448 321 1657 368 Philadelphi

929 356 1010 400 (280
1026 370 1056 390 a.
1075 359 1178 403 Chr.).
1207 360 1245 400 1,
1271 362 1326 396 153.
1345 362 1402 397 54.

882 415 1073 447 Heraclrdes
1094 416 1270 455 Ponticus,
1298 419 1445 455 Platonis
1467 430 1500 456 et
1522 426 1656 461 Aristo—

926 459 1002 492 telis
1027 460 1217 506 discipulus.
1243 464 1276 502 ὁ,
1301 467 1333 498 ὅ.

882 507 1086 548 Heraclitus,
1113 508 1219 541 clarus
1239 509 1369 544 ionicae
1387 514 1523 548 scholae
1540 518 1655 561 philo—

928 552 1053 596 sophus
1066 579 1074 593 ,
1103 554 1225 598 Ephesi
1244 563 1340 590 natus
1353 584 1361 596 ‚
1387 559 1471 593 vixit
1490 574 1517 594 c.
1533 576 1561 595 a.
1577 566 1654 599 500.

928 609 957 630 a.
977 598 1054 631 Chr.
1092 600 1198 633 Tristi
1215 601 1327 636 animo
1350 604 1424 638 fuit.
1472 608 1656 645 Obscurum

928 642 1062 677 dicendi
1075 657 1190 688 genus,
1214 659 1280 692 quo
1300 649 1548 696 philosophiam
1562 668 1655 691 suam

927 690 1158 735 consignavit,
1184 693 1214 725 ei
1235 696 1366 739 peperit
1387 709 1574 743 cognomen
1594 705 1654 738 τοῦ

927 737 1108 771 σκοτεινοῦ.
1131 739 1163 777 5,
1186 739 1259 773 105.

877 783 1045 823 Hercules,
1071 783 1158 815 Iovis
1179 792 1212 817 et
1233 786 1415 821 Alcmenae
1435 790 1530 825 filius.

879 840 1036 881 Hermus,
1082 840 1385 885 Carthaginiensis„
1433 848 1653 895 philosophus

925 885 1050 918 stoicus
1063 912 1070 925 ,
1095 888 1239 920 Zenonis
1259 889 1451 935 discipulus

877 932 1110 973 Hermodorus,
1135 933 1357 977 Ephesiorum
1377 938 1410 970 in
1429 940 1506 973 Asia
1523 942 1657 978 Minore

925 984 1086 1021 tyrannus
1112 983 1154 1022 (c.
1175 992 1205 1012 a.
1222 982 1300 1014 500.
1327 996 1355 1016 a.
1376 984 1481 1028 Chr.).
1507 989 1549 1028 ὁ,
1578 991 1652 1024 105.

877 1035 1074 1076 Herodotus,
1106 1036 1364 1079 .Halicarnassi,
1411 1042 1526 1076 Cariae
1560 1046 1652 1088 urbe,

924 1087 1041 1117 natus,
1079 1081 1204 1124 primus
1236 1085 1440 1120 Graecorum
1464 1089 1653 1133 historicus,

923 1126 1014 1158 cuius
1037 1138 1158 1160 novem
1177 1128 1253 1161 libri
1277 1132 1443 1167 Musarum
1466 1137 1654 1171 nominibus

922 1171 1073 1216 inscripti
1095 1182 1182 1206 sunt.
1220 1176 1309 1209 Vixit
1333 1190 1359 1210 c.
1374 1192 1403 1212 a.
1419 1180 1536 1215 flia.
1551 1184 1628 1218 Chr.

877 1231 1052 1271 Hesiodus,
1088 1231 1220 1274 Cumis,
1260 1235 1393 1268 Aeoliae
1415 1238 1515 1279 urbe,
1542 1248 1649 1282 natm,

925 1287 943 1307 a
957 1275 1139 1315 domicilio,
1157 1278 1247 1321 quod
1260 1288 1378 1323 postea
1393 1287 1525 1325 Ascrae,
1546 1288 1651 1320 Boeo-

924 1322 990 1353 tiae
1016 1322 1107 1362 urbe,
1134 1324 1326 1365 collocavit,
1352 1332 1507 1363 Ascraeus
1528 1333 1650 1376 appel-

922 1365 1028 1405 latus,
1068 1369 1240 1412 complura
1274 1375 1464 1417 composuit
1494 1379 1650 1412 carmina.

923 1413 1014 1445 Vixit
1037 1425 1064 1446 c.
1083 1427 1113 1446 a.
1131 1417 1209 1447 1500.
1230 1429 1258 1448 a.
1276 1417 1352 1451 Chr.
1377 1438 1421 1445 —
1459 1421 1496 1460 1,
1522 1425 1554 1457 ὃ.
1573 1424 1628 1458 9²5.

874 1471 1104 1512 Hieronymus,
1139 1471 1307 1514 Rhodius,
1347 1476 1565 1522 philosophus
1586 1492 1649 1525 pe-

920 1515 1125 1559 ripateticus.
1173 1518 1292 1552 Cicero
1319 1522 1406 1564 (Fin.
1425 1525 1466 1563 5,
1495 1527 1548 1568 14)
1575 1539 1651 1560 eum

919 1568 1019 1594 vocat
1054 1563 1192 1596 doctum
1230 1565 1400 1600 hominem
1436 1577 1470 1601 et
1502 1583 1648 1614 suavem,

917 1608 973 1652 qui
993 1619 1157 1641 summum
1179 1610 1302 1644 bonum
1322 1616 1477 1657 exposuit
1497 1618 1649 1652 vacuita-

917 1660 985 1685 tem
1011 1654 1148 1687 doloris.

870 1701 1100 1742 Hippodamia,
1126 1703 1287 1735 Oenomai
1304 1704 1391 1748 regis
1413 1706 1515 1739 Elidis
1537 1714 1571 1740 et
1592 1710 1647 1742 Pi·

917 1757 974 1777 sae
1001 1745 1087 1784 filia,
1123 1759 1187 1792 qna
1208 1749 1324 1793 Pelops
1352 1752 1510 1792 tandem,
1547 1762 1649 1799 post—

918 1802 1017 1835 quam
1049 1792 1160 1836 plures
1189 1793 1256 1827 iam
1286 1798 1382 1839 proci
1412 1798 1454 1831 ab
1476 1801 1648 1835 Oenomao

917 1837 1037 1869 fraude
1071 1838 1264 1884 interempti
1301 1850 1397 1883 sunt,
1435 1857 1509 1878 cum
1541 1858 1647 1891 regno

916 1884 1045 1926 potitus
1067 1891 1128 1917 est.
1162 1885 1204 1926 3,
1230 1887 1284 1921 26.

869 1941 1081 1982 Hippolytus,
1119 1942 1244 1976 Thesei
1278 1944 1362 1978 filius
1401 1959 1441 1980 ex
1475 1951 1646 1983 Amazone

916 1986 1105 2031 Hippolyta
1140 1990 1230 2031 (Eur.
1253 1990 1446 2035 Hipp.11.)
1483 1995 1538 2027 vel
1570 2000 1642 2029 An-

914 2032 1030 2076 tiopa,
1067 2045 1086 2066 a
1116 2034 1268 2068 Phaedra
1289 2048 1436 2072 noverca
1455 2041 1564 2085 stupri
1584 2054 1644 2075 ac-

916 2085 1059 2111 cusatur.
1097 2079 1185 2113 Hinc
1202 2082 1326 2115 Thesei
1343 2084 1541 2120 crudelitate
1560 2100 1644 2133 per-

913 2123 964 2156 iit.
1001 2123 1040 2163 4,
1068 2125 1123 2159 27.

867 2171 1022 2203 Homerus
1045 2170 1126 2203 vixit
1147 2184 1174 2205 c.
1199 2184 1229 2204 a.
1252 2174 1350 2207 1000.
1375 2188 1406 2209 a.
1430 2177 1508 2211 Chr.

867 2217 1071 2257 Hortensius,
1107 2217 1303 2252 clarissimus
1335 2229 1449 2256 orator
1474 2236 1642 2265 romanUS,

915 2262 971 2305 qui
995 2262 1164 2296 Ciceronis
1187 2273 1298 2298 aetate
1321 2267 1414 2302 vixit.
1439 2271 1469 2310 1,
1494 2270 1548 2303 59.
1594 2273 1644 2303 De

917 2308 1086 2340 Ciceronis
1107 2308 1213 2351 libro,
1239 2312 1294 2355 qui
1315 2315 1499 2348 Hortensius
1524 2316 1646 2349 inscri-

916 2360 1058 2397 ptusest,
1082 2355 1311 2395 v.Adn.ad2,
1333 2358 1366 2392 4.
1388 2368 1422 2392 et
1443 2362 1474 2399 3,
1497 2360 1528 2394 6.
1562 2364 1644 2395 Hor-

915 2402 1007 2432 tensii
1033 2412 1158 2433 nomen
1193 2402 1288 2435 duxit
1317 2404 1372 2437 hic
1402 2405 1488 2438 liber
1517 2418 1558 2438 ex
1590 2419 1643 2448 eo,

918 2445 1009 2489 quod
1040 2448 1225 2482 Hortensius
1247 2449 1481 2494 philosophiae
1498 2452 1644 2485 studium

918 2491 1166 2535 reprehendens
1190 2494 1344 2527 inductus
1368 2503 1449 2528 erat.

871 2550 985 2588 Hydra
1001 2548 1145 2589 lernaea,
1170 2563 1307 2594 serpens
1328 2551 1567 2596 quinquaginta
1584 2567 1642 2587 ca-

918 2594 1045 2637 pitum‚
1083 2607 1122 2627 ex
1144 2597 1281 2640 quibus,
1317 2608 1383 2629 uno
1408 2600 1537 2639 exciso,
1574 2600 1641 2633 duo

918 2639 984 2672 alia
1003 2640 1116 2672 statim
1141 2641 1394 2685 repullulabant.
1428 2644 1460 2684 2,
1486 2647 1540 2678 22.
1574 2648 1641 2686 Hy-

918 2687 980 2718 dra
1011 2698 1085 2719 cum
1116 2688 1260 2719 Echidna
1284 2688 1458 2730 permixta.
1506 2691 1547 2723 V.
1568 2691 1643 2724 Ad-

918 2738 991 2763 not.
1012 2732 1047 2764 in
1070 2732 1111 2773 2,
1137 2735 1190 2764 22.

871 2775 1037 2818 Hypanis,
1060 2776 1177 2809 fluvius
1205 2776 1240 2809 in
1261 2779 1424 2812 Sarmatia
1444 2780 1580 2815 asiatica
1600 2782 1644 2816 ad

918 2823 1106 2866 Bosporum
1129 2822 1348 2856 Cimmerium.
1396 2826 1509 2860 Hodie
1528 2829 1645 2874 appel-

919 2866 1008 2899 latur
1031 2870 1109 2909 Boy.
1143 2868 1181 2907 1,
1206 2866 1270 2901 94:
1295 2869 1352 2903 ubi
1374 2883 1405 2905 v.
1429 2872 1516 2906 Adn.

876 2914 1060 2953 Hyrcania,
1093 2912 1186 2956 regio
1217 2913 1354 2951 asiatica
1384 2916 1428 2949 ad
1458 2920 1553 2953 Mare
1577 2920 1643 2954 Ca-

922 2957 1040 3000 spium.
1085 2959 1123 2998 1,
1151 2958 1225 2993 108.

1271 3023 1324 3059 22
