1811 3069
140 31 195 73 62

137 120 250 162 Abiit
268 121 315 162 ad
336 121 429 162 deos
449 119 663 162 Hercules:
697 133 891 174 nunquam
913 119 1085 170 abisset,
1119 118 1194 160 nisi
1209 150 1220 169 ,
1254 133 1370 174 quum
1397 119 1503 160 inter
1525 118 1705 161 homines

138 202 260 246 esset,
285 208 368 236 eam
387 195 460 236 sibi
482 195 583 235 viam
603 193 849 254 munivisset.
891 191 1043 235 Vetera
1064 193 1142 234 iam
1163 194 1238 234 ista
1260 201 1299 235 et
1317 193 1509 248 religione
1533 193 1703 235 omnium

692 40 857 72 LIBER
880 40 906 72 1.
931 37 992 80 15,
1015 37 1070 73 33.
1095 38 1152 73 34.

136 276 383 310 consecrata.

249 341 347 385 XV.
411 341 513 395 Quid
544 342 584 382 in
612 341 684 381 hae
709 354 753 381 re
780 340 930 396 publiea
959 346 1015 380 tot
1040 347 1247 394 tantosque
1278 341 1410 392 viros,
1444 340 1492 381 ob
1521 353 1606 381 rem
1637 354 1706 395 pu-

133 417 272 459 blicam
299 417 554 467 interfectos,
588 415 783 469 cogitasse
809 415 1071 455 arbitramur?
1099 413 1290 455 iisdemne
1315 420 1359 454 ut
1388 414 1529 456 finibus
1561 428 1706 456 nomen

134 506 273 543 suum,
316 490 452 544 quibus
485 490 587 540 vita,
631 489 936 529 terminaretur?
993 486 1125 528 Nemo
1154 502 1322 542 unquam
1355 487 1440 528 sine
1470 502 1608 543 magna
1636 502 1706 543 spe

134 564 437 606 immortalitatis
477 577 519 604 se
560 577 627 618 pro
661 563 786 618 patria
822 564 983 603 offerret
1013 562 1061 602 ad
1094 568 1276 602 mortem.
1349 567 1418 603 55.
1451 559 1586 602 Licuit
1615 575 1705 602 esse

134 639 261 680 otioso
287 638 568 687 Themistocli,
603 637 710 678 licuit
733 636 1051 692 Epaminondae,
1085 635 1216 687 licuit,
1251 649 1300 676 ne
1335 642 1375 676 et
1406 641 1544 677 vetera
1573 642 1613 676 et
1634 648 1706 676 ex-

132 720 245 754 terna
270 727 478 767 quaeram,
518 711 636 761 mihi3
680 712 772 761 sed,
807 710 940 751 nescio
965 725 1039 765 quo
1065 711 1204 762 modo,
1244 709 1422 750 inhaeret
1449 709 1490 749 in
1509 709 1705 760 mentibus

133 787 243 842 quasi
268 787 488 827 seculorum
517 786 705 840 quoddam
735 784 940 838 augurium
964 786 1206 835 futurorum,
1240 783 1354 837 idque
1378 783 1419 824 in
1438 783 1618 823 maximis
1645 782 1706 823 in-

131 861 258 916 geniis
288 860 564 914 altissimisque
594 859 733 899 animis
758 865 798 899 et
821 858 977 899 exsistit
1002 859 1199 908 maxime,
1242 865 1281 897 et
1309 862 1471 912 apparet
1504 856 1702 897 facillime.

134 934 224 990 Quo
251 935 402 990 quidem
428 935 604 987 dempto,
638 933 722 986 quis
746 940 821 972 tam
845 939 950 972 esset
978 946 1139 982 amens,
1174 931 1237 985 qui
1265 944 1421 985 semper
1445 930 1484 970 in
1507 929 1705 970 laboribus

133 1017 174 1050 et
197 1009 378 1065 periculis
405 1008 588 1049 viveret?
638 1012 708 1046 54.
742 1004 905 1060 Loquor
930 1006 975 1046 de
1001 1004 1263 1060 principihus;
1298 1004 1387 1058 quid
1410 1005 1577 1059 poetae?
1607 1018 1705 1045 non-

133 1097 182 1124 ne
213 1089 302 1138 post
331 1071 495 1122 mortem
529 1081 726 1121 nobilitari
758 1080 922 1121 volunt?
952 1079 1053 1119 unde
1086 1091 1180 1132 ergo
1210 1077 1333 1118 illud?

333 1158 531 1208 Adspicilc
543 1185 553 1202 ,
589 1170 609 1193 ο
640 1157 757 1201 cives,
791 1157 891 1192 semis·
920 1155 1026 1192 Emec'
1051 1154 1228 1202 imaginis
1245 1153 1428 1204 sormam.

400 1232 473 1269 Hic
504 1236 667 1267 vostrum
692 1230 836 1279 panxit
862 1239 1036 1266 maxuma
1055 1227 1168 1278 ficeta
1193 1233 1362 1276 patrum.

129 1303 358 1345 Mercedem
398 1303 544 1358 gloriae
584 1302 730 1355 flagitat
759 1301 805 1341 ab
836 1301 906 1351 iis,
942 1313 1114 1354 quorum
1156 1305 1288 1353 patres
1328 1298 1515 1339 affecerat
1550 1297 1700 1353 gloria,

128 1379 322 1433 idemque,

201 1481 278 1512 CAP.
296 1481 372 1513 XV.
409 1483 441 1511 ut
463 1477 692 1520 terminaretur]
718 1477 898 1519 Exspectes

131 1533 271 1570 propter
294 1524 492 1556 antecedens
513 1527 660 1563 coqilasse
681 1522 772 1565 sequi
793 1522 899 1553 debe-

130 1583 186 1604 re:
211 1573 322 1603 iisdem
344 1572 457 1611 finibus
476 1571 673 1601 terminatum
694 1571 743 1601 iri.
790 1571 899 1610 Atque

132 1618 214 1649 haec
247 1616 380 1659 quidem
409 1615 584 1647 verborum
616 1613 804 1645 consecutio
836 1625 898 1644 ne—

133 1662 274 1694 cessaria
305 1662 412 1701 foret,
447 1661 473 1691 si
499 1660 631 1691 verbum
657 1662 815 1699 cogitandi
846 1659 899 1690 hic

129 1708 298 1751 propriam
319 1719 409 1739 suam
431 1706 496 1737 vim
515 1705 672 1741 haberet,
700 1711 733 1735 at
751 1707 900 1744 coyz‘tasse

129 1754 162 1785 h.
178 1753 199 1784 l.
216 1752 378 1796 significat
392 1756 555 1792 spectasse,
572 1752 731 1782 consilium
746 1751 899 1781 habuisse.

133 1800 231 1830 Corn.
250 1800 333 1842 Nep.
348 1799 393 1830 X.
411 1800 432 1830 9
445 1822 452 1836 ‚
478 1801 516 1827 ’ἐς
544 1807 680 1838 eamque
704 1794 895 1837 (triremem)

131 1844 164 1875 in
197 1851 293 1886 portu
319 1843 435 1886 agitari
461 1842 571 1879 iubet,
597 1860 642 1864 —
678 1843 835 1880 emicans,
871 1839 898 1871 si

131 1889 220 1920 forte
244 1889 387 1920 consiliis
408 1888 590 1919 obstitisset
610 1886 763 1923 fortuna,
787 1890 820 1917 ut
841 1887 897 1917 Ιια-

132 1938 222 1974 beret,
247 1946 311 1977 quo
330 1935 471 1976 fugeret.
514 1934 560 1963 De
578 1932 797 1963 collocatione
812 1942 897 1962 con-

129 1979 303 2011 iunctionis
327 1983 359 2010 ut
382 1991 411 2009 v.
435 1978 476 2009 ad
501 1979 524 2008 Ι.
543 1979 584 2015 ὃ,
614 1976 664 2009 16.

199 2035 229 2057 se
244 2044 287 2049 —
303 2027 422 2065 offerret
436 2025 479 2054 acl
493 2024 636 2063 mortem]
662 2021 897 2064 Imperfectum

130 2073 250 2112 offerret
269 2068 480 2101 referendum
502 2073 551 2098 est
576 2066 617 2098 ad
641 2077 695 2097 eos
718 2066 827 2106 viros,
852 2066 895 2097 ad

130 2128 212 2160 quos
231 2115 345 2147 Cicero
362 2119 532 2157 provocat.
563 2113 613 2143 De
627 2111 794 2143 locutione
812 2122 895 2142 con-

129 2163 181 2193 fer
203 2172 264 2203 pro
291 2162 374 2191 sest.
390 2161 425 2196 Ι,
454 2159 489 2191 1;
525 2169 560 2188 se
586 2164 619 2188 et
643 2157 781 2188 salutem
804 2167 896 2187 suam

127 2209 160 2239 ‘in
190 2208 355 2238 discrimen
388 2206 496 2244 offerre
526 2214 586 2245 pro
619 2209 707 2233 statu
740 2200 894 2232 civitatis.

127 2252 298 2288 XXVIII,
323 2250 383 2284 ot:
422 2251 527 2281 obtulit
550 2251 583 2280 in
605 2250 771 2279 discrimen
793 2246 893 2278 vitam

128 2308 229 2330 suam.
277 2296 331 2327 Sic
364 2306 425 2338 pro
458 2293 556 2325 Arch.
583 2296 610 2338 ᾗ.
633 2294 691 2325 14:
729 2303 895 2334 nunquam

128 2354 181 2374 me
204 2353 265 2385 pro
288 2341 392 2373 salute
414 2346 521 2371 vestra
543 2341 576 2370 in
598 2342 639 2369 tot
660 2349 697 2370 ac
718 2341 822 2369 tantas
846 2339 896 2368 di-

128 2390 308 2420 micationes
327 2390 416 2426 alque
434 2387 467 2416 in
485 2386 539 2416 hos
561 2383 809 2425 profligatorum
829 2382 895 2413 ho—

128 2434 252 2465 minum
274 2433 470 2473 quotidianos
491 2432 622 2469 impetus
642 2430 827 2460 obiecissem.

197 2477 250 2511 34,
277 2480 314 2510 de
329 2476 536 2518 principibus]
559 2476 719 2513 Principes
735 2469 807 2505 κατ’
826 2471 895 2511 ἐξο-

127 2522 191 2568 χὴν
216 2523 370 2555 dicuntur
393 2521 436 2561 ii,
472 2520 527 2563 qui
549 2518 748 2561 reipublicae
771 2517 895 2559 guber-

129 2569 246 2601 nacula
267 2574 394 2600 tenent.
443 2566 496 2598 Sic
517 2564 605 2596 infra
628 2575 654 2595 c.
672 2562 733 2602 42,
762 2562 835 2596 101.

193 2614 320 2658 panxit]
342 2614 381 2645 H.
395 2624 422 2644 e.
437 2609 631 2654 composuit.
658 2609 897 2651 Composuerat

130 2666 241 2691 autem
274 2659 396 2690 Ennius
430 2656 602 2689 historiam
634 2665 823 2691 romanam,
860 2652 894 2684 in

131 2705 245 2736 XVHI
272 2704 374 2736 libros
408 2703 627 2735 distributam.
686 2699 751 2731 Alii
781 2699 896 2741 legunt

128 2751 241 2788 pinxit.
289 2752 337 2782 Ex
359 2760 432 2793 quo‘
445 2747 577 2792 quidem
600 2744 751 2788 exemplo
771 2743 893 2776 tironi-

131 2793 191 2824 bus
214 2794 325 2826 videre
348 2794 481 2833 licebit,
507 2791 645 2826 eandem
667 2790 896 2833 metaphoram

132 2837 197 2869 alio
221 2838 295 2871 loco
315 2840 516 2882 aptissimam
540 2850 611 2870 esse
633 2845 666 2869 et
687 2834 895 2878 elegantissi-

133 2893 240 2921 mam,
278 2884 342 2916 alio
364 2885 512 2928 ineptam
533 2884 632 2928 plane
655 2889 689 2915 et
712 2880 893 2913 ridiculam.

132 2927 307 2969 Editores,
342 2930 396 2973 qui
425 2930 603 2963 lectionem
626 2930 732 2970 pinxit
754 2937 895 2969 recepe-

934 1481 1030 1515 runt,
1057 1479 1251 1517 comparant
1274 1483 1392 1515 graeca
1414 1472 1602 1512 ποικίλλειν,
1627 1475 1704 1507 δαι-

934 1519 1076 1555 δάλλειν.
1123 1520 1178 1551 Sic
1194 1521 1321 1559 pictura
1344 1528 1405 1561 pro
1429 1518 1538 1561 poesi,
1571 1521 1704 1559 pictores

933 1577 993 1609 pro
1019 1566 1126 1609 poetis
1150 1565 1313 1607 leguntur.
1364 1564 1481 1596 Omnia
1504 1564 1625 1596 festiva
1648 1571 1704 1596 at·-

935 1623 997 1654 que
1019 1611 1139 1654 lepida,
1165 1621 1223 1641 suo
1246 1609 1373 1640 scilicet
1396 1609 1493 1650 loco,
1518 1609 1552 1643 h.
1571 1621 1621 1649 e.,
1646 1609 1703 1642 ubi

934 1669 973 1688 ex
1007 1664 1081 1688 toto
1117 1655 1291 1688 verborum
1318 1653 1454 1694 ordine,
1491 1661 1549 1687 aut
1580 1666 1621 1686 ex
1650 1654 1700 1695 iis,

934 1714 1016 1745 quae
1038 1702 1093 1733 illa
1116 1700 1276 1733 vocabula
1301 1699 1507 1738 comitantur,
1535 1712 1572 1732 ea
1595 1711 1702 1742 μετα-

933 1748 1081 1791 φορικῶς
1103 1746 1294 1788 accipienda
1326 1757 1396 1776 esse
1421 1752 1525 1788 patet.
1573 1745 1607 1777 Si
1628 1745 1661 1776 h.
1677 1745 1700 1779 l.

932 1793 1114 1835 legeretur:
1135 1794 1218 1832 „Hic
1234 1797 1370 1822 restrum
1385 1795 1514 1829 patrum
1528 1792 1613 1831 facta
1630 1800 1700 1823 ver-

932 1841 1017 1870 sibus
1033 1840 1172 1878 pinxi!,“
1196 1836 1230 1867 id
1251 1842 1284 1867 et
1302 1843 1416 1878 aptum
1437 1842 1469 1867 et
1491 1836 1623 1878 elegans
1643 1847 1698 1867 es-

932 1890 1004 1922 set3
1030 1883 1056 1914 si
1080 1892 1158 1914 vero
1182 1881 1269 1912 nude
1291 1884 1394 1920 pinxit
1416 1880 1562 1923 ponitur,
1588 1892 1700 1913 nonne

932 1928 1141 1971 putabimus,
1177 1926 1258 1958 illud
1281 1933 1549 1965 monumentum,
1575 1925 1609 1957 in
1633 1937 1699 1969 quo

931 1975 994 2006 ista
1024 1973 1185 2016 inscripta
1214 1978 1308 2011 sunt,
1346 1971 1381 2003 in
1413 1971 1550 2014 pictoris
1575 1972 1699 2003 mortui

931 2019 1093 2052 honorem
1117 2029 1187 2059 csse
1211 2024 1425 2049 exstructum.

995 2076 1049 2097 nec
1071 2067 1182 2105 funera
1204 2065 1277 2105 fletu
1297 2061 1394 2105 faxit]
1419 2063 1446 2093 Ι.
1471 2073 1498 2094 e.
1523 2072 1596 2094 cum
1617 2060 1699 2093 fletu

933 2110 1028 2141 funus
1054 2110 1208 2141 celebret.
1662 2106 1663 2110 ’

998 2157 1060 2186 Sed
1081 2156 1156 2194 quid
1177 2157 1285 2193 poetas
1296 2153 1327 2195 ?]
1364 2151 1520 2195 Elliptica
1553 2151 1610 2184 illa
1641 2151 1698 2183 di-

931 2199 1026 2231 cendi
1045 2200 1127 2230 ratio
1145 2198 1178 2229 in
1193 2197 1350 2229 eiusmodi
1365 2197 1614 2229 transitionibus
1630 2197 1698 2229 fre-

930 2243 1143 2287 quentissima
1174 2249 1233 2274 est.
1296 2242 1453 2273 Geminus
1484 2242 1577 2274 locus
1609 2242 1698 2274 infra

928 2292 969 2321 Π.
986 2289 1046 2328 17,
1072 2288 1132 2320 41:
1159 2287 1287 2329 Pugiles
1314 2286 1476 2318 caestibus
1501 2288 1630 2319 contusi
1653 2298 1696 2319 ne

928 2334 1146 2377 ingemiscunt
1172 2332 1314 2376 quidem.
1362 2333 1424 2363 Sed
1449 2334 1524 2372 quid
1546 2333 1628 2364 hos?
1651 2351 1696 2356 —-

932 2379 1141 2411 Gladiatores
1164 2396 1208 2401 —-
1232 2388 1310 2420 quas
1343 2376 1456 2419 plagas
1494 2376 1694 2420 perferunt?

930 2424 1025 2457 Adde
1050 2425 1106 2456 III.
1125 2423 1183 2463 18,
1208 2421 1271 2456 40:
1310 2422 1375 2453 Sed
1397 2433 1465 2454 non
1488 2434 1622 2454 necesse
1645 2429 1695 2454 est

930 2481 1017 2501 nunc
1038 2468 1146 2501 omnia
1169 2471 1225 2510 (sc.
1249 2467 1421 2511 persequi,
1447 2467 1495 2498 uti
1516 2468 1603 2510 Nep.
1622 2471 1692 2502 Att.

928 2516 1000 2554 XI,
1034 2514 1075 2547 3:
1123 2513 1258 2545 difficile
1293 2519 1343 2544 est
1374 2512 1483 2544 omnia
1517 2513 1696 2557 persequi).

928 2561 971 2592 N.
990 2561 1028 2591 D.
1043 2561 1067 2591 Ι.
1082 2559 1125 2599 8,
1153 2560 1212 2591 19ε
1242 2559 1396 2600 Longum
1419 2564 1468 2589 est
1491 2557 1611 2589 omnia.

996 2604 1140 2647 Phidias]
1164 2603 1449 2635 Absolutissimum
1461 2602 1596 2634 Phidiae
1611 2613 1695 2646 opus

930 2650 1156 2682 celebrabatur
1170 2649 1338 2680 Minervae
1350 2654 1458 2679 statua
1470 2647 1624 2689 eburnea,
1639 2659 1695 2679 cu-

929 2696 977 2727 ius
998 2695 1031 2726 in
1049 2695 1166 2738 clypeo
1183 2693 1368 2725 caelaverat
1384 2697 1585 2725 Amazonum
1598 2704 1695 2735 prae-

928 2741 1008 2772 lium
1026 2741 1263 2772 intumescente
1282 2738 1406 2770 ambitu
1428 2749 1578 2781 parmae,
1604 2737 1695 2770 eius—

930 2786 1005 2818 dem
1029 2796 1174 2817 concava
1196 2791 1289 2827 parte
1313 2783 1450 2815 deorum
1473 2789 1506 2815 et
1526 2782 1696 2825 gigantum

929 2831 1194 2870 dimicationem,
1218 2829 1266 2861 uti
1289 2836 1404 2861 auctor
1429 2835 1479 2860 est
1503 2828 1626 2860 Plinius
1648 2829 1692 2860 H.

929 2878 974 2910 N.
989 2877 1165 2916 XXXIV,
1191 2876 1223 2908 ὅ.
1271 2877 1380 2918 Atque
1411 2874 1445 2906 in
1477 2873 1543 2906 hoc
1573 2874 1693 2917 clypeo

928 2922 1105 2966 imaginem
1127 2920 1176 2953 sui
1197 2919 1339 2953 similem
1361 2920 1559 2961 incluserat,
1584 2926 1640 2959 ut,
1663 2918 1692 2951 si
