1843 3085
179 57 264 102 334

224 154 293 187 set,
330 146 400 179 fata
425 143 615 189 praedicere
637 148 736 185 atque
762 140 898 173 omnino
925 152 942 172 e

223 192 384 225 sideribus
406 196 598 233 computare
616 199 668 220 res
688 188 815 219 futuras
838 197 943 218 cona—

223 239 353 271 bantur.

181 285 397 321 Charmadas,
425 278 602 312 Carneadis
621 277 766 316 auditor,
789 276 942 320 philoso-

222 332 307 375 phus
327 326 531 360 academicus
544 350 552 365 ,
579 324 652 357 111.
672 335 700 356 a.
725 324 800 357 Chr.
819 323 944 355 Rornae

225 376 300 408 fuit.
326 374 362 412 1,
389 372 442 404 59.

180 424 295 459 Chius,
320 429 359 449 ex
378 416 484 448 insula
507 415 611 453 Chio,
635 425 741 457 prope
762 413 888 445 Ioniam
910 412 943 443 in

223 467 299 499 Asia
322 463 451 494 Minore
482 461 564 500 sita,
602 459 704 492 hodie
728 461 800 491 Scio
823 458 944 502 appel-

222 512 300 543 lata.
326 509 364 547 ὃ,
389 507 443 540 27.

179 560 342 593 Chremes,
374 563 496 584 nomen
518 550 605 582 senis
628 549 716 593 apud
737 548 943 581 Terentium.

177 605 391 642 chrysippus,
416 597 522 635 Solis,
549 596 684 627 Ciliciae
707 594 806 633 urbe,
836 600 941 633 natus,

220 643 362 680 Zenonis
385 650 418 674 et
434 641 600 674 Cleanthis
623 640 820 682 discipulus,
846 638 940 669 Stoi—

221 703 334 725 corum
353 688 516 732 princeps
565 687 735 718 Acerrimo
756 691 827 716 erat
849 684 940 726 inge-

221 737 277 769 nio
303 743 336 767 et
360 734 464 765 multa
486 732 638 764 doctrina
663 737 808 765 ornatus.

177 785 316 823 Chrysis,
341 791 462 811 nomen
479 777 633 816 mulieris,
663 777 750 820 quod
767 775 856 819 apud
872 775 939 806 Co-

219 829 323 860 micos
347 836 446 868 saepe
468 824 598 867 legitur.
621 821 661 861 4,
687 822 741 856 07.

176 876 311 913 Cimbri,
348 872 587 902 Germanorum
615 880 696 910 gens
719 867 751 898 in
776 865 939 896 Cimbrica

218 917 390 964 peninsula
423 913 615 959 [Schleswig
640 925 669 944 u.
693 911 874 953 Holstein).
905 913 937 950 2,

218 965 281 999 65:
308 962 363 994 ubi
385 974 416 992 v.
441 960 524 991 Adn.

175 1013 299 1049 Cineas,
323 1006 438 1051 Pyrrhi
457 1006 583 1046 legatus
605 1002 647 1033 ad
668 1004 824 1033 Senatum
844 1001 939 1031 Rom.

217 1061 311 1088 tanta
335 1052 436 1083 fuisse
459 1048 617 1081 memoria
638 1048 754 1086 fertur,
781 1053 817 1077 ut
839 1057 940 1077 sena·-

219 1101 267 1133 tui
299 1105 332 1130 et
356 1095 499 1140 equestri
523 1093 630 1126 ordini
654 1093 780 1124 Romae
802 1098 938 1134 postero

218 1147 283 1184 die,
305 1155 401 1187 quam
419 1141 611 1179 advenerat,
631 1150 688 1169 sua
704 1136 840 1169 nomina
858 1136 939 1168 red—

218 1190 351 1224 diderit.
409 1186 501 1219 Vixit
526 1197 553 1217 c.
578 1196 607 1216 a.
639 1184 715 1215 250.
740 1194 769 1214 a.
796 1182 872 1213 Chr.

174 1240 299 1279 Cinna,
324 1236 441 1267 Lucius
459 1232 629 1269 Cornelius,
652 1227 802 1260 tribunus
823 1226 942 1271 plebis,

218 1284 272 1328 qui
291 1293 390 1326 quum
414 1276 551 1320 reipubl.
576 1274 761 1318 perniciosa
783 1279 938 1311 strueret,

216 1329 330 1373 pulsus
362 1339 379 1358 a
405 1324 462 1355 Cn.
482 1320 620 1353 Octavio
643 1319 769 1361 collega
788 1317 940 1361 profugit

217 1382 251 1406 et
271 1374 402 1408 bellum,
431 1369 465 1400 C.
480 1367 586 1398 Mario
605 1364 767 1396 accersito
786 1375 825 1395 ex
842 1362 937 1394 Afri-

218 1432 266 1458 ca,
286 1417 398 1450 intulit
418 1412 499 1445 urbi.
524 1409 675 1444 Tandem
690 1409 792 1440 Cinna
813 1415 845 1440 et
860 1408 937 1439 Ma-

216 1464 283 1497 rius
302 1463 382 1495 urbe
404 1457 503 1502 potiti
522 1455 675 1488 caedibus
695 1454 805 1486 omnia
819 1453 937 1496 imple-

215 1517 312 1549 runt,
337 1515 370 1540 et
391 1508 450 1538 Cu.
473 1501 664 1539 Octavium,
690 1500 736 1531 M.
755 1498 936 1531 Antonium

217 1562 385 1588 oratorem
419 1555 453 1581 et
484 1549 523 1580 L.
550 1547 722 1579 caesarem
752 1544 939 1587 iugularunt

216 1610 396 1642 eorumque
410 1593 517 1637 capita
531 1603 592 1635 pro
608 1590 724 1624 rostris
744 1595 936 1632 posuerunt.

217 1649 343 1688 Quater
374 1643 439 1675 suit
473 1637 588 1671 consul
611 1640 653 1681 (a.
675 1638 730 1670 ee.
748 1635 803 1669 67.
826 1633 880 1668 ὃὸ.
905 1640 938 1666 et

215 1693 269 1726 δῖ).
291 1703 320 1723 a.
343 1689 448 1729 Chr).
767 1724 774 1731 ⁶

172 1738 381 1775 Clastidium,
405 1733 494 1764 vicus
513 1728 640 1762 Galliae
661 1724 838 1768 cisalpmae
864 1723 937 1768 (ho-

216 1784 271 1815 die
293 1778 496 1818 Chiastezzo).
519 1774 560 1813 4,
585 1772 640 1806 49.
807 1815 815 1821 .
877 1813 884 1821 ο

171 1830 336 1863 Claudius.
376 1827 408 1858 C.
423 1823 575 1856 Claudius
590 1820 694 1857 Cento,
719 1816 816 1848 Caecl
840 1814 937 1854 fihus,

217 1885 292 1907 cum
321 1872 368 1903 M.
392 1868 588 1910 Sempronio
612 1862 782 1896 Tuditano
818 1858 882 1894 241
908 1871 938 1892 a.

219 1919 296 1951 Chr.
323 1915 436 1949 consul
461 1912 535 1944 fuit.
564 1914 601 1949 1,
625 1908 658 1942 3.

171 1968 397 2000 Clazomenae,
422 1959 498 1991 urbs
517 1956 649 1992 Ioniae,
678 1952 786 1996 patria
808 1954 937 1983 Anaxa-

217 2020 317 2053 gorae
342 2002 545 2050 philosophi.
576 2003 613 2039 1,
641 1998 716 2032 104.
912 2040 919 2047 ·

171 2056 334 2089 Cleanthes
346 2077 355 2092 ,
377 2048 595 2094 philosophus
618 2043 741 2076 stoicus
756 2068 764 2082 ‚
795 2042 937 2073 Cratetis

217 2098 394 2141 discipulus
428 2102 462 2127 et
485 2092 626 2126 Zenonis
657 2098 838 2121 successor.
888 2087 935 2118 Ex

217 2145 286 2178 eius
312 2140 442 2184 scriptis
467 2146 612 2171 aetatem
639 2134 717 2166 tulit
750 2132 937 2177 praeclarus

214 2191 248 2223 in
271 2191 385 2221 Iovem
409 2186 562 2228 hymnus.

170 2237 402 2272 Cleombrotus,
424 2229 615 2262 adolescens
637 2223 858 2258 Ambraciota.

173 2281 403 2317 Clitomachus,
451 2270 749 2315 Carthaginiensis,
805 2268 938 2300 auditor

218 2323 394 2358 Carneadis
414 2321 548 2363 eiusque
570 2318 604 2348 in
625 2316 738 2348 schola
756 2324 934 2346 successor.

171 2374 289 2411 Clitus,
313 2369 379 2401 dux
401 2362 589 2399 Alexandri.
613 2359 654 2399 -1,
680 2361 734 2394 79.

171 2420 324 2456 Cocytus,
346 2412 463 2446 fluvius
484 2409 669 2442 inferorum
689 2418 707 2437 a
727 2406 830 2448 Styge
850 2414 934 2447 pro-

214 2462 329 2494 fluens.
354 2459 391 2496 1,
423 2458 472 2490 10.
689 2495 695 2501 ⁵
760 2493 767 2500 ·
925 2493 932 2499 .

171 2510 315 2546 Codrus,
339 2503 472 2535 ultimus
495 2512 554 2533 rex
576 2497 864 2544 Atlieme1181t1m,.
878 2505 934 2544 qiu

215 2560 285 2596 pro·
297 2549 403 2593 patria
421 2544 626 2580 voluntariae
641 2540 742 2573 morti
758 2551 793 2570 se
811 2538 934 2589 obiecxt

217 2605 260 2642 ta.
289 2595 375 2630 106&
406 2606 435 2626 a.
465 2592 555 2633 Chr.)
587 2597 685 2632 atque
718 2586 765 2616 ita
792 2590 932 2627 patriam

215 2656 234 2676 a
244 2644 370 2675 Dorum
385 2639 509 2682 impetu
525 2643 629 2668 tutam
644 2629 822 2676 praestitit.
849 2629 931 2659 Rem

213 2693 327 2720 narrat
349 2686 474 2717 Cicero.
523 2679 740 2714 Athenienses
763 2681 840 2718 post
859 2684 932 2724 eurn

213 2733 338 2776 regiam
362 2729 559 2773 dignitatem
582 2726 783 2766 abrogarunt
807 2725 840 2751 et
864 2730 930 2750 rei-

212 2778 364 2822 publicae
398 2774 629 2817 magistratus,
668 2767 723 2812 qui
756 2764 931 2798 archontes

215 2822 487 2866 appellabantur,
510 2817 755 2862 praefecerunt.
781 2810 809 2862 1,
834 2808 908 2842 116.

173 2871 365 2907 Consolatio,
393 2863 560 2897 Ciceronis
580 2862 671 2893 liber,
699 2858 737 2895 1,
762 2855 816 2889 60.

173 2915 330 2947 Corinthia
344 2910 520 2954 §sc-vasa).
557 2910 605 2939 [ta
625 2906 777 2938 dicuntur
796 2912 835 2933 ex
856 2910 931 2950 aere

213 2956 378 2991 corinthio
409 2955 502 2993 fusa,
539 2964 622 2997 quae
657 2950 736 2983 olim
769 2952 866 2979 tanto
897 2955 930 2975 m

738 62 884 94 INDEX
907 58 1184 93 HISTORICUS.

1022 137 1131 181 pretio
1150 136 1264 168 habita
1281 142 1369 176 sunt,
1393 142 1429 167 ut
1449 135 1534 168 adeo
1554 135 1625 168 auri
1644 137 1742 170 aesti-

1021 182 1202 214 mationem
1221 181 1430 213 excederent.
1464 182 1544 213 Erat
1559 188 1670 214 autem
1687 194 1742 215 aes

1023 227 1223 260 corinthium
1254 226 1400 270 pluribus
1430 226 1536 270 iisque
1563 227 1742 260 nobiliori—

1022 273 1082 305 bus
1112 271 1255 305 metallis
1284 271 1502 304 commistum.
1548 274 1651 312 Sunt,
1686 273 1741 316 qui

1021 318 1108 351 hanc
1123 318 1296 350 mixturam
1314 317 1348 349 in
1368 317 1497 349 excidio
1519 317 1670 350 Corinthi
1686 329 1742 350 ex-

1022 363 1145 396 stitisse
1164 369 1292 407 putent,
1315 362 1376 394 sed
1389 362 1571 395 audiendus
1601 369 1651 394 est
1672 362 1742 395 Pli-

1023 410 1095 441 nius
1123 410 1178 452 (H.
1203 409 1246 439 N.
1271 404 1335 446 34,
1360 407 1430 450 2.)‚
1467 407 1521 451 qui
1546 419 1648 451 opera
1673 407 1742 440 Co·-

1022 453 1137 486 rinthii
1160 453 1242 486 aeris
1266 452 1451 496 antiquiora
1470 452 1601 486 ‘excidio
1627 453 1741 485 Corin-

1023 499 1073 531 thi
1097 499 1198 531 fuisse
1222 498 1334 530 tradit.

980 546 1166 585 Corinthus,
1202 544 1276 575 urbs
1298 543 1332 575 in
1356 543 1481 575 Isthmo
1504 542 1587 582 sita,
1610 554 1741 575 merca-

1025 596 1095 622 tura
1116 591 1148 621 in
1171 589 1283 632 primis
1306 588 1436 627 nobilis,
1461 586 1742 621 aMummio146.

1023 647 1050 668 a.
1067 635 1142 667 Chr.
1160 634 1281 666 deleta.
1298 635 1325 671 1,
1340 635 1395 666 21.
1416 634 1450 672 3,
1470 633 1524 666 27.
1540 633 1594 667 63.
1616 635 1648 673 5,
1666 632 1739 666 109.

978 681 1129 721 Crantor,
1155 680 1259 718 Solis,
1288 678 1421 711 Ciliciae
1446 678 1544 717 urbe,
1571 677 1739 718 oriundus,

1021 726 1237 769 philosophus
1259 724 1392 756 scholae
1411 723 1619 755 academicae
1632 749 1640 763 ,
1660 724 1738 755 Xe·-

1019 771 1164 803 nocratis
1182 770 1371 813 discipulus.
1405 769 1520 801 Cicero
1536 768 1605 800 eius
1621 769 1740 801 librum

1017 816 1095 858 περὶ
1117 816 1258 854 aimone
1282 815 1337 859 (de
1361 814 1599 858 consolatione)
1624 814 1739 846 imita-

1019 867 1071 893 tus
1095 868 1145 893 est
1164 861 1320 904 singulari
1343 859 1467 894 libello.

976 908 1116 938 Crassus.
1139 906 1170 947 a)
1187 908 1223 937 L.
1238 907 1387 944 Licinius,
1410 916 1536 936 summa
1547 904 1739 948 eloquentia

1019 951 1051 982 in
1067 951 1177 994 primis
1193 951 1307 982 clarus.
1335 950 1455 981 Consul
1469 950 1576 981 factus
1589 956 1638 981 est
1649 961 1736 982 anno

1019 995 1073 1029 96.
1086 1008 1115 1027 a.
1132 996 1205 1027 Chr.
1225 997 1252 1035 1,
1269 996 1319 1028 10.
1334 1013 1378 1018 —
1399 994 1433 1036 b)
1456 997 1493 1027 P.
1508 996 1650 1035 Crassus,
1662 995 1740 1029 207.

1020 1053 1049 1073 a.
1071 1041 1147 1073 Chr.
1168 1053 1240 1073 curn
1259 1039 1414 1084 Scipione
1435 1038 1594 1072 Africano
1613 1039 1740 1071 Maiore

1022 1086 1154 1125 consul,
1181 1098 1262 1118 unus
1291 1084 1408 1118 aetatis
1433 1097 1511 1117 suae
1532 1084 1741 1117 doctissimus

1018 1131 1138 1169 homo,
1172 1132 1248 1163 iuris
1276 1130 1510 1174 peritissimus,
1546 1137 1580 1162 et
1610 1130 1740 1173 generis

1019 1177 1194 1209 nobilitate
1206 1202 1214 1216 ,
1240 1176 1428 1220 eloquentia
1440 1201 1448 1214 ‚
1471 1175 1741 1219 humanitateque

1019 1221 1166 1265 insignis.
1193 1223 1223 1261 1,
1243 1224 1296 1255 81.
1315 1240 1360 1246 -
1384 1221 1413 1263 c)
1436 1224 1478 1254 M.
1495 1223 1626 1254 Crassus
1642 1232 1739 1264 prae-

1018 1273 1074 1300 tor
1109 1268 1182 1300 1003
1215 1280 1245 1300 a.
1278 1267 1354 1299 Chr.
1387 1267 1583 1309 cognomine
1613 1263 1739 1309 ἀγέλα-

1020 1324 1106 1351 στος,
1131 1319 1227 1355 pater
1249 1313 1282 1344 P.
1300 1312 1416 1350 Crassi,
1441 1312 1544 1355 patris
1563 1311 1738 1343 triumviri.

1017 1359 1058 1396 ὅ,
1083 1359 1135 1390 51.
1165 1377 1205 1381 -
1240 1357 1274 1400 d)
1299 1360 1430 1389 Publius
1457 1359 1608 1396 Crassus,
1643 1362 1739 1400 pater

1015 1402 1191 1440 triumviri,
1214 1403 1246 1435 in
1267 1402 1429 1434 seditione
1452 1405 1506 1435 ὅδ-
1520 1413 1549 1434 a.
1565 1401 1639 1434 Chr.
1661 1407 1736 1434 orta

1016 1459 1147 1479 manum
1164 1448 1225 1479 sibi
1243 1448 1365 1480 intulit.
1385 1449 1417 1485 5,
1441 1448 1494 1480 55.
1516 1466 1551 1471 -
1576 1447 1607 1488 e)
1629 1449 1671 1479 M.
1683 1448 1738 1479 Li-

1016 1496 1116 1526 cinius
1131 1496 1262 1526 Crassus
1278 1505 1341 1525 una
1355 1504 1428 1525 cum
1443 1492 1581 1524 Caesare
1596 1498 1628 1523 et
1641 1493 1738 1523 Pom-

1017 1539 1092 1581 peio
1122 1539 1184 1570 fuit
1212 1538 1372 1571 triumvir.
1422 1537 1565 1569 Divitiae
1594 1537 1662 1569 eius
1683 1536 1740 1568 in—

1016 1584 1235 1616 numerabiles
1268 1583 1356 1627 apud
1385 1582 1563 1626 scriptores
1583 1593 1739 1615 romanos

1017 1628 1063 1661 ita
1080 1630 1299 1669 celebrantur,
1320 1636 1354 1661 ut
1374 1629 1408 1660 in
1423 1627 1634 1671 proverbium
1649 1627 1740 1660 abie-

1016 1674 1093 1707 rint.
1117 1676 1154 1706 ln
1174 1675 1259 1706 bello
1281 1686 1353 1706 cum
1372 1674 1498 1706 Parthis
1512 1680 1608 1716 gesto
1624 1672 1735 1717 periit.

1020 1719 1087 1762 (54.
1107 1732 1135 1752 a.
1159 1719 1250 1762 Chr.)
1279 1719 1316 1760 1,
1344 1720 1395 1752 12.
1420 1718 1473 1752 13.
1497 1717 1548 1752 14.
1575 1720 1613 1757 5,
1642 1717 1717 1752 116.

974 1764 1066 1805 Cres,
1099 1765 1208 1797 incola
1229 1764 1355 1796 insulae
1381 1764 1497 1796 Cretae
1530 1763 1624 1808 (hod.
1648 1763 1737 1795 Can-

1019 1809 1118 1852 diae).
1144 1813 1185 1849 2,
1208 1809 1264 1843 34.

975 1855 1185 1897 Cresphontes,
1202 1867 1258 1887 rex
1271 1853 1521 1887 Messeniorum.
1532 1855 1627 1894 Eum,
1639 1864 1739 1897 quum

1017 1902 1142 1944 populo
1166 1902 1314 1940 faveret,
1339 1899 1538 1943 optimates,
1573 1898 1738 1930 seditione

1016 1948 1117 1986 facta,
1142 1946 1384 1979 interfecerunt
1399 1956 1462 1977 una
1477 1956 1551 1977 cum
1566 1944 1651 1983 filiis,
1667 1947 1737 1976 Ae-

1016 1999 1099 2036 pyto
1113 1999 1267 2035 excepto,
1290 2003 1389 2035 quem
1405 1990 1576 2034 Cypselus,
1597 2001 1656 2021 rex
1671 1992 1738 2021 Ar-

1017 2038 1130 2070 cadiae
1158 2049 1254 2070 socer
1276 2036 1509 2079 Cresphontis,
1534 2046 1646 2067 secum
1674 2034 1738 2066 ha-

1015 2083 1125 2115 bebat.
1151 2083 1193 2123 3,
1224 2082 1256 2115 4.
1309 2084 1505 2122 Cresphontis
1526 2080 1660 2113 nomine
1682 2079 1738 2111 in—

1016 2129 1137 2172 scripta
1154 2135 1225 2159 erat
1238 2126 1409 2170 tragoedia
1425 2125 1598 2169 Euripidis.
1616 2127 1644 2165 1,
1661 2125 1736 2158 115.

975 2174 1107 2214 Critias,
1134 2173 1332 2205 Callaeschri
1355 2172 1458 2210 tilius,
1484 2182 1565 2203 unus
1588 2182 1653 2202 xxx
1676 2176 1735 2213 ty-

1017 2230 1212 2257 rannorum,
1241 2218 1296 2261 qui
1314 2216 1566 2249 Atheniensibus
1587 2227 1606 2247 a
1626 2217 1736 2247 Lace-

1017 2264 1198 2296 daemoniis
1222 2263 1310 2295 bello
1332 2261 1612 2305 peloponnesiaco
1626 2261 1733 2292 Grae-

1017 2310 1085 2342 ciae
1098 2309 1319 2353 principatum
1332 2307 1459 2351 adeptis
1468 2305 1630 2350 praefecti
1642 2312 1736 2338 erant

1017 2354 1106 2398 (403.
1124 2367 1152 2386 a.
1169 2355 1271 2395 Cim),
1297 2353 1381 2385 adeo
1403 2351 1613 2397 tyrannidem
1634 2362 1734 2383 exer-

1016 2400 1101 2441 cuit,
1127 2406 1162 2431 ut
1182 2399 1424 2437 Theramenes,
1450 2397 1518 2430 eius
1533 2397 1678 2439 collega,
1703 2395 1734 2428 ei

1013 2445 1167 2478 resistere
1189 2456 1256 2476 non
1279 2443 1456 2476 dubitaret.
1506 2443 1579 2482 Qua
1601 2441 1734 2484 quidem

1012 2503 1049 2523 re
1081 2491 1304 2523 Theramenes
1331 2489 1380 2520 ita
1408 2488 1442 2520 in
1471 2487 1583 2520 odium
1609 2485 1732 2518 Critiae

1011 2535 1149 2575 incidit,
1174 2542 1209 2566 ut
1227 2535 1267 2566 ab
1290 2535 1356 2566 hoc
1378 2532 1575 2576 proditionis
1595 2542 1733 2564 accusa-

1011 2587 1102 2613 retur
1134 2587 1166 2611 et
1198 2579 1313 2611 mortis
1344 2579 1566 2611 damnaretur.
1615 2575 1732 2608 Critias

1011 2638 1030 2657 a
1063 2625 1272 2668 Thrasybulo
1299 2623 1516 2660 interficitur,
1555 2620 1627 2665 qui,
1667 2633 1731 2653 xxx

1008 2669 1157 2713 tyrannis
1169 2669 1322 2712 expulsiS‚
1341 2667 1472 2700 Solonis
1483 2666 1583 2709 legeS‚
1604 2666 1731 2709 paullu-

1010 2716 1077 2747 lum
1092 2714 1291 2753 immutatas,
1312 2712 1456 2745 restituit
1471 2710 1560 2756 (405.
1580 2723 1608 2743 a.
1628 2711 1731 2753 Chul.

1016 2761 1043 2799 1,
1063 2759 1117 2792 96.

968 2808 1062 2845 Crito,
1073 2803 1250 2847 discipulus
1264 2809 1296 2835 et
1309 2802 1430 2835 amicus
1442 2800 1598 2834 Socratis.
1612 2803 1642 2840 1,
1655 2802 1731 2834 103.

968 2853 1142 2890 Critolaus,
1178 2849 1296 2880 nobilis
1316 2846 1554 2891 peripateticae
1578 2845 1730 2889 discipli-

1009 2908 1072 2928 nae
1100 2894 1333 2938 philosophus,
1368 2891 1588 2925 Atheniensis.
1647 2892 1728 2923 Cum

1013 2939 1182 2974 Carneade
1203 2946 1237 2971 et
1259 2939 1408 2981 Diogene
1424 2937 1539 2970 Stoico
1558 2936 1599 2969 ab
1619 2936 1726 2969 Athe-
