1843 3101
195 37 279 81 318
718 42 886 77 Lmen
911 43 952 75 v.
976 39 1041 83 36,
1070 41 1144 76 103.
1172 41 1249 75 104.

195 128 360 170 rentur?
390 133 457 167 aut
476 124 546 166 ubi
567 130 774 181 paupertas
793 123 932 164 beatos
958 136 1048 164 esse
1069 136 1147 163 non
1167 121 1292 163 sinit?
1351 119 1512 177 Signis,
1544 122 1688 176 credo,
1708 131 1779 165 ta-

192 203 323 254 bulis,
366 201 483 242 ludis.
552 196 598 241 Si
625 198 711 254 quis
738 205 825 250 est,
869 197 933 252 qui
956 197 1016 238 his
1037 196 1279 248 delectetur,
1321 210 1451 238 nonne
1472 196 1613 238 melius
1637 204 1776 239 tenues

194 278 371 320 homines
399 277 606 324 fruuntur,
641 286 754 328 quam
776 273 856 324 illi,
901 272 965 326 qui
989 271 1050 312 his
1071 270 1299 312 abundant?
1339 269 1415 312 Est
1432 270 1536 312 enim
1557 256 1691 312 earum
1714 286 1777 314 re-

191 368 276 395 rum
312 349 484 391 omnium
522 348 561 388 in
593 354 731 388 nostra
771 346 867 387 urbe
905 359 1057 387 summa
1098 345 1139 386 in
1169 345 1324 401 publico
1352 345 1481 401 copia.
1555 342 1670 400 Quae
1711 347 1777 401 qui

191 426 334 485 privati
372 423 547 474 liabent,
591 436 664 463 nec
699 427 775 462 tam
803 420 950 472 multa,
991 427 1030 462 et
1059 434 1149 461 raro
1171 420 1331 470 vident,
1377 433 1493 475 quum
1527 419 1569 461 in
1591 433 1663 461 sua
1682 434 1777 462 rura

189 508 410 551 venerunt,
456 512 555 554 quos
576 504 708 538 tamen
735 496 869 552 pungit
892 495 1060 550 aliquid,
1101 509 1216 550 quum
1232 527 1242 545 ,
1276 494 1342 535 illa
1364 494 1467 536 unde
1488 493 1678 547 habeant,
1711 509 1776 537 re-

189 578 417 619 cordantur.
481 572 582 615 Dies
616 572 795 622 deficiat,
840 570 873 610 si
912 570 1028 610 veliin
1057 569 1295 625 paupertatis
1333 582 1515 610 caussam
1540 569 1772 610 defendere.

187 653 339 709 Aperta
372 650 476 691 euim
508 661 575 689 res
608 654 694 698 est,
741 653 779 687 et
812 645 984 700 quotidie
1017 658 1089 685 nos
1120 645 1202 700 ipsa
1235 650 1376 684 natura
1405 643 1615 696 admonet,
1659 658 1774 699 quam

187 727 346 784 pauciS‚
381 739 497 779 qnam
524 722 657 779 parvis
688 721 806 762 rebus
838 726 974 775 egeat,
1009 734 1123 774 quam
1156 718 1313 759 vilibus.
1346 758 1348 763 ,
1836 711 1839 714 “

299 796 511 841 XXXVI.
549 802 646 838 105.
680 795 786 837 Num
812 795 932 850 igitur
955 793 1193 848 ignobilitas,
1228 800 1296 833 aut
1319 792 1530 845 humilitas,
1564 793 1772 834 autetiam

186 876 382 932 popularis
407 872 579 914 offensio
606 871 822 926 sapientem
849 871 1005 910 beatum
1033 881 1122 908 esse
1150 867 1402 922 prohibebit?
1441 865 1569 918 Vide„
1613 881 1663 908 ne
1687 868 1773 923 plus

185 949 477 993 commendatio
498 947 536 987 in
558 946 698 999 vulgus
721 952 758 985 et
782 945 875 984 llaec
899 956 998 998 quae
1018 943 1219 997 expetitur
1240 941 1365 995 gloria
1386 941 1592 982 molestiae
1615 941 1770 993 habeat,

184 1040 298 1081 quain
329 1022 563 1077 voluptatis.
625 1018 842 1060 herii-ulus
870 1032 967 1058 sane
997 1024 1134 1057 noster
1159 1014 1474 1066 Demosthenes,
1519 1015 1584 1070 qui
1609 1015 1674 1056 illo
1705 1029 1772 1057 su-

182 1113 297 1142 surro
320 1097 511 1139 delectari
536 1109 578 1135 se
600 1093 754 1134 dicebat
776 1107 914 1148 aquam
938 1092 1100 1132 serentis
1125 1090 1392 1140 mulierculae,
1426 1096 1470 1130 ut
1487 1103 1573 1131 mos
1589 1090 1629 1130 in
1646 1088 1773 1132 Grae-

182 1175 242 1215 cia
270 1181 356 1225 est,
400 1169 770 1223 insusurrantisque
800 1167 939 1208 alteri:
987 1166 1073 1207 llic
1098 1170 1160 1207 est
1187 1166 1262 1206 ille
1281 1163 1604 1206 Demosthenes.
1666 1162 1771 1218 Quid

182 1251 255 1291 hoc
282 1249 444 1289 levius?
484 1245 541 1286 At
564 1251 731 1299 quantus
754 1242 912 1283 orator!
949 1241 1018 1282 sed
1044 1241 1143 1296 apud
1169 1240 1269 1281 alios
1293 1239 1397 1294 loqui
1420 1239 1608 1280 videlicet
1625 1239 1772 1280 didice-

182 1332 270 1376 rat,
317 1337 396 1364 non
432 1320 594 1362 multum
625 1319 709 1374 ipsc
741 1331 891 1358 secum.
957 1321 1053 1356 1104.
1088 1313 1390 1369 Intelligendum
1417 1320 1479 1354 est
1505 1313 1651 1369 igitur,
1696 1327 1771 1355 nec

993 1449 1026 1478 in
1048 1448 1132 1478 urbe.
1180 1446 1332 1485 caussae,
1359 1457 1416 1477 cur
1438 1447 1471 1478 in
1490 1448 1598 1477 nostra
1621 1447 1694 1478 urbe
1718 1444 1771 1477 le·-

182 1455 252 1488 aliis
273 1453 422 1492 affertur,
455 1458 488 1483 et
508 1450 549 1482 ab
562 1450 735 1482 Athenaeo
751 1448 784 1480 in
801 1447 959 1491 Deipnos.

994 1491 1137 1533 gendum
1171 1502 1324 1523 censeam
1338 1516 1346 1531 ‚
1395 1490 1459 1522 hae
1494 1497 1590 1522 sunt:
1626 1490 1770 1523 Primum

183 1502 273 1534 vin.
298 1513 330 1543 μ.
344 1501 432 1531 3:50:

226 1542 319 1580 Rae!
346 1544 413 1589 ἔχω
440 1538 522 1577 ὄπ’
547 1540 671 1585 ἔφαγον
695 1539 755 1574 καὶ
778 1535 958 1584 ἐφύβρισα,

633 1586 692 1620 καὶ
718 1584 776 1619 σὺν
804 1585 903 1626 ἔρωτ’.

228 1634 356 1681 Τέρπν’
375 1635 502 1670 ἔπαξεν
514 1646 521 1654 ·
547 1631 589 1667 τὰ
607 1630 646 1667 δὲ
663 1630 766 1685 nemo}
783 1631 842 1664 καὶ
862 1626 960 1673 ὄλβια

629 1689 737 1712 παντί(
763 1688 941 1710 ν.,-“.[.ε·.,’.τ;ι’..

181 1729 290 1764 Verba
325 1725 518 1760 Aristotelis
549 1731 682 1767 sumpta
714 1730 790 1755 sunt
819 1734 836 1754 e
861 1722 960 1764 libro,

181 1776 237 1821 qui
262 1774 425 1818 temporis
452 1771 571 1804 iniuria
595 1769 776 1802 intercidit.

254 1822 328 1854 102.
354 1822 482 1861 Signis,
506 1817 610 1857 credo,
635 1818 760 1855 tabulis,
784 1813 882 1857 ludis]
908 1812 961 1844 Ad

181 1868 294 1912 signa,
333 1865 460 1904 credo,
494 1862 642 1901 tabulas,
671 1861 767 1893 ludos
793 1858 959 1903 parandos

182 1913 416 1946 desiderantur
438 1909 583 1942 divitiae.
635 1909 764 1949 Wolfius
782 1906 843 1938 hos
864 1905 960 1937 abla-

181 1959 268 1991 tivos
302 1966 401 2001 aptos
439 1967 509 1989 esse
536 1960 631 1999 putat
653 1965 671 1985 e
694 1964 763 1996 seq.
786 1954 960 1984 delectetur.

182 2007 284 2045 Siyna
304 2012 382 2035 sunt
401 2009 545 2034 statuae.
576 2002 624 2032 De
644 1998 772 2032 ironico
791 1999 882 2030 credo
900 2008 959 2028 su-

181 2061 240 2093 pra
264 2049 307 2081 ad
332 2051 356 2081 1.
381 2048 427 2081 ’.ζ’,ῑὶ
443 2074 450 2086 ,
471 2049 525 2080 5.).
551 2045 703 2078 diximus.
748 2046 832 2077 Ludi
855 2042 958 2074 intel-

180 2095 331 2138 liguntur
350 2106 368 2126 a
391 2092 523 2125 Vv'ollio
545 2093 612 2124 ludi
630 2093 758 2133 publici.
807 2090 959 2121 Ceterum

181 2153 248 2174 vox
267 2142 354 2172 ludis
371 2139 465 2171 vati-ie
481 2150 501 2170 a
518 2139 589 2170 VV.
609 2139 679 2169 DD.
703 2135 883 2168 sollicitata
897 2141 958 2172 est,

181 2199 244 2220 nec
257 2197 338 2218 saue
354 2184 514 2217 convenit
530 2195 603 2215 curn
621 2182 837 2227 sequentibus
851 2194 858 2219 3
883 2192 960 2212 nam

181 2244 290 2277 neque
323 2230 390 2263 dici
415 2236 533 2273 potest
571 2231 682 2261 habere
706 2229 815 2268 ludos,
853 2237 960 2269 neque

182 2277 304 2322 privati
326 2275 417 2308 domi
452 2274 549 2306 ludos
577 2273 805 2306 instituebant.
853 2274 957 2305 Porro

181 2335 265 2369 quae
289 2328 495 2366 sequuntur:
534 2323 562 2351 et
592 2330 685 2360 raro,
719 2330 816 2359 quum
839 2321 871 2350 in
898 2328 958 2349 sua

179 2380 258 2403 rura
279 2371 446 2407 venerunt,
469 2364 512 2397 ad
527 2365 620 2408 signa
640 2371 673 2396 et
687 2364 817 2396 tabulas
839 2363 958 2395 referri

182 2421 345 2459 possunt,
371 2424 442 2445 non
460 2411 541 2442 item
560 2410 603 2442 ad
624 2409 731 2441 ludos.
767 2410 853 2441 Hinc
868 2411 958 2441 Benl-

181 2464 260 2494 leius
282 2458 467 2503 legendnm
486 2456 687 2499 suspicatur:
713 2457 831 2495 siquis,
855 2456 958 2494 credo,

118 2523 120 2525 ·
182 2511 210 2540 et
230 2509 349 2539 tabulis
377 2506 482 2545 pictis.
528 2503 651 2534 Fateor
670 2500 842 2543 equidem,
877 2499 958 2531 mihi

183 2563 314 2596 quoque
337 2551 557 2582 vehementer
577 2546 751 2590 displicere
772 2557 890 2577 vocem
911 2547 959 2576 lu-

182 2600 254 2638 dis,
293 2608 359 2628 nec
393 2603 506 2628 tamen
551 2593 724 2637 quicquam
763 2590 959 2622 mutandum

183 2642 369 2676 censuerim
386 2641 571 2684 vitiumque
592 2636 751 2671 orationis
769 2648 837 2668 non
854 2635 959 2666 libra—

181 2689 237 2721 riis
257 2688 478 2720 tribuendum
503 2697 594 2725 esse,
631 2683 690 2716 sed
711 2681 774 2726 ipsi
797 2680 958 2719 Ciceroni,

181 2734 235 2778 qui
260 2734 295 2766 in
318 2734 372 2766 his
395 2732 492 2765 libris
521 2742 621 2774 saepe
645 2727 854 2761 festinantius
879 2739 957 2758 ver-

183 2787 272 2812 satus
297 2787 359 2811 est.

245 2828 279 2858 in
300 2829 409 2858 nostra
433 2823 527 2865 urbe]
562 2821 616 2854 Sic
651 2818 768 2863 scripsi
799 2829 817 2850 e
846 2817 957 2851 Wolf.

183 2870 287 2909 coni.,
326 2882 410 2914 quae
437 2868 656 2901 confirmatur
676 2879 694 2899 a
718 2863 793 2897 cod.
808 2863 907 2896 Vind.
927 2862 956 2895 1.

183 2916 237 2946 Or.
263 2928 290 2947 c.
315 2915 470 2959 plurimis
506 2913 602 2946 codd.
629 2911 830 2956 optimisque
852 2908 958 2941 edidit

188 2963 294 2993 nostra
327 2964 402 2994 urbe
440 2960 527 3005 (sine
555 2959 600 3002 in)
637 2970 699 3003 pro
726 2956 815 3000 vulg.
850 2958 957 2988 nostra

997 1537 1122 1569 nullum
1136 1549 1154 1570 e
1172 1537 1331 1570 Cicerone
1348 1535 1509 1579 exagitari
1522 1542 1639 1579 potest
1653 1547 1770 1569 exem—

997 1583 1085 1626 plum
1109 1591 1225 1615 nostro
1245 1583 1423 1626 geminum.
1470 1581 1565 1622 Loci,
1591 1582 1695 1626 qualis
1717 1589 1769 1615 est

995 1629 1067 1662 Liv.
1090 1631 1135 1661 ΙΙΙ
1151 1655 1158 1668 ‚
1184 1630 1247 1661 51:
1275 1630 1402 1671 „Poxta
1424 1627 1555 1661 Collina
1577 1627 1694 1661 urbem
1712 1627 1769 1660 in-

994 1682 1125 1707 travere
1147 1674 1207 1707 sub
1226 1674 1328 1717 signis
1348 1676 1514 1716 mediaque
1538 1677 1613 1707 urbe
1638 1673 1770 1718 agmine

995 1721 1029 1753 iu
1062 1721 1264 1753 Aventinum
1298 1722 1466 1763 pergunt“
1498 1718 1528 1751 ei
1556 1719 1637 1752 nihil
1668 1719 1769 1764 plane

996 1767 1150 1809 probant.
1189 1766 1329 1798 Constat
1349 1765 1436 1797 enim
1455 1764 1558 1797 verba
1577 1767 1673 1798 eundi
1693 1777 1769 1798 cum

995 1812 1142 1845 ablativo
1160 1812 1227 1844 eius
1243 1811 1320 1851 loci,
1344 1822 1403 1855 per
1418 1822 1517 1855 quem
1532 1810 1602 1855 quis
1618 1810 1656 1851 it,
1677 1811 1768 1855 iungi

995 1858 1103 1890 solere
1116 1884 1124 1897 ‚
1151 1858 1198 1890 uti
1218 1857 1250 1888 h.
1265 1857 1284 1890 l.
1303 1861 1397 1898 porca
1414 1859 1538 1889 Collina
1556 1859 1712 1889 intravere
1734 1864 1769 1889 et

995 1906 1100 1936 media
1132 1906 1207 1936 urbe
1232 1907 1378 1944 pergunt.
1423 1903 1466 1934 V.
1495 1913 1557 1934 nos
1589 1901 1622 1934 iu
1649 1903 1709 1934 Gr.
1726 1903 1766 1935 L.

996 1950 1123 1993 9115,
1149 1950 1200 1983 10.
1226 1961 1258 1992 p.
1271 1948 1348 1982 229.
1372 1947 1424 1981 ed.
1443 1949 1475 1981 2.
1521 1947 1653 1981 Deinde
1677 1947 1768 1981 inter

997 1995 1097 2027 verba
1125 1998 1265 2028 omnium
1287 2000 1322 2026 et
1343 1998 1452 2027 nostra
1471 1993 1631 2026 facillime
1651 1996 1687 2027 in
1704 2005 1768 2027 ex-

997 2041 1108 2074 cidere
1129 2041 1296 2085 potuisse,
1318 2040 1391 2084 quis
1414 2039 1540 2083 neget?
1734 2048 1737 2050 ·

1061 2090 1195 2130 privati]
1209 2088 1241 2119 h.
1255 2098 1283 2118 e.
1297 2086 1432 2127 „nullos
1445 2086 1656 2129 magistratus
1666 2096 1768 2130 quum
1817 2087 1820 2094 “

995 2133 1136 2165 maxime
1159 2139 1352 2176 gerentes.··

1062 2190 1117 2211 nec
1140 2197 1186 2203 —-
1210 2178 1252 2222 el]
1277 2179 1318 2209 V.
1341 2177 1512 2210 Adnotata
1532 2177 1568 2210 in
1591 2178 1616 2210 1.
1641 2174 1682 2214 4,
1708 2176 1743 2212 7.

1060 2227 1173 2265 pun9it
1184 2223 1322 2268 aliquid]
1342 2225 1432 2256 Haec
1444 2223 1544 2256 verba
1556 2229 1649 2255 recte
1661 2223 1768 2255 Bent-

994 2270 1076 2302 leius
1101 2270 1223 2313 accipit
1248 2269 1290 2302 de
1316 2269 1470 2313 peculatu
1494 2276 1527 2301 et
1549 2267 1725 2311 sacrilegio
1740 2280 1766 2302 ,ἃ

994 2315 1099 2348 beatis
1120 2315 1184 2347 illis
1202 2315 1360 2348 Romanis
1379 2314 1546 2352 admisso;
1570 2314 1766 2358 plerumque

993 2362 1081 2394 enim
1102 2362 1195 2405 signa
1220 2361 1276 2393 illa
1298 2369 1333 2393 et
1356 2360 1490 2393 tabulae
1512 2372 1531 2393 e
1553 2360 1688 2393 Graecis
1708 2372 1767 2392 ur-

994 2408 1088 2440 bibus
1110 2407 1309 2451 templisque
1336 2406 1452 2450 rapina
1476 2413 1533 2438 aut
1554 2406 1645 2438 furto
1669 2405 1767 2438 abla-

994 2461 1046 2485 tae
1082 2460 1188 2485 erant.
1244 2453 1362 2497 Neque
1393 2453 1478 2485 haec
1511 2451 1612 2484 verba
1644 2450 1765 2484 referri

994 2505 1132 2543 possunt
1157 2498 1200 2530 ad
1224 2501 1325 2530 ludos.

1060 2547 1133 2577 Dies
1165 2546 1312 2586 deficiat,
1347 2546 1375 2576 si
1403 2544 1496 2576 velim
1517 2559 1563 2567 —
1584 2541 1764 2585 defendere]

994 2589 1058 2621 Alii
1083 2588 1181 2621 codd.
1206 2590 1288 2622 dant
1309 2591 1439 2630 deficiet.
1489 2589 1672 2630 Utrumque
1701 2587 1765 2619 de-

995 2635 1087 2666 fendi
1119 2642 1251 2676 potest,
1288 2634 1347 2666 sed
1372 2632 1601 2666 coniunctivus
1633 2632 1667 2664 in
1702 2633 1766 2665 hac

995 2679 1137 2712 formula
1170 2687 1204 2712 et
1225 2679 1408 2723 simplicior
1443 2685 1514 2719 est,
1552 2684 1585 2710 et
1612 2677 1768 2711 usitatior

995 2725 1096 2757 fuisse
1115 2725 1255 2758 videtur.
1305 2726 1345 2756 V.
1363 2736 1425 2757 nos
1445 2723 1478 2755 in
1500 2723 1557 2756 Gr.
1580 2725 1618 2756 L.
1642 2724 1671 2768 §-
1688 2721 1766 2763 154,
1789 2751 1795 2758 .

993 2770 1025 2804 3.
1053 2771 1083 2811 1)
1105 2781 1137 2813 p.
1152 2768 1276 2814 415sq.
1319 2771 1361 2802 N.
1383 2771 1423 2802 D.
1447 2770 1503 2801 ΙΙΙ.
1526 2768 1582 2809 32,
1604 2769 1668 2803 81:
1693 2769 1765 2802 dies

992 2818 1129 2858 deficiat,
1153 2815 1179 2847 si
1200 2818 1291 2848 velim
1314 2827 1509 2853 numerare,
1546 2814 1664 2859 quibus
1697 2815 1766 2847 bo—

992 2863 1042 2894 nis
1061 2862 1147 2894 male
1165 2861 1322 2899 evenerit,
1347 2860 1465 2904 quibus
1484 2860 1646 2904 improbis
1669 2860 1766 2904 opti-

992 2920 1057 2940 me.
1114 2908 1208 2940 Verr.
1228 2908 1270 2938 ΙΙ.
1289 2906 1353 2947 21,
1377 2906 1441 2939 52:
1478 2907 1566 2939 Nam
1596 2917 1650 2938 me
1681 2905 1764 2946 dies,

992 2965 1069 2994 vox,
1092 2953 1198 2986 latera
1217 2954 1377 2995 deficiant,
1399 2952 1428 2985 si
1445 2952 1513 2986 hoc
1528 2963 1618 2986 nunc
1633 2951 1767 2985 vocife-
