1827 3133
158 52 213 94 98
751 62 1144 107 LinEn1.34,e“2.

153 141 394 194 Panaetlus3
436 143 540 185 vixit
561 159 648 186 cum
668 144 887 197 Africano3
930 159 1162 201 quaererem
1190 158 1243 187 ex
1267 158 1338 196 eo,
1372 143 1484 186 cuius
1502 157 1664 187 suorum
1685 145 1740 187 si-

154 217 257 258 milis
288 218 428 259 fuisset
454 219 635 260 Africani
670 220 802 261 fratris
828 234 976 275 nepos,
1021 221 1120 262 facie
1154 221 1219 262 vel
1258 219 1407 276 patris,
1450 218 1533 261 vita
1564 219 1738 261 omnium

154 292 393 348 perditorum
417 293 470 334 ita
493 293 631 334 similis
647 325 657 344 ‚
692 301 734 334 ut
757 302 864 335 esset
888 295 1002 337 facile
1025 295 1285 345 deterrimus3
1319 293 1430 335 cuius
1454 292 1570 335 etiam
1596 293 1737 336 similis

152 364 200 407 P.
231 364 394 418 Crassi,
429 375 467 408 et
487 368 701 423 sapientiS‚
736 376 773 410 et
799 370 1041 425 eloquentis,
1076 376 1116 411 et
1136 369 1249 425 primi
1272 368 1441 410 hominis
1463 382 1603 424 nepos,
1637 369 1738 410 mul-

153 448 357 497 torumque
391 442 555 483 aliorum
590 444 784 484 clarorum
816 445 1014 495 virorum,
1064 458 1161 499 quos
1200 443 1295 484 nihil
1334 443 1476 484 attinet
1512 443 1736 495 nominare,

152 524 316 571 nepotes
343 523 379 557 et
413 517 494 557 filii.
559 515 639 558 Sed
667 518 755 573 quid
782 519 964 573 agimus?
996 519 1157 559 oblitine
1183 532 1342 570 sumus,
1385 517 1461 559 hoc
1485 532 1590 560 nunc
1621 518 1737 559 nobis

151 603 241 630 esse
272 591 538 646 propositum,
580 607 695 647 quum
727 592 822 634 satis
850 594 897 636 de
920 593 1156 634 aeternitate
1179 593 1444 643 dixissemus,
1479 605 1529 634 ne
1552 591 1587 634 si
1613 591 1737 635 inter-

150 663 253 705 irent
275 665 429 720 quidem
447 665 583 717 animi,
617 667 820 722 quicquam
843 667 933 708 mali
957 681 1046 708 esse
1067 667 1106 708 in
1127 668 1282 709 morte?
1334 666 1391 708 Α.
1424 665 1513 722 Ego
1530 680 1630 709 vero
1654 680 1736 709 me-

149 737 365 791 mineram3
408 740 478 781 sed
505 747 544 781 te
574 741 621 782 de
648 743 881 784 aeternitate
907 743 1099 784 dicentem
1131 742 1317 784 aberrare
1342 755 1366 783 a
1389 741 1592 798 proposito
1619 741 1735 783 facile

149 812 341 867 patiebar.

260 886 469 929 XXXIV.
504 894 574 930 82.
612 890 678 931 M.
716 890 844 932 Video
869 898 907 932 te
927 891 1003 932 alte
1027 898 1207 946 spectare
1231 897 1271 933 et
1291 891 1394 933 velle
1421 891 1462 932 in
1484 890 1636 932 caelum
1659 890 1731 931 mi-

147 975 281 1016 grare.
343 963 400 1003 A.
435 961 562 1018 Spero
588 965 698 1015 fore,
733 972 775 1005 ut
802 965 1004 1020 contingat
1028 966 1063 1005 id
1086 965 1216 1006 nobis.
1279 963 1361 1007 Sed
1386 966 1472 1017 fac,
1507 972 1550 1007 ut
1573 965 1637 1005 isti
1661 979 1734 1007 vo-

150 1035 257 1088 lunt,
303 1038 455 1078 animos
491 1053 568 1079 non
600 1052 805 1080 remanere
846 1046 934 1094 post
963 1047 1156 1080 mortem:
1202 1039 1319 1081 video
1358 1054 1456 1093 nos,
1500 1038 1535 1081 si
1575 1040 1628 1080 ita
1663 1039 1731 1091 sit,

816 1113 881 1155 M.
914 1112 1013 1155 Mali
1039 1129 1137 1156 vero
1163 1114 1251 1170 quid
1274 1114 1389 1156 affert
1411 1114 1484 1155 ista
1505 1113 1734 1156 sententia?

151 1182 231 1224 Fac
262 1185 364 1226 euim
392 1187 448 1227 sic
477 1187 648 1228 animum
674 1188 864 1239 interire,
910 1196 952 1230 ut
975 1204 1142 1245 corpus:
1189 1203 1280 1229 num
1311 1189 1430 1244 igitur
1455 1188 1596 1243 aliquis
1621 1188 1735 1229 dolor

150 1110 296 1165 privari
319 1125 387 1167 spe
413 1111 601 1154 beatioris
631 1114 750 1154 vitae.

147 1266 214 1300 aut
237 1261 394 1302 omnino
419 1268 506 1315 post
527 1269 693 1303 mortem
723 1276 865 1303 seusus
891 1262 928 1303 iu
956 1277 1122 1319 corpore
1145 1264 1236 1305 est?
1274 1261 1406 1304 Nemo
1432 1262 1470 1303 id
1493 1262 1650 1318 quidem
1675 1261 1733 1303 di-

149 1333 225 1385 cit,
271 1335 344 1375 etsi
370 1333 641 1376 Democritum
671 1336 871 1378 insimulat
893 1336 1115 1393 Epicurus,
1158 1336 1415 1379 Democritici
1442 1344 1603 1392 negant.
1664 1335 1733 1378 Ne

149 1406 188 1447 in
211 1407 340 1449 animo
360 1409 513 1463 quidem
536 1410 655 1465 igitur
675 1425 817 1452 seusus
838 1419 1039 1464 remanet3
1073 1412 1156 1468 ipse
1178 1412 1281 1454 enim
1302 1425 1494 1466 nusquam
1517 1417 1592 1452 est.
1655 1408 1733 1452 Ubi

149 1481 267 1536 igitur
302 1483 444 1524 malum
491 1491 576 1536 est,
625 1485 807 1540 quoniam
848 1486 941 1527 nibil
975 1487 1132 1527 tertium
1174 1488 1263 1528 est?
1307 1500 1385 1539 an,
1433 1485 1617 1542 quoniam
1647 1484 1732 1540 ipse

148 1556 266 1598 animi
290 1558 488 1600 discessus
516 1572 539 1599 a
564 1573 729 1615 corpore
758 1574 836 1601 non
863 1561 905 1601 lit
935 1561 1020 1602 sine
1052 1561 1216 1603 dolore?
1262 1560 1316 1604 Ut
1346 1561 1503 1602 credam
1534 1560 1590 1602 ita
1619 1573 1727 1612 esse,

150 1698 215 1719 von
237 1687 334 1729 jenen
353 1689 627 1723 Aehnlichkeiten
646 1692 820 1735 sprechen,
845 1699 919 1735 sagt
956 1694 1011 1725 111.
1027 1691 1081 1729 71,
1102 1690 1182 1725 166:
1220 1693 1403 1737 primorum
1425 1691 1597 1725 hominum
1626 1697 1728 1736 atque

148 1733 236 1765 also:
264 1735 385 1772 „Doch
406 1748 514 1779 genug
537 1747 600 1768 von
623 1737 720 1777 jenen
738 1738 918 1770 Aelinlicli-
952 1738 1269 1771 honestissimorum.

146 1777 281 1818 keiten‚
318 1780 372 1812 die
405 1793 481 1813 vom
508 1782 643 1825 Kiirper
666 1795 707 1814 an
731 1783 794 1815 den
824 1784 919 1816 Geist:

148 1824 302 1857 kommen
316 1831 349 1865 ‚“
375 1827 441 1858 und
462 1827 570 1860 bricht
591 1840 654 1860 nun
676 1828 785 1860 davou
806 1829 858 1861 ab.
875 1849 916 1854 —

147 1871 195 1901 Im
219 1871 411 1913 Folgendcn
436 1873 500 1904 will
522 1875 555 1905 C.
579 1874 662 1906 auch
685 1875 771 1907 noch
794 1875 917 1907 bewei-

146 1926 203 1946 sen
218 1941 225 1953 ,
255 1917 329 1948 dass
351 1918 404 1949 die
427 1919 659 1952 Aehnlichkeit
684 1920 742 1952 des
765 1921 916 1963 Kiirpers

147 1960 209 1991 auf
228 1960 291 1993 (len
315 1963 408 1994 G‹·ist
433 1965 569 1997 ostmuls
591 1965 674 1997 auch
708 1978 766 2009 gar
795 1967 915 1998 keinen

147 2005 287 2037 Einssuss
309 2008 432 2049 geliabt
463 2010 566 2049 habe,
604 2012 673 2043 also
702 2012 776 2044 eine
800 2012 916 2044 solche

146 2051 400 2093 Aehnlichkeit,
427 2054 486 2086 wie
508 2067 543 2086 er
563 2056 647 2088 oben
671 2069 915 2100 angenommen

146 2095 260 2135 hatte,
305 2109 364 2140 gar
400 2099 491 2131 nicht
530 2101 723 2134 vorhanden
759 2103 829 2138 sei3
879 2116 914 2135 er

145 2142 281 2184 spricht‘
295 2144 365 2175 also
389 2156 448 2187 gar
468 2145 559 2177 nicht
581 2147 674 2179 mehr
697 2147 741 2179 im
775 2148 913 2191 vorigen

145 2187 245 2219 Sinne
266 2188 348 2221 uber
368 2190 400 2220 d.
422 2193 661 2233 similitudines,
683 2192 827 2225 sondern
851 2195 913 2226 be-

143 2233 274 2265 streitet
296 2246 357 2266 nur
387 2235 458 2267 ihre
482 2237 650 2269 Exsistenz
684 2238 751 2270 und
785 2239 912 2282 spricht

142 2290 249 2321 genau
276 2291 476 2323 genommen
509 2293 570 2314 nur
602 2283 685 2316 uber
709 2286 910 2318 dissimilitu-

141 2326 238 2357 dines.

208 2372 401 2404 Panaetius:
435 2375 515 2404 vixit
545 2384 615 2406 cum
644 2376 808 2417 Africano]
858 2378 910 2409 Sc.

143 2426 216 2448 cum
236 2417 392 2460 Scipione
407 2418 566 2451 Africano
587 2420 723 2458 maiore,
750 2433 822 2453 cum
844 2434 909 2465 quo

141 2468 234 2494 arcto
268 2463 433 2496 amicitiae
465 2464 576 2496 vinclo
609 2465 803 2498 coniunctus
839 2474 911 2500 erat

140 2507 327 2540 Panaetius.

206 2556 350 2595 Africani
379 2556 487 2595 fratris
511 2555 621 2599 nepos]
668 2556 770 2596 „Scit
795 2557 909 2595 Ouinti

140 2599 232 2631 Fabii
247 2600 382 2632 Maximi
398 2601 570 2633 Aemiliani
585 2601 660 2634 Cos.
682 2613 712 2633 u.
735 2614 761 2634 c.
776 2599 853 2635 6025.
870 2604 908 2635 L.

139 2645 270 2677 Aemilii
293 2646 396 2679 Paulli
425 2646 482 2679 filii
514 2658 618 2691 nepos
651 2654 701 2679 est
724 2649 764 2686 Q.
787 2648 907 2680 Fabius

138 2691 299 2724 Maximus
328 2692 559 2736 Allobrogicus
592 2694 633 2732 Q.
656 2692 749 2725 Fabii
770 2694 907 2726 Maximi

138 2737 314 2770 Aemiliani
348 2738 556 2782 Allobrogici
593 2738 667 2771 Cos.
703 2750 734 2771 u.
771 2750 797 2771 c.
827 2736 905 2771 632.

138 2780 242 2823 filius,
277 2783 320 2816 de
351 2795 417 2828 quo
448 2784 582 2816 homine
614 2784 748 2828 perdito
776 2796 807 2817 v.
831 2784 904 2818 Val.

137 2826 224 2860 Max.
247 2830 302 2861 Ill.
326 2829 366 2866 5,
391 2829 448 2862 2.“

202 2875 282 2913 facie
313 2878 361 2907 vel
388 2875 506 2920 patris]
548 2875 601 2908 Ad
626 2874 825 2909 vocabulum
855 2878 904 2909 vel

134 2917 355 2960 supplendum
375 2921 509 2955 videtur
529 2924 716 2955 simillimus.

193 2965 291 3002 primi
312 2967 458 3010 hominis]
487 2968 528 2999 H.
550 2979 579 3000 e.
603 2966 759 3012 primarii.
806 2968 901 3001 verr.

1020 1786 1129 1825 nepos]
1169 1785 1232 1825 Qui
1256 1783 1376 1816 eodem
1400 1783 1536 1816 nomine
1568 1794 1643 1816 usus
1675 1789 1726 1816 est

953 1831 988 1862 P.
1012 1830 1130 1862 Licinii
1155 1830 1274 1862 Crassi.

1023 1875 1099 1907 Cn.
1115 1877 1279 1908 XXXlV.
1292 1875 1348 1909 82.
1371 1878 1433 1908 ulte
1441 1875 1595 1919 spectare]
1611 1876 1725 1908 Somn.

952 1921 1042 1964 Scip.
1057 1922 1095 1955 7:
1123 1925 1189 1954 Alte
1209 1926 1346 1962 spectare
1365 1921 1393 1953 si
1417 1921 1509 1953 voles
1524 1928 1624 1964 atque
1637 1921 1725 1955 hano

951 1968 1064 1999 sedem
1082 1974 1115 1999 et
1129 1975 1298 2000 aeternam
1312 1966 1447 2000 domum
1463 1965 1624 1999 contueri.
1657 1969 1723 1998 Aue

951 2023 997 2053 sp.
1031 2012 1153 2045 dicitur
1188 2013 1230 2046 de
1263 2024 1323 2053 eo,
1357 2012 1414 2057 qui
1444 2011 1489 2045 ad
1517 2011 1722 2054 sublimiora,

951 2059 1076 2091 maiora
1101 2059 1219 2092 tendit.

1018 2108 1060 2137 Ne
1092 2107 1125 2137 in
1160 2107 1267 2137 animo
1296 2106 1422 2146 quidem
1448 2103 1569 2148 ἐρίων]
1603 2103 1646 2136 V.
1677 2102 1722 2136 ad

950 2161 977 2181 c.
1003 2152 1066 2186 29,
1093 2150 1131 2183 71
1150 2163 1155 2181 :
1182 2161 1219 2183 ne
1240 2153 1365 2183 interire
1382 2151 1510 2191 quidem
1531 2152 1638 2191 i9itur.

1016 2197 1093 2227 nihil
1115 2196 1252 2240 tertium]
1287 2195 1365 2228 Scil.
1389 2202 1525 2240 praeter
1543 2206 1664 2239 corpus
1684 2200 1720 2227 et

946 2251 1101 2272 anlmum.

1015 2297 1110 2326 quam
1133 2290 1176 2318 est
1207 2287 1241 2318 id
1269 2285 1433 2330 exiguum]
1469 2287 1661 2319 Pronomen
1682 2287 1719 2331 igi

947 2330 990 2362 ad
1011 2338 1117 2363 totam
1141 2331 1395 2364 antecedentem
1416 2331 1618 2364 sententiam
1636 2343 1718 2375 spe-

947 2383 1026 2409 ctat.
1075 2377 1129 2408 Sic
1160 2377 1271 2420 paullo
1305 2383 1402 2420 post:
1435 2379 1516 2409 illud
1545 2376 1638 2420 angit
1661 2396 1716 2416 —-‚

944 2424 1117 2455 discessus:
1143 2422 1198 2454 ubi
1222 2435 1254 2454 v.
1275 2422 1360 2455 Adn.

1012 2470 1050 2500 Et
1081 2470 1199 2509 salsum
1222 2478 1285 2501 esse
1311 2470 1461 2511 arbitror]
1490 2471 1530 2501 Et
1556 2467 1592 2501 in
1619 2467 1717 2500 initio

945 2513 1182 2546 enuntiationis
1210 2514 1355 2558 positum
1386 2514 1489 2546 habet
1520 2514 1587 2546 vim
1619 2513 1716 2547 affir-

943 2559 1073 2595 mandi,
1101 2566 1137 2590 ut
1163 2559 1252 2592 idem
1277 2560 1347 2592 fere
1372 2559 1435 2599 sit,
1473 2560 1564 2603 quod
1586 2563 1615 2592 et
1639 2569 1716 2601 pro·

942 2606 1030 2644 secto.
1072 2606 1113 2638 V.
1126 2607 1224 2638 Kritz.
1238 2605 1281 2638 ad
1293 2605 1372 2637 Sall.
1386 2607 1455 2648 Ing.
1467 2604 1522 2645 ὃὸ,
1539 2605 1572 2639 3.
1593 2604 1716 2648 p.470.

1009 2649 1064 2683 83.
1101 2652 1180 2683 illud
1200 2650 1303 2694 angit]
1328 2652 1517 2689 Pronomen
1535 2651 1617 2683 illua
1641 2661 1715 2683 cum

942 2693 974 2726 vi
1008 2695 1151 2738 quadam
1181 2696 1426 2739 praemittitur,
1461 2701 1497 2727 ut
1527 2694 1716 2728 auditorem

941 2746 1108 2772 attentum
1139 2741 1242 2773 faciat
1281 2741 1325 2773 ad
1357 2740 1559 2774 sententiam
1592 2740 1711 2773 subse-

939 2791 1106 2829 quentem.
1153 2788 1191 2818 In
1213 2787 1294 2819 illud
1317 2785 1365 2818 vis
1395 2785 1484 2819 inest
1505 2797 1548 2818 ex
1569 2785 1712 2830 opposi-

938 2831 1051 2862 tione:
1084 2831 1119 2864 in
1151 2842 1216 2875 qua
1244 2832 1355 2864 forma
1385 2834 1441 2864 sed
1473 2831 1584 2865 omitti
1610 2831 1710 2865 solet.

937 2876 1012 2908 Fin.
1033 2877 1075 2909 ΙΙ.
1095 2874 1151 2917 34,
1179 2874 1260 2911 114:
1288 2877 1461 2922 Cyrenaici
1483 2877 1617 2922 quidem
1639 2887 1711 2910 non

936 2928 1100 2955 recusant.
1145 2923 1257 2955 Vestri
1276 2923 1359 2957 haec
1387 2922 1627 2965 verecundius5
1660 2924 1711 2956 itti

936 2967 1081 3002 fortasse
1101 2968 1315 3005 constantius.
