1843 3101
200 54 284 98 254

198 145 387 195 liberum,
432 151 470 184 te
494 143 554 185 vis
568 143 600 195 ς)
626 141 826 184 videamus
842 175 853 193 ,
898 150 1040 197 quanta
1062 143 1162 194 sint,
1209 157 1307 198 quae
1331 157 1355 184 a
1377 143 1621 200 philosophia
1648 158 1777 186 reme-

199 219 264 260 dia
283 218 429 259 morbis
450 216 667 257 animorum
687 216 960 257 adhibeantur.

200 307 275 334 nec
296 300 372 333 tam
398 291 468 331 fuit
492 290 690 330 hominum
714 291 851 344 generi
873 290 1026 332 infensa
1049 298 1164 346 atque
1186 291 1344 332 inimica
1368 298 1532 355 n‘atura,
1577 299 1620 332 ut
1639 306 1779 348 corpo-

781 63 948 96 LIBER
972 63 1029 96 IV.
1054 61 1119 103 27,
1145 62 1200 96 59.

1016 215 1090 257 Est
1107 217 1209 257 enim
1230 218 1417 272 quaedam
1437 217 1630 259 medicina
1650 225 1774 270 certe,

196 366 304 408 ribus
336 372 394 406 tot
416 378 481 405 res
501 364 718 415 salutares,
752 364 892 405 animis
911 365 1053 406 nullam
1081 365 1302 417 invenerit,
1336 365 1384 406 de
1404 365 1542 420 quibus
1563 366 1636 407 hoc
1659 366 1775 406 etiam

198 448 260 482 est
281 439 419 480 merita
445 439 609 489 melius,
644 439 744 493 quod
772 453 979 493 corporum
1005 439 1226 480 adiumenta
1251 439 1485 480 adhibentur
1506 440 1774 491 extrinsecus,

1188 511 1267 554 Sed
1293 527 1367 567 quo
1397 514 1523 554 maior
1555 521 1616 554 est
1643 513 1684 554 in
1720 514 1776 554 eis

1507 585 1643 642 Itaque
1675 588 1776 629 bene

196 514 415 555 animorum
440 513 545 553 salus
569 513 721 553 inclusa
752 512 792 553 in
829 512 886 553 his
919 513 1012 567 ipsis
1048 520 1122 554 est.

195 588 438 643 praestantia
472 595 511 628 et
535 587 727 639 divinior,
773 601 820 628 eo
843 588 992 627 maiore
1016 587 1192 641 indigent
1227 587 1445 641 diligentia.

195 662 366 703 adhibita
401 661 501 702 ratio
536 661 686 713 cernit,
733 661 822 715 quid
854 661 1039 716 optimum
1073 661 1146 712 sit3
1193 662 1371 716 neglecta
1402 661 1532 703 multis
1556 661 1779 718 implicatur

194 736 410 778 erroribus.
471 741 540 777 59.
575 736 637 776 Ad
674 742 712 776 te
735 734 854 790 igitur
881 735 973 775 mihi
1006 735 1081 776 iam
1104 736 1372 777 convertenda
1396 736 1523 776 omnis
1548 736 1673 777 oratio
1698 743 1773 778 est.

196 808 368 852 Simulas
391 810 494 851 enim
517 823 707 864 quaerere
731 816 769 850 te
797 809 843 850 de
873 810 1075 864 sapiente3
1116 810 1273 864 quaeris
1297 817 1426 851 autem
1454 811 1621 851 fortasse
1649 810 1695 851 de
1719 817 1773 852 te.

192 883 343 925 Earum
369 884 488 939 igitur
512 884 846 939 perturbationum
863 915 873 934 ,
908 898 1003 938 quas
1032 883 1222 938 exposui,
1256 885 1391 924 variae
1416 891 1508 925 sunt
1532 884 1772 926 curationes.

1376 957 1469 998 Alia
1501 965 1561 999 est
1595 958 1698 999 enim
1719 959 1777 999 lu-

1550 1031 1626 1073 Est
1657 1032 1776 1074 etiam

193 957 299 999 Nam
326 972 453 1012 neque
477 958 602 998 omnis
628 957 830 1011 aegritudo
864 971 940 997 una
964 957 1118 997 ratione
1139 957 1314 997 sedatur.

194 1032 327 1087 genti,
375 1032 450 1072 alia
477 1031 680 1071 miseranti
719 1038 786 1071 aut
817 1031 1004 1072 invidenti
1034 1030 1251 1071 adhibenda
1279 1031 1487 1072 medicina.

193 1106 235 1147 in
257 1105 437 1147 omnibus
466 1112 648 1160 quattuor
670 1104 1026 1160 perturbationibus
1051 1105 1116 1145 illa
1139 1105 1359 1146 distinctio:
1394 1113 1522 1146 utrum
1546 1106 1593 1146 ad
1617 1107 1776 1148 univer-

194 1194 278 1223 sam
298 1179 656 1236 perturbationem,
691 1193 788 1234 quae
810 1187 869 1220 est
892 1179 1141 1235 adspernatio
1160 1179 1323 1220 rationis
1343 1186 1410 1220 aut.
1434 1180 1628 1236 appetitus
1651 1180 1773 1222 vehe-

195 1253 390 1306 mentior,
1180 1253 1402 1305 libidinem,
1438 1254 1608 1309 reliquas
1634 1254 1774 1295 melius

438 1269 486 1294 an
514 1254 560 1294 ad
583 1254 784 1309 singulas,
832 1262 875 1294 ut
895 1254 941 1294 ad
967 1261 1135 1304 metum,

194 1329 425 1370 adhibeatur
451 1328 602 1380 oratio,
656 1335 696 1369 et
729 1334 856 1368 utrum
890 1328 1033 1368 illudue
1077 1342 1154 1368 non
1185 1328 1365 1369 videatur
1396 1341 1516 1382 aegre
1547 1329 1769 1381 ferundum,

195 1416 251 1445 ex
287 1417 362 1457 quo
399 1409 581 1457 suscepta
611 1402 662 1442 sit
696 1403 923 1457 aegritudo,
970 1416 1018 1442 an
1045 1402 1216 1442 omnium
1250 1416 1382 1442 rerum
1409 1402 1581 1442 tollenda
1614 1403 1773 1444 omnino

195 1505 260 1584 ΞΩ,
284 1504 340 1539 73.

265 1596 346 1628 CAP.
360 1595 504 1627 XXVII.
527 1595 581 1626 58.
617 1598 643 1626 ἰε
668 1597 730 1637 vis]
772 1595 849 1627 Scil.
879 1595 966 1627 libe—

197 1653 268 1675 rum
294 1652 365 1673 esse
388 1639 651 1684 perturbatione.

263 1690 382 1729 quanta
403 1688 479 1727 sint]
502 1687 562 1717 Per
583 1685 739 1729 frequens
758 1686 965 1718 attractionis

195 1745 318 1777 genus,
346 1744 411 1775 quo
434 1730 698 1770 substantivum,
724 1731 814 1775 qnod
837 1731 879 1763 ad
902 1744 964 1763 an-

194 1778 405 1811 tecedentem
419 1777 679 1808 enuntiationem
692 1777 846 1820 pertinet,
863 1789 965 1809 enun-

194 1824 328 1857 tiationi
360 1821 518 1855 relativae
552 1823 707 1854 inseritur
732 1829 765 1854 et
788 1822 821 1854 in
848 1823 965 1855 eodem

196 1883 293 1910 casu,
326 1869 360 1900 in
385 1880 450 1912 quo
481 1879 665 1911 pronomen
703 1868 876 1901 relativum
904 1875 963 1907 est,

195 1916 342 1960 ponitur,
366 1914 491 1947 dictum
510 1925 589 1957 pro:
616 1921 738 1958 quanta
760 1914 826 1945 sint
849 1927 887 1947 ea
908 1927 964 1947 re-

195 1961 326 1999 media,
362 1971 445 2003 quae
482 1966 545 1991 etc.
577 1959 619 1991 de
647 1961 702 1991 Or.
729 1961 768 1991 ΙΙ.
794 1960 963 1999 30,13·:2

194 2007 251 2039 illa
272 2005 480 2050 quaerenda,
514 2015 594 2046 quae
617 2005 658 2036 ab
681 2012 872 2037 accusatore
895 2013 928 2037 et
947 2018 965 2038 a

195 2052 373 2085 defensore
395 2055 580 2091 argumenta
601 2050 643 2082 ad
664 2050 697 2082 id
711 2077 718 2089 ,
745 2051 864 2094 quod
856 2064 889 2083 in
911 2051 965 2082 iu—

197 2097 319 2130 dicium
344 2096 452 2134 venit,
485 2096 671 2138 spectantia
695 2096 818 2128 debent
842 2097 965 2129 afferri.

194 2144 236 2177 V.
272 2154 333 2174 nos
369 2141 402 2172 in
439 2143 576 2174 Kiihner.
605 2143 645 2174 L.
671 2143 728 2175 Gr.
754 2143 782 2185 gi.
809 2141 892 2183 145,
932 2143 964 2174 Ι).

196 2187 312 2233 μὸδὸ
328 2198 376 2230 sq.

263 2232 317 2266 59.
353 2235 435 2265 Nam
463 2242 558 2272 neque
592 2236 691 2265 omnis
716 2235 877 2274 ae9riludo
902 2244 966 2265 una

193 2282 313 2313 ratione
335 2276 488 2320 sedatur]
526 2278 741 2310 partitionem
764 2279 880 2311 Cicero
906 2291 966 2321 per

194 2335 290 2366 neque
303 2322 457 2359 instituit,
479 2329 595 2365 postea
611 2330 732 2362 autern,
756 2336 854 2367 quum
871 2325 964 2367 prio—

195 2382 266 2403 rem
290 2367 488 2402 sententiam
506 2368 663 2410 exemplis
687 2369 858 2401 confirmat
885 2373 965 2412 galia

195 2421 238 2450 est
273 2418 355 2448 enim
389 2415 504 2454 lugenti
526 2413 604 2454 etc.)
619 2438 626 2449 ,
662 2413 802 2451 desei-iu
843 2415 964 2447 deinde

194 2461 348 2494 instituta
372 2458 553 2502 partitione
576 2458 726 2500 neglecta
752 2459 878 2501 pergit:
911 2463 964 2492 Est

194 2511 288 2541 etiam
307 2509 341 2538 in
361 2506 502 2537 omnibus
521 2507 664 2544 quattuor
683 2507 966 2543 perturbationibus

193 2556 251 2586 illa
271 2553 436 2584 distinctio.
475 2549 589 2581 Oratio
610 2549 710 2591 igitur
733 2548 775 2580 ad
796 2561 964 2591 gramma-

193 2599 294 2631 ticam
329 2596 491 2628 rationem
521 2601 673 2627 revocata
704 2594 750 2626 sic
781 2595 963 2637 procedere

197 2643 360 2676 debebat:
387 2644 468 2674 Nam
487 2650 620 2681 neque
637 2642 736 2672 omnis
755 2650 840 2680 ae9r.
854 2650 918 2671 una
937 2650 963 2671 r.

196 2691 342 2728 sedatum
377 2689 443 2718 alia
465 2690 506 2718 est
529 2688 610 2718 enim
634 2705 677 2709 —-
699 2687 877 2717 adhibenda
900 2695 963 2716 me-

194 2737 323 2773 dicina,
348 2737 382 2765 et
405 2735 438 2764 in
460 2734 602 2765 omnibus
625 2742 654 2771 q.
672 2741 704 2771 p.
731 2732 787 2762 illa
807 2732 963 2762 distinctio

196 2784 250 2812 est.
285 2777 474 2810 Simillimus
496 2777 588 2809 locus
611 2783 662 2808 est
680 2776 749 2807 Fin.
773 2777 810 2808 ll.
833 2779 887 2813 22,
909 2775 962 2808 71.

197 2831 232 2856 et
253 2824 313 2858 7¹2:
353 2823 463 2861 „Nam
496 2832 551 2855 nec
576 2822 626 2854 vir
658 2821 764 2854 bonus
798 2833 837 2853 ac
858 2820 962 2852 iustus

196 2869 313 2901 haberi
344 2868 463 2906 debet,
500 2867 573 2910 qui,
610 2879 651 2899 ne
683 2867 805 2899 malum
828 2866 960 2903 habeat,

198 2913 342 2945 abstinet
372 2925 407 2945 se
428 2913 470 2945 ab
500 2912 662 2951 iniuria;“
698 2912 818 2945 deinde
850 2911 961 2944 multis

198 2958 379 2991 interiectis
399 2958 568 3002 pergitur:
604 2960 692 2999 Quae
711 2960 775 2992 dici
793 2959 902 2992 eadem
923 2959 961 2990 de

400 1505 449 1536 De
482 1515 518 1535 re
549 1503 620 1547 ipsa
653 1503 698 1535 cf.
732 1516 829 1547 supra
861 1516 888 1536 c.
912 1506 966 1545 20,

1002 1507 1106 1536 celeris
1126 1507 1292 1536 virtutibus
1324 1507 1453 1544 possunt
1474 1509 1537 1536 etc.
1581 1504 1621 1537 V.
1644 1506 1772 1537 Madvi-

1001 1552 1089 1590 flium
1109 1549 1142 1581 in
1166 1561 1233 1582 exc
1253 1551 1278 1582 Ι.
1299 1549 1342 1581 ad
1357 1549 1429 1581 Fiu.
1447 1561 1478 1592 p.
1492 1549 1570 1582 2505.
1593 1556 1628 1581 et
1649 1561 1710 1582 nos
1728 1550 1773 1583 ad

1004 1596 1118 1633 0315,
1145 1594 1199 1628 74.

1069 1642 1256 1672 adhibeatur
1279 1642 1393 1682 oratio]
1421 1639 1588 1672 Bentleius
1612 1639 1698 1673 coni.
1717 1651 1772 1674 cu-

999 1689 1099 1726 ratio,
1134 1686 1304 1729 ingeniose
1336 1688 1378 1729 (t.
1394 1683 1456 1719 74:
1480 1685 1563 1717 haec
1583 1685 1771 1719 adhibenda

1001 1731 1127 1763 curatio
1149 1738 1199 1762 est
1213 1732 1235 1772 ς)
1258 1743 1320 1762 nec
1338 1737 1449 1762 tamen
1474 1742 1563 1762 vere.
1600 1732 1652 1763 Cf.
1675 1732 1704 1775 ᾗ.
1715 1732 1771 1765 6¹2.

1001 1784 1081 1808 extr.
1117 1776 1255 1808 Orellius
1273 1788 1381 1819 comp.
1401 1776 1529 1819 Philipp
1534 1777 1646 1810 ..XIV
1664 1779 1692 1822 §v
1705 1775 1769 1810 34ε

999 1822 1108 1865 aliqua
1142 1821 1217 1853 talis
1249 1821 1298 1853 his
1331 1820 1461 1865 publice
1492 1823 1634 1854 adhiberi
1658 1828 1770 1865 posset

999 1870 1110 1899 oratio.
1158 1867 1249 1899 Idem
1272 1875 1364 1899 recte
1383 1872 1516 1907 monet,
1541 1869 1679 1900 oratione
1700 1868 1772 1911 ipsa
1811 1863 1814 1866 ⁴

1000 1913 1069 1945 fieri
1094 1916 1295 1946 curalionem.

1067 1963 1171 1991 utrum
1201 1960 1333 2001 illudne]
1374 1959 1484 1990 Utrum
1512 1957 1637 1990 indicat
1662 1958 1772 1990 inter-

999 2005 1206 2047 rogationem
1231 2016 1302 2036 esse
1324 2003 1550 2039 bimembrem,
1575 2014 1612 2036 ne
1634 2003 1663 2035 ei
1682 2003 1768 2056 voci,

1003 2051 1051 2082 cui
1075 2050 1210 2082 affixum
1231 2057 1299 2089 est,
1325 2050 1389 2082 vim
1409 2049 1502 2081 addit
1524 2056 1558 2080 et
1579 2049 1771 2093 oppositio-

1002 2096 1051 2127 nis
1076 2096 1141 2127 vim
1166 2102 1276 2139 auget.
1302 2095 1344 2127 de
1369 2095 1510 2127 Divinat.
1532 2095 1574 2127 ΙΙ.
1596 2098 1659 2135 ὁὸ,
1686 2095 1768 2128 120:

1006 2143 1114 2173 Utrum
1135 2141 1236 2184 igitur
1260 2148 1412 2184 putamus
1438 2139 1673 2172 dormientium
1696 2139 1772 2172 aui-

1002 2199 1073 2219 mos
1099 2199 1157 2230 per
1177 2198 1252 2220 sene
1271 2187 1361 2229 ipsos
1377 2187 1409 2218 in
1431 2185 1630 2218 somniando
1651 2197 1771 2217 move-

1003 2232 1045 2267 ri
1071 2244 1111 2264 an
1131 2240 1191 2264 etc
1239 2232 1294 2265 Sic
1316 2244 1414 2275 supra
1435 2232 1491 2263 IV
1513 2229 1555 2271 4,
1580 2230 1620 2264 9:
1659 2232 1770 2264 Utrum

999 2277 1098 2321 igitur
1133 2278 1234 2310 mavis
1266 2277 1418 2309 statimne
1448 2287 1509 2308 nos
1544 2276 1618 2309 vela
1646 2277 1769 2316 facere,

998 2336 1039 2355 an
1059 2343 1103 2347 —
1123 2323 1305 2366 paullulum
1324 2321 1512 2366 remigare?
1540 2321 1594 2354 ubi
1611 2332 1648 2354 ne
1670 2321 1768 2354 addi-

999 2376 1069 2401 tum
1093 2376 1163 2407 est,
1201 2376 1236 2400 ut
1261 2368 1378 2400 clarius
1402 2367 1639 2400 vocabulorum
1661 2369 1768 2400 statim

1000 2421 1032 2446 et
1054 2417 1235 2455 paullulum
1259 2413 1427 2457 oppositio
1452 2412 1607 2445 eluceret.
1646 2414 1685 2445 V.
1709 2423 1770 2444 nos

1000 2460 1034 2491 in
1058 2461 1097 2492 L.
1123 2460 1179 2491 Gr.
1205 2460 1233 2494 (5.
1251 2460 1322 2492 15η.
1344 2460 1426 2491 Not.
1439 2458 1471 2492 9.
1491 2455 1612 2501 p.443.
1631 2457 1684 2489 ed.
1697 2458 1729 2489 2.

1067 2498 1218 2546 tollenda]
1240 2504 1294 2536 Sic
1308 2470 1510 2547 legendum,p
1522 2503 1598 2534 licet
1619 2501 1769 2545 plerique

999 2556 1032 2581 et
1049 2549 1165 2600 optimi
1183 2549 1278 2581 codd.
1298 2549 1660 2581 exhibeanttoleranda.
1686 2549 1768 2580 Sen-

998 2595 1101 2626 tentia
1138 2594 1201 2626 loci
1233 2594 1418 2626 necessario
1450 2592 1613 2634 efflagitat
1646 2592 1768 2625 lectio-

998 2651 1072 2670 nem
1092 2641 1237 2671 tollenda.
1283 2639 1384 2671 Stoici
1405 2637 1491 2670 enim
1514 2637 1693 2670 censebant
1712 2641 1769 2670 tol-

998 2686 1123 2716 lendum
1159 2696 1229 2716 esse
1263 2684 1524 2727 aegritudinem.
1566 2683 1768 2727 omninoque

998 2740 1112 2761 omnes
1131 2730 1312 2762 animorum
1328 2727 1591 2772 perturbationes
1611 2740 1678 2760 non
1698 2740 1767 2761 am-

998 2774 1161 2818 putandas
1193 2781 1250 2806 aut
1273 2773 1553 2806 circumcidendas
1579 2785 1669 2813 esse,
1706 2773 1767 2806 sed

997 2819 1151 2852 radicitus
1173 2819 1360 2851 evellendas
1386 2827 1419 2851 et
1443 2818 1676 2851 extrahendas.
1713 2819 1766 2854 Cf.

998 2867 1053 2897 ΙΙΙ.
1077 2868 1140 2903 22,
1162 2865 1223 2898 53:
1249 2876 1316 2897 non
1339 2864 1441 2897 modo
1464 2863 1605 2896 leniatur
1627 2867 1765 2905 aeyritu-

995 2912 1047 2951 do,
1071 2910 1129 2942 sed
1150 2910 1182 2942 in
1204 2910 1368 2954 plerisque
1386 2913 1522 2943 tollatur.
1559 2909 1607 2941 lb.
1625 2911 1678 2950 11,
1699 2910 1763 2942 25:

993 2962 1082 2989 tetra
1115 2955 1203 2989 enim
1232 2967 1284 2989 res
1311 2962 1362 2988 est
1388 2954 1597 3000 (aegritudo),
1631 2954 1761 2995 misera,
