1843 3101
176 32 251 76 194

174 123 382 165 inveterati
410 122 583 164 doloris?
640 121 717 163 Est
743 121 846 162 enim
874 121 986 164 tarda
1013 122 1079 163 illa
1103 122 1255 177 quidem
1280 120 1488 173 medicina,
1521 121 1589 162 sed
1616 128 1747 163 tamen

176 212 341 253 magna,
389 211 502 253 quam
526 196 641 236 ass'ert
662 195 925 251 longinquitas
957 204 997 237 et
1028 196 1125 238 dies.

709 41 873 75 LIBER
897 40 1044 82 111.17‚
1069 39 1126 76 36.
1149 40 1206 76 37.

1194 194 1312 237 Iubes
1344 209 1405 236 me
1429 195 1531 236 bona
1552 195 1743 250 cogitare,

178 272 357 328 oblivisci
388 271 594 311 malorum.
667 268 835 311 Diceres
869 270 1035 325 aliquid,
1084 279 1123 310 et
1155 285 1297 324 magno
1334 269 1488 325 quidem
1519 269 1750 326 philosopho

178 347 357 402 dignum,
402 344 434 385 si
463 358 508 385 ea
532 344 635 385 bona
658 357 746 385 esse
773 344 968 395 sentires,
1017 358 1116 399 quae
1140 351 1275 385 essent
1300 343 1455 397 homine
1477 343 1720 399 dignissima.

288 416 427 460 XVII.
461 425 531 460 56.
566 416 812 474 Pythagoras
829 418 919 459 mihi
946 418 978 459 si
1000 419 1163 468 diceret,
1198 424 1265 458 aut
1286 416 1489 469 Socrates,
1524 425 1591 459 ant
1610 416 1746 458 Plato:

179 493 282 548 Quid
308 493 441 533 iaces?
486 499 553 533 aut
580 493 669 547 quid
694 493 877 533 maeres?
918 500 984 534 aut
1006 507 1074 533 cur
1095 492 1315 534 succumbis
1340 493 1524 547 cedisque
1545 492 1754 533 fortunae?

178 581 274 622 quae
295 566 512 621 pervellere
541 574 577 607 te
599 566 762 607 forsitan
786 568 956 622 potuerit
982 575 1020 607 et
1037 580 1210 622 pungere
1227 598 1237 616 ‚
1272 580 1349 607 non
1370 566 1494 622 potuit
1521 573 1630 607 certe
1649 566 1754 607 vires

179 643 374 695 frangere.
435 639 583 695 Magna
605 641 664 681 vis
684 641 802 681 estin
822 641 1053 691 virtutibus,
1087 655 1155 681 eas
1177 641 1329 693 excita,
1362 640 1395 681 si
1417 642 1519 681 forte
1539 640 1751 681 dormiunt.

177 713 261 756 Iam
292 714 361 755 tibi
391 714 517 755 aderit
542 715 721 770 princeps
746 713 974 766 Fortitudo,
1022 729 1120 770 quae
1152 723 1188 755 te
1215 715 1344 755 animo
1367 721 1475 755 tanto
1509 728 1599 755 esse
1622 720 1752 768 coget,

180 796 222 830 ut
245 789 397 840 omnia,
443 803 541 843 quae
564 789 715 844 possint
736 790 881 830 homini
907 791 1091 840 evenire,
1136 796 1363 830 contemnas
1388 796 1428 829 et
1450 803 1520 844 pro
1542 788 1662 828 nihilo
1688 802 1757 843 pu-

183 870 256 904 tes.
319 862 460 903 Aderit
477 861 781 918 Temperantia,
829 878 927 918 quae
948 871 1008 904 est
1029 864 1161 904 eadem
1186 863 1424 914 moderatio,
1469 876 1493 903 a
1514 876 1575 903 me
1602 862 1755 917 quidem

182 937 309 993 paullo
340 943 429 977 ante
458 937 647 991 appellata
677 937 903 992 frugalitas,
951 951 1050 991 quae
1082 944 1118 977 tc
1149 937 1314 991 turpiter
1348 944 1388 977 et
1413 936 1594 990 nequiter
1625 936 1756 991 facere

181 1011 274 1052 nihil
298 1011 481 1065 patiatur.
545 1008 648 1064 Quid
681 1019 741 1051 est
773 1018 900 1051 autem
925 1011 1090 1065 nequius
1123 1018 1189 1050 aut
1213 1010 1361 1064 turpius
1387 1010 1613 1051 effeminato
1645 1009 1759 1050 viro?

180 1083 246 1125 Ne
271 1082 424 1125 Iustitia
448 1084 600 1139 quidem
626 1085 729 1125 sinet
752 1091 788 1125 te
814 1085 887 1125 ista
914 1086 1069 1135 facere,
1118 1084 1179 1124 cui
1204 1084 1403 1124 minimum
1427 1097 1516 1125 esse
1538 1083 1695 1124 videtur
1720 1083 1760 1123 in

182 1159 254 1199 hac
280 1172 419 1199 caussa
444 1158 544 1209 loci,
592 1172 691 1213 quac
717 1167 843 1200 tamen
875 1159 928 1200 ita
958 1159 1083 1209 dicet,
1130 1158 1336 1213 dupliciter
1362 1171 1451 1199 esse
1485 1164 1522 1198 te
1554 1157 1757 1207 iniustum,

183 1248 299 1289 quum
321 1240 361 1274 et
383 1233 549 1273 alienum
573 1240 732 1288 appetas
747 1265 757 1283 ,
793 1233 854 1287 qui
880 1233 1055 1274 mortalis
1078 1239 1192 1273 natus
1215 1232 1476 1273 conditionem
1497 1231 1670 1287 postules
1690 1231 1762 1272 im-

184 1308 420 1357 mortalium,
450 1313 489 1346 et
508 1307 684 1360 graviter
707 1308 825 1357 feras,
861 1313 912 1357 te,
948 1307 1048 1360 quod
1069 1307 1253 1347 utendum
1275 1305 1492 1361 acceperis,
1525 1305 1759 1346 reddidisse.

186 1387 256 1423 57.
288 1379 528 1421 Prudentiae
550 1394 646 1420 vero
671 1380 760 1434 quid
782 1380 1060 1436 respondebis,
1111 1381 1288 1431 docenti,
1343 1381 1528 1421 virtutem
1551 1393 1642 1420 sese
1673 1391 1762 1420 csse

187 1461 436 1505 contentam,
482 1468 558 1508 quo
583 1454 698 1494 modo
721 1454 769 1494 ad
792 1453 892 1494 bene
917 1455 1126 1495 vivendum
1142 1486 1152 1505 ,
1193 1454 1250 1495 sic
1273 1454 1391 1495 etiam
1420 1454 1467 1494 ad
1489 1453 1632 1494 beate?
1661 1466 1762 1508 quae

187 1584 207 1605 a
227 1577 344 1605 natura
367 1574 478 1605 datum
507 1576 665 1605 auxilium
688 1576 851 1606 inveterati
872 1575 959 1605 dolo-

187 1622 232 1651 ris
255 1620 327 1662 (so,
349 1625 383 1650 ut
405 1630 503 1662 supra
522 1630 549 1650 c.
568 1621 616 1655 15.
632 1620 686 1651 51.
706 1618 853 1661 legimus,
876 1619 955 1661 Epi-

187 1676 280 1696 curus
305 1664 447 1706 negabat
470 1669 619 1696 vetustate
643 1667 743 1696 minui
771 1665 870 1705 mala)
904 1675 959 1696 ex—

185 1713 339 1750 torqueas,
360 1712 499 1742 oblivisci
518 1711 632 1741 iubes?
660 1712 755 1751 gqtcocl
774 1714 881 1742 contra
901 1721 959 1742 na-

184 1759 291 1787 turam
324 1756 392 1797 est).
442 1756 490 1786 De
524 1754 641 1786 vocula
672 1760 699 1787 et
730 1767 829 1798 supra
864 1755 907 1787 ad
931 1756 956 1786 1.

186 1799 248 1840 38,
274 1799 328 1833 92.
355 1800 575 1843 exposuimus.

252 1848 307 1878 Est
328 1848 423 1886 enim}
452 1848 544 1878 Enim
563 1845 727 1877 rationem
750 1845 861 1877 reddit
879 1857 958 1878 ver-

187 1890 304 1922 borum
328 1894 484 1923 auxilium
504 1902 523 1922 a
547 1896 665 1923 natura
689 1893 811 1923 datum.

253 1938 346 1968 tarda
367 1938 423 1968 illa
442 1939 578 1977 quidem,
603 1939 657 1969 sed
679 1937 796 1981 tamen]
822 1938 861 1969 V.
883 1936 956 1969 Ad-

188 1987 303 2012 notata
325 1981 407 2012 inl.
433 1983 474 2020 5,
500 1982 531 2013 (i.

255 2027 465 2066 longinquitas
480 2031 507 2058 ct
522 2028 603 2068 dies]
629 2039 689 2070 per
705 2027 852 2070 figuram,
876 2039 960 2071 quae

185 2067 222 2103 ἓν
242 2068 299 2104 διὰ
318 2073 407 2105 &noia
428 2072 603 2111 vocitatur,
627 2085 707 2115 pro:
733 2073 803 2105 dies
822 2073 902 2116 long
892 2074 960 2105 ἰη-

189 2126 254 2158 qua
284 2123 340 2147 aut
367 2123 497 2159 tempus
520 2118 758 2161 longinquum,
797 2126 854 2150 aut
879 2120 958 2151 lon-

185 2159 350 2204 ginquitas
367 2162 538 2204 temporis.
574 2164 613 2195 V.
629 2175 665 2194 su
671 2176 727 2206 pra
742 2164 783 2196 ad
801 2165 839 2195 11.
855 2162 885 2201 4
907 2165 956 2196 ΙἈΔ

258 2206 336 2239 cip,
350 2207 416 2238 XV
420 2208 460 2239 11.
485 2205 539 2239 36.
563 2210 590 2239 si
611 2210 737 2251 diceret]
767 2209 959 2241 Observan—

189 2250 284 2290 dum,
322 2248 485 2286 ἀπόδοσιν
510 2252 633 2284 nullam
655 2254 767 2297 sequi3
807 2266 880 2286 eam
903 2262 958 2287 ta—

188 2307 263 2328 men
279 2296 384 2328 latere
402 2298 430 2339 6.
445 2296 499 2330 37
516 2296 549 2329 in
568 2298 694 2330 veihis:
719 2302 762 2332 ad
783 2303 858 2332 haec
878 2303 959 2333 bona

189 2343 217 2373 si
240 2351 288 2374 me
310 2352 438 2375 revocas
460 2348 524 2373 etc.
572 2343 606 2374 Si
627 2344 733 2375 oratio
765 2346 895 2388 integra
921 2357 960 2377 ac

190 2386 288 2429 plena
314 2394 418 2426 esset,
453 2398 489 2419 ea
515 2387 580 2419 hoc
602 2388 672 2419 sere
692 2390 794 2421 modo
818 2392 959 2422 confor-

190 2438 278 2465 mata
303 2444 374 2465 esse
406 2413 569 2464 debebat:
605 2435 804 2475 Pynzayoras
835 2438 911 2467 mihi
934 2440 961 2468 si

189 2479 323 2519 diceret,
363 2482 418 2510 aut
447 2480 611 2518 Socrates,
644 2483 699 2510 aut
723 2483 836 2512 Plato:
875 2483 959 2520 Quid

190 2525 302 2555 iaces?
329 2528 383 2555 aut
405 2525 480 2564 quid
502 2533 621 2556 maeres
636 2526 651 2555 ¹?
676 2543 719 2548 —
743 2544 786 2549 ——
815 2535 961 2564 parerem

191 2571 217 2599 et
238 2578 400 2609 sequerer;
430 2576 483 2608 at,
507 2569 617 2601 subito
636 2569 779 2612 abrupto
800 2570 960 2602 orationis

192 2618 311 2645 tenore
348 2626 589 2657 suppressaque
624 2614 786 2658 apodosi,
830 2614 957 2653 Cicero,

194 2658 370 2700 Epicurum
403 2659 512 2703 appel
516 2671 594 2699 ans
632 2671 752 2692 novam
791 2660 961 2693 exorditur

192 2704 361 2745 protasin:
402 2707 446 2738 ad
477 2707 552 2738 haec
584 2707 664 2738 bona
696 2716 744 2738 me
775 2708 803 2738 si
822 2715 962 2738 revocas.

194 2748 285 2781 Talis
310 2750 486 2783 verborum
509 2751 715 2794 complexio,
740 2750 773 2783 in
795 2762 857 2794 qua
877 2761 961 2793 pro-

192 2793 270 2826 tasis
290 2794 448 2828 destituta
468 2802 519 2828 est
538 2796 688 2840 apodosi,
713 2796 761 2829 ita
778 2803 902 2835 tamen,
923 2802 960 2828 ut

193 2839 348 2881 apodosis
372 2840 404 2872 in
430 2840 494 2874 alia
522 2841 771 2875 constructione
794 2841 914 2881 lateat,
940 2853 959 2874 a

193 2886 414 2924 grammaticis
428 2886 549 2920 dicitur
561 2883 845 2940 ᾇνανταπόδοτονε
870 2886 959 2919 cuius

191 2927 314 2968 figurae
335 2931 485 2975 exempla
506 2932 542 2965 in
565 2932 604 2965 ii·
622 2933 791 2967 Ciceronis
812 2932 956 2977 scriptis,

995 1573 1026 1605 in
1054 1573 1170 1617 quibus
1206 1573 1313 1605 oratio
1349 1572 1511 1616 quaedam
1543 1571 1764 1615 negligentior

994 1626 1111 1661 regnat
1135 1631 1196 1650 nec
1219 1618 1329 1650 omnia
1352 1617 1394 1649 ad
1415 1630 1546 1650 severas
1567 1617 1765 1660 grammati-

995 1676 1051 1696 cae
1080 1664 1167 1707 leges
1197 1670 1353 1696 revocata
1376 1670 1471 1703 sunt,
1507 1663 1663 1707 epistolas
1688 1662 1764 1696 dico

995 1717 1027 1742 et
1051 1709 1174 1748 libros,
1201 1709 1255 1752 qui
1274 1715 1351 1740 sunt
1374 1708 1417 1740 de
1438 1708 1669 1752 philosophia,
1695 1719 1764 1741 non

992 1754 1173 1787 admodum
1201 1761 1277 1786 sunt
1304 1753 1540 1797 infrequentia.
1585 1755 1625 1786 V.
1649 1765 1710 1786 nos
1729 1753 1764 1786 in

996 1802 1142 1832 Gramm.
1155 1801 1231 1832 Lat.
1254 1800 1281 1843 ἕ.
1298 1800 1371 1833 165.
1386 1800 1467 1831 Not.
1479 1804 1510 1832 ’.Α
1528 1811 1560 1842 p.
1572 1797 1650 1833 461.
1665 1799 1718 1832 ed.
1732 1800 1764 1832 2.

995 1846 1046 1877 Cf.
1069 1846 1156 1877 infra
1177 1844 1220 1877 ad
1245 1846 1300 1877 lV.
1321 1844 1365 1883 6,
1392 1844 1442 1877 13.
1489 1845 1562 1876 Nec
1592 1856 1667 1877 raro
1700 1845 1767 1877 hoc

993 1891 1109 1923 vitium
1131 1889 1391 1934 deprehenditur
1410 1890 1442 1921 in
1459 1889 1706 1933 partitionibus,
1731 1890 1765 1921 in

994 1937 1110 1980 quibus
1135 1943 1211 1980 post
1236 1936 1324 1979 prius
1347 1935 1530 1968 membrum
1559 1946 1627 1968 non
1651 1935 1764 1978 sequi-

993 1990 1048 2014 tur
1085 1981 1218 2026 quidem
1242 1981 1382 2014 alterum
1403 1980 1606 2021 membrum,
1641 1980 1702 2013 sed
1731 1981 1766 2012 in

994 2028 1056 2060 alia
1079 2035 1244 2060 structura
1265 2027 1357 2059 latet.
1407 2028 1446 2057 V.
1468 2026 1636 2059 Adnotata
1654 2026 1687 2058 in
1707 2027 1765 2059 IV.

994 2073 1059 2113 27,
1083 2073 1137 2106 59.
1173 2073 1237 2111 35,
1264 2073 1316 2106 75.
1352 2073 1392 2104 V.
1417 2072 1460 2111 9,
1485 2073 1541 2105 25.
1566 2072 1631 2111 27,
1653 2072 1706 2105 Τὸ.

1062 2129 1141 2159 quae
1161 2120 1327 2159 pervellere
1347 2121 1374 2151 te
1387 2137 1431 2142 —-
1443 2119 1591 2159 poluerit]
1621 2116 1766 2149 Coniun-

994 2163 1099 2196 ctivus
1120 2175 1219 2207 saepe
1245 2164 1344 2195 etiam
1378 2163 1450 2195 sine
1475 2162 1709 2195 coniunctione
1731 2161 1766 2193 in

995 2210 1184 2242 concessiva
1203 2209 1368 2241 sententia
1384 2207 1529 2252 ponitur.
1567 2208 1621 2240 Cf.
1641 2207 1684 2240 ad
1706 2207 1763 2239 1V.

993 2257 1057 2293 “)ὅ,
1082 2254 1144 2287 60:
1181 2257 1340 2286 abluatur.
1376 2253 1478 2286 Acad.
1505 2254 1557 2293 11,
1582 2252 1647 2286 32:
1683 2252 1767 2285 haec

993 2302 1055 2333 sint
1077 2299 1159 2331 falsa
1182 2311 1271 2338 sane,
1297 2298 1460 2331 invidiosa
1481 2304 1570 2331 certe
1591 2310 1658 2330 non
1679 2304 1767 2330 sunt.

995 2344 1107 2378 024:
1136 2349 1185 2376 An
1209 2344 1390 2376 dissolvit?
1420 2343 1455 2376 id
1477 2343 1564 2376 enim
1585 2343 1667 2376 mihi
1690 2343 1768 2387 qui-

995 2390 1071 2422 dem
1103 2402 1170 2422 non
1206 2389 1355 2428 videtnr3
1390 2389 1449 2421 sed
1473 2391 1648 2422 dissolverit
1675 2399 1766 2427 sane,

996 2442 1087 2468 certe
1119 2442 1190 2467 tum
1224 2441 1303 2467 cett.
1363 2434 1416 2467 Cf.
1447 2446 1508 2467 nos
1541 2434 1575 2466 in
1609 2434 1667 2466 Gr.
1689 2434 1765 2465 Lat.

995 2482 1121 2524 6108,
1147 2479 1224 2521 aa>
1248 2492 1280 2522 p.
1298 2478 1420 2523 164sq
1448 2480 1499 2512 ed.
1510 2478 1540 2511 2

1073 2536 1093 2557 a
1122 2536 1171 2557 me
1201 2527 1326 2565 quidem
1360 2528 1469 2565 paullo
1503 2527 1574 2556 ante
1604 2525 1766 2563 appellata

993 2570 1177 2614 frugalitas]
1205 2570 1334 2601 Excidit
1356 2570 1406 2601 his
1430 2568 1537 2601 verbis
1563 2568 1720 2600 Tullius'
1711 2579 1767 2600 m-

997 2615 1117 2647 choata
1137 2614 1307 2653 oratione,
1345 2626 1408 2658 qua
1431 2613 1673 2657 Pythagoiam,
1698 2615 1767 2645 So·-

996 2666 1130 2695 cratem,
1153 2660 1325 2692 Platonem
1340 2658 1514 2702 loquentes
1530 2657 1670 2690 induxit.
1699 2659 1766 2691 Sed

994 2704 1022 2736 si
1044 2704 1201 2736 orationis
1237 2716 1320 2747 qnae
1344 2704 1379 2735 in
1404 2703 1543 2747 dialogis
1577 2714 1649 2736 esse
1679 2705 1766 2736 solet

996 2749 1139 2781 formam
1172 2750 1373 2792 cogitamu8‚
1410 2760 1476 2781 non
1500 2748 1583 2788 erit,
1619 2748 1739 2792 quod
1730 2761 1765 2782 m

993 2794 1056 2827 hac
1076 2794 1201 2827 leviore
1226 2793 1428 2838 negligentia
1451 2794 1670 2827 offendamus.

1061 2844 1088 2872 le
1116 2841 1200 2880 quod
1220 2842 1370 2873 utendum
1396 2843 1552 2882 acceperis
1573 2839 1763 2884 reddidisse]

994 2885 1037 2917 H.
1051 2896 1080 2917 e.
1097 2891 1132 2918 te
1150 2885 1247 2926 bona,
1274 2896 1358 2931 quae
1376 2885 1439 2918 tibi
1461 2886 1585 2919 utenda
1605 2895 1764 2918 concessa

993 2937 1071 2964 sunt
1089 2937 1220 2964 tantum
1243 2931 1286 2964 ad
1307 2937 1459 2976 tempus,
1486 2943 1555 2965 non
1581 2931 1618 2965 in
1636 2941 1760 2976 pei-po-
