1843 3085
176 68 259 110 108

176 157 254 198 frui
276 163 474 214 coeperat.

762 74 934 108 ruma
958 76 985 108 1.
1009 72 1074 118 39,
1098 73 1154 109 94.

535 155 592 198 At
622 155 660 197 id
692 155 846 211 quidem
876 155 1000 211 ipsum
1031 155 1072 196 in
1094 153 1238 196 ceteris
1261 153 1379 194 rebus
1405 151 1546 194 melius
1568 159 1741 209 putatur,

175 231 344 286 aliquam
365 239 512 287 partem
527 262 538 282 ,
572 244 686 285 quam
707 229 847 270 nullam
862 261 872 280 ‚
905 229 1122 284 attingere3
1165 243 1235 269 cur
1256 228 1296 268 in
1319 227 1401 270 vita
1424 228 1568 269 secus?
1608 226 1743 281 Quan-

176 320 291 360 quam
321 320 399 346 non
432 305 531 346 male
564 304 618 344 ait
646 302 931 355 Callimachus,
974 304 1106 344 multo
1137 304 1312 357 saepius
1338 303 1591 344 lacrimasse
1615 301 1745 343 Pria-

175 393 285 420 mum
299 411 313 430 ,
355 392 479 433 quam
508 377 720 420 Troilum.

176 459 263 505 tur,
304 453 461 493 fortuna
486 452 679 493 laudatur.

781 377 930 418 Eorum
960 384 1112 428 autem,
1155 377 1218 431 qui
1249 383 1389 417 exacta
1415 382 1542 417 aetate
1571 375 1746 416 moriun-

741 457 810 493 94.
846 449 956 493 Cur?
1002 450 1132 501 Nam,
1164 464 1281 501 reor,
1315 449 1454 501 nullis,
1488 449 1521 490 si
1551 449 1631 491 vita
1660 449 1745 489 lon-

175 527 264 581 gior
287 528 469 578 daretur,
504 533 637 582 posset
659 540 747 567 esse
770 526 989 567 iucundior.
1049 523 1160 565 Nihil
1186 523 1289 564 enim
1316 530 1377 564 est
1400 523 1580 578 profecto·
1598 522 1746 563 homini

175 596 382 656 prudentia
413 601 586 652 dulcius,
631 615 770 655 quam,
818 607 859 640 ut
892 606 1024 640 cetera
1054 599 1231 650 auferat,
1265 598 1380 638 ass'ert
1409 603 1516 637 certe
1542 602 1742 637 senectus.

176 672 290 729 Quae
310 689 407 716 vero
429 682 539 716 aetas
561 674 675 729 longa
699 675 788 715 cst?
828 681 895 714 aut
916 673 1005 728 quid
1025 672 1182 713 omniuo
1205 671 1349 712 homini
1371 671 1557 726 longum?
1615 683 1746 710 nonne

288 752 401 789 Modo
426 752 566 801 pucras
579 780 589 797 ‚
624 750 728 788 modo
758 749 1010 786 adolescentes
1023 777 1034 795 ,
1069 750 1107 786 in
1139 745 1255 785 curse}
1283 760 1306 785 α
1338 748 1444 797 tergo
1475 745 1685 797 insequens,

289 825 370 863 Νέο
401 823 593 875 ephesinus
623 820 794 861 (isseetita
825 829 882 860 est

176 898 390 938 senectus?
442 897 511 937 sed
556 896 646 950 quia
690 896 790 936 ultra
835 894 929 934 nihil
973 894 1187 945 habemus,
1245 893 1319 934 hoc
1363 892 1522 947 longum
1565 890 1742 932 dicimus.

176 968 322 1012 Omnia
359 970 435 1010 ista
468 970 626 1024 perinde
667 976 709 1009 ut
739 968 877 1022 cuique
921 968 1011 1008 data
1052 974 1144 1008 sunt
1183 982 1252 1023 pro
1285 973 1370 1007 rata
1402 973 1534 1020 parte,
1589 964 1643 1005 ita
1681 970 1747 1005 aut

174 1044 290 1098 longa
305 1075 315 1095 ,
344 1050 410 1084 aut
430 1043 566 1084 brevia
592 1042 784 1083 dicuntur.
826 1040 943 1096 Apud
964 1040 1158 1097 Hypanim
1184 1041 1343 1083 fluvium
1362 1071 1373 1091 ,
1408 1039 1471 1094 qui
1493 1039 1540 1080 ab
1562 1036 1747 1093 Europae

177 1124 289 1174 parte
324 1117 363 1158 in
395 1115 562 1158 Pontum
596 1116 748 1168 influit,
793 1115 1032 1156 Aristoteles
1066 1116 1146 1167 ait,
1187 1114 1374 1156 bestiolas
1407 1113 1591 1168 quasdam
1620 1111 1744 1163 nasci,

177 1205 278 1247 quae
302 1206 418 1232 unum
445 1190 546 1231 diem
570 1190 722 1231 vivant.
782 1188 850 1230 Ex
873 1189 932 1229 liis
954 1189 1074 1243 igitur
1098 1189 1194 1229 hora
1217 1195 1357 1228 octava
1379 1201 1476 1242 quae
1499 1194 1650 1228 mortua
1668 1193 1744 1238 est,

178 1272 368 1322 provecta
389 1272 518 1306 aetate
536 1271 688 1304 mortua
713 1269 800 1313 est3
835 1276 934 1316 quae
955 1276 1052 1302 vero
1071 1262 1274 1302 occidente
1297 1261 1381 1302 sole
1397 1293 1407 1312 ,
1440 1261 1665 1316 decrepita3
1699 1273 1746 1300 eo

177 1338 326 1394 magis,
361 1338 394 1379 si
415 1338 531 1378 etiam
555 1337 750 1378 solstitiali
771 1336 847 1376 die.
910 1333 1061 1376 Confer
1085 1343 1256 1376 nostram
1281 1335 1550 1390 longissimam
1577 1341 1747 1375 aetatem

179 1426 267 1454 cum
291 1411 550 1462 aeternitate3
582 1410 623 1450 in
655 1410 791 1451 eadem
817 1410 1093 1464 propemodum
1123 1409 1343 1461 brevitate,
1388 1422 1460 1463 qua
1484 1408 1574 1449 illae
1603 1407 1748 1449 bestio-

175 1485 238 1528 lae
253 1518 263 1538 ,
296 1485 553 1542 reperiemur.

179 1570 268 1603 infra
284 1572 322 1602 ll.
338 1569 390 1610 12,
404 1569 460 1604 29.
494 1571 535 1603 V.
552 1571 688 1602 Kithner.
701 1568 741 1601 L.
758 1569 816 1601 Gr.
830 1568 859 1612 §-
875 1564 948 1601 124.

178 1616 261 1649 Not.
279 1615 331 1648 13.
347 1615 381 1657 b)
405 1615 526 1658 9230.
550 1615 600 1647 ed.
614 1618 646 1647 2.

249 1661 400 1704 Troilum]
427 1660 577 1699 Troilus,
602 1660 722 1692 Priami
738 1659 833 1698 filius,
857 1659 947 1690 iuve-

179 1705 240 1738 nili
256 1706 390 1738 audacia
407 1706 501 1737 ferox
516 1718 588 1737 cum
604 1705 729 1737 Achille
742 1717 854 1736 manus
869 1716 948 1736 cou-

179 1763 289 1784 serere
309 1763 422 1790 ausus,
447 1751 488 1783 ab
512 1762 550 1783 eo
572 1751 788 1794 interemptus
809 1756 870 1782 est.
904 1751 944 1782 V.

181 1797 299 1840 virgil.
326 1801 406 1829 Aen.
430 1798 455 1828 Ι.
473 1796 539 1830 474
555 1808 605 1839 sq.

248 1841 304 1875 94.
340 1842 443 1884 Cur?]
483 1840 728 1873 Sententiarum
760 1852 860 1873 nexus
893 1839 947 1872 hie

182 1893 251 1920 est:
279 1888 343 1919 Cur
366 1899 497 1927 eorum,
523 1887 577 1930 qui
601 1894 716 1919 exacta
739 1893 849 1919 aetate
870 1897 944 1917 mo-

181 1932 328 1972 riuntur,
366 1933 534 1964 fortunam
559 1932 748 1972 laudemus,
785 1931 872 1963 nulla
897 1937 948 1962 est

183 1988 317 2016 caussa3
350 1989 426 2008 nam
452 1977 533 2009 nulli
556 1977 658 2009 aetati
679 1977 746 2009 vita
774 1976 949 2009 iucundior

182 2028 297 2066 potest
314 2034 398 2064 esse,
424 2034 520 2065 quam
539 2023 720 2054 senectuti:
746 2023 836 2054 nulla
858 2029 948 2054 actas

182 2067 408 2098 vehementius
440 2074 551 2109 potest
573 2074 707 2110 optare,
740 2074 777 2098 ut
798 2067 867 2099 vita
889 2080 948 2099 ex·-

182 2112 350 2151 tendatur,
375 2123 471 2155 quam
490 2120 661 2149 senectus,
686 2112 767 2143 nihil
789 2119 839 2144 est
861 2112 948 2144 enim

183 2157 341 2201 profecto
361 2157 486 2189 homini
512 2156 655 2195 dulcius,
681 2169 777 2200 quam
800 2157 948 2200 pruden—

182 2201 241 2234 tia.
276 2202 487 2234 prudentiam
502 2208 624 2241 autem,
642 2202 721 2233 licet
735 2210 844 2234 cetera
861 2203 949 2234 bona

185 2247 326 2284 auferat.
352 2247 449 2279 affert
471 2255 560 2279 certe
576 2255 738 2280 senectus.
775 2249 863 2290 Ergo
883 2248 948 2279 do-

183 2292 283 2325 lenda
303 2292 424 2335 potius,
449 2304 545 2336 quam
567 2292 731 2324 laudanda
754 2299 803 2324 est
825 2304 947 2332 eorum,

186 2337 243 2382 qui
271 2337 364 2370 senili
393 2344 501 2370 aetate
524 2337 591 2370 vita
615 2337 781 2369 decedunt
803 2338 947 2369 fortuna.

185 2383 275 2416 Hinc
301 2382 466 2426 sequitur,
501 2389 577 2415 ante
608 2389 737 2426 tempus
768 2383 853 2415 mori
883 2394 949 2414 non

187 2440 342 2462 rmserum
367 2440 449 2460 esse.

253 2473 337 2517 reor]
356 2473 483 2505 ironice
493 2484 554 2516 pro
566 2477 653 2506 certe.
676 2474 717 2505 V.
730 2472 772 2504 ad
786 2473 878 2511 c.22‚
896 2473 950 2505 52.

256 2521 349 2551 Modo
376 2519 502 2563 pueros]
542 2520 625 2550 Sunt
654 2518 814 2550 trochaici
843 2524 951 2549 tetra—

186 2564 285 2598 metri
309 2564 502 2597 catalectici.
549 2563 804 2601 Adnotandum‚
839 2573 951 2603 pueros

186 2609 385 2654 bisyllabum
416 2621 497 2641 esse.
555 2610 647 2642 Modo
680 2614 731 2640 est
763 2611 833 2640 ante
865 2610 952 2639 breve

186 2659 317 2696 tempus.

256 2700 475 2743 adolescentes]
500 2697 732 2732 Adolescentia
755 2696 949 2740 complecti-

188 2751 244 2778 tur
263 2745 296 2777 h.
318 2745 341 2777 l.
362 2745 490 2778 virilem
514 2757 642 2789 quoque
673 2750 835 2781 aetatem,
870 2753 953 2784 quae

189 2790 233 2822 de
255 2791 332 2823 Seu.
356 2792 438 2823 XX.
462 2797 616 2824 constans
637 2797 671 2822 et
691 2788 799 2821 media
821 2787 951 2819 dicitur.

191 2834 247 2866 Sic
265 2835 308 2867 de
327 2838 404 2868 Seu.
426 2838 474 2876 ΙΙ,
499 2834 539 2869 4:
563 2835 690 2876 „Citius
711 2831 953 2866 adolescentiae

191 2887 363 2919 senectus,
408 2893 505 2925 quam
536 2880 696 2926 pueritiae
731 2877 955 2912 adolescentia

192 2922 360 2966 obrepit.“
417 2927 553 2959 Scilicet
582 2924 722 2959 Romani
760 2923 954 2956 dicebantur

194 2968 288 3009 pueri
308 2980 409 3013 usque
428 2972 471 3005 ad
491 2979 619 3005 sextum
641 2970 805 3004 decimum
825 2968 878 3002 vel
902 2980 953 3001 se-

984 1568 1125 1611 ptimum
1142 1567 1305 1600 decimum
1324 1578 1444 1599 annum
1456 1592 1464 1606 ‚
1487 1560 1553 1611 (juo
1565 1592 1573 1607 ‚
1595 1565 1745 1609 deposita

983 1621 1063 1656 toga
1076 1621 1258 1657 praetexta,
1275 1613 1458 1645 induebant
1470 1619 1584 1655 togam
1597 1611 1725 1643 virilem
1737 1623 1745 1649 ;

983 1659 1212 1691 adolescentes
1228 1670 1330 1701 usque
1344 1658 1385 1689 ad
1401 1669 1521 1690 annum
1536 1655 1746 1702 quadragesi-

982 1716 1071 1736 mum
1083 1717 1090 1742 ;
1114 1704 1174 1736 viri
1188 1715 1287 1747 usque
1301 1703 1343 1736 ad
1355 1715 1475 1735 annum
1489 1702 1724 1746 sexagesimum
1736 1712 1744 1740 ς

981 1756 1051 1781 turn
1072 1761 1177 1781 senes.

1035 1798 1057 1827 A
1062 1797 1127 1835 pud
1139 1797 1298 1835 Hypanim
1309 1813 1353 1818 —
1363 1796 1536 1826 Aristoteles
1547 1792 1606 1836 ait]
1621 1791 1748 1823 Histor.

981 1840 1121 1872 Animal.
1144 1841 1182 1871 V.
1206 1852 1234 1871 c.
1259 1839 1318 1872 19:
1355 1851 1451 1883 quem
1470 1839 1579 1870 locum
1598 1836 1746 1869 reddidit

982 1886 1102 1917 Plinius
1129 1886 1170 1917 H.
1195 1886 1239 1918 N.
1259 1885 1320 1917 XI.
1343 1897 1370 1916 c.
1391 1883 1454 1917 36:
1486 1883 1654 1926 Hypanis,
1679 1882 1746 1913 flu-

982 1930 1053 1962 vius
1083 1931 1117 1962 iu
1142 1932 1268 1970 Ponto,
1307 1930 1392 1962 circa
1423 1928 1608 1961 solstitium
1635 1927 1748 1959 defert

982 1975 1152 2008 acinorum
1168 1975 1279 2018 effigie
1290 1982 1413 2007 *tenues
1429 1974 1645 2011 membranas,
1671 1972 1747 2016 qui-

983 2022 1042 2053 bus
1062 2021 1203 2064 erumpit
1224 2021 1357 2053 volucre
1379 2019 1583 2064 quadrupes,
1608 2029 1670 2049 nec
1692 2017 1747 2049 ul-

982 2073 1033 2098 tra
1068 2078 1167 2098 unum
1201 2066 1287 2098 diem
1318 2065 1400 2097 vivit
1413 2090 1421 2104 ,
1454 2063 1541 2096 unde
1563 2061 1747 2107 ἣμερόβιον

985 2114 1038 2155 (ab
1070 2115 1163 2145 Arist.
1195 2114 1215 2144 l.
1246 2113 1278 2144 d.
1311 2108 1561 2154 ἐφήμερον)
1600 2115 1747 2141 vocatur.

987 2157 1113 2190 Aelian.
1138 2158 1179 2188 H.
1206 2160 1242 2188 A.
1269 2157 1310 2196 V,
1335 2156 1398 2189 43:
1425 2152 1621 2198 μον-ἥμερον.
1780 2191 1782 2193 ,

1051 2204 1204 2234 solstitiali
1221 2202 1284 2245 die]
1312 2200 1502 2233 Solstitialis
1524 2199 1593 2231 dies
1613 2205 1664 2230 est
1682 2199 1749 2230 Ro-

981 2247 1086 2279 manis
1107 2247 1209 2279 totius
1241 2246 1319 2278 anni
1340 2245 1566 2288 longissimus,
1599 2250 1638 2276 ut:
1668 2244 1747 2276 bru-

984 2293 1077 2325 malis
1099 2291 1319 2323 brevissimus.

1038 2340 1071 2370 in
1085 2339 1193 2369 eadem
1204 2355 1247 2360 —-
1258 2339 1405 2368 brevitate
1414 2335 1668 2378 -reperismunj
1690 2336 1750 2365 At-

982 2383 1083 2416 tende
1092 2382 1133 2413 ad
1141 2381 1384 2425 exquisitiorem
1395 2392 1486 2412 usum
1497 2378 1750 2423 praepositionis

982 2432 1027 2468 in,
1049 2439 1131 2471 quae
1145 2438 1377 2470 nonnunquam
1390 2426 1436 2458 ita
1449 2425 1595 2469 ponitur,
1611 2431 1648 2456 ut
1661 2423 1749 2456 vices

983 2473 1142 2506 sustineat
1162 2473 1297 2515 genitivi
1316 2472 1369 2504 vel
1393 2471 1529 2503 ablativi
1551 2470 1606 2514 qui
1629 2469 1750 2502 dicitur
1783 2475 1788 2477 ”

985 2518 1180 2563 qualitativi.
1227 2517 1318 2550 Infra
1338 2518 1394 2549 ΙΙΙ.
1419 2517 1469 2556 18,
1494 2514 1557 2548 4⁴2:
1584 2517 1674 2555 Quae
1693 2525 1752 2546 se·-

986 2570 1144 2607 quuntur,
1181 2566 1214 2595 in
1236 2565 1344 2595 ead-em
1375 2564 1524 2594 sententia
1550 2568 1626 2593 sunt
1649 2560 1695 2604 (h.
1718 2570 1748 2592 e.

985 2608 1131 2640 eiusdem
1162 2607 1373 2649 sententiae).
1426 2606 1499 2638 Fin.
1521 2608 1562 2638 H.
1591 2603 1651 2644 14,
1685 2602 1748 2638 47:

987 2660 1137 2696 quartum
1162 2653 1275 2695 (genus
1295 2650 1525 2692 honestorum)
1549 2649 1696 2693 sequitur
1716 2655 1751 2681 et

986 2701 1017 2730 in
1041 2699 1149 2729 eadem
1175 2698 1403 2737 pulchritudine
1431 2701 1464 2727 et
1491 2702 1604 2738 aptum
1627 2706 1666 2726 ex
1685 2693 1749 2726 illis

985 2742 1101 2774 tribus.
1128 2742 1182 2773 Sic
1199 2745 1231 2773 in
1247 2744 1322 2774 vitio
1337 2739 1408 2772 esse
1423 2740 1653 2784 pro-vitiosum
1668 2750 1751 2780 esse,

985 2789 1019 2820 in
1043 2797 1075 2819 eo
1101 2788 1229 2829 (eodeml
1255 2787 1362 2827 ye‘nere
1383 2797 1464 2817 esse.

1049 2842 1113 2872 qua
1126 2834 1198 2863 illae
1214 2831 1370 2874 bestiolae]
1391 2832 1477 2863 Pro:
1493 2833 1525 2864 in
1540 2840 1613 2872 qua.
1646 2830 1750 2862 Prae-

986 2877 1109 2921 positio
1130 2876 1239 2909 omitti
1260 2876 1346 2908 solet
1361 2882 1438 2908 ante
1458 2886 1643 2920 pronomen
1661 2875 1751 2907 rela-

986 2922 1110 2963 tivum,
1135 2934 1234 2966 quum
1253 2921 1369 2954 eadem
1388 2928 1466 2953 aute
1484 2931 1667 2965 pronomen
1687 2919 1751 2951 de-

987 2968 1238 3002 monstrativum
1260 2966 1409 3012 proxime
1436 2976 1663 3012 praegressum
1683 2974 1748 3008 po-
