1843 3101
178 62 265 107 218

175 156 283 198 enim
309 156 547 212 appellamus
573 153 936 195 controversiarum
960 153 1154 208 genera3)
1195 154 1264 196 sed
1295 154 1342 195 ad
1371 161 1548 211 tempus,
1589 155 1640 197 ad
1668 170 1763 198 con-

175 231 399 272 troversiae
420 237 594 271 naturam
609 259 620 279 ,
664 228 711 269 ad
738 242 948 284 personam
971 229 1338 270 accommodamus:
1372 229 1429 270 sic
1451 229 1493 270 in
1517 229 1762 284 aegritudine

723 70 891 106 LIBER
915 72 974 105 111.
997 70 1064 112 33,
1089 70 1144 107 80.
1167 71 1223 107 81.

180 306 385 356 lenienda3
431 318 519 345 nam
555 317 668 358 quam
704 303 869 358 quisque
892 303 1134 344 curationem
1158 303 1337 359 recipere
1363 304 1509 359 possit,
1553 304 1760 347 videndum

178 388 252 422 est.
314 386 385 422 80.
432 376 511 420 Sed
538 378 672 419 neseio
698 392 773 432 quo
797 384 910 433 pacto
947 378 994 418 ab
1023 391 1097 429 eo,
1144 379 1246 432 quod
1271 385 1356 419 erat
1384 393 1407 419 a
1439 385 1478 420 te
1500 379 1759 435 propositum,

175 454 377 496 aberravit
398 453 539 494 oratio.
604 451 668 493 Tu
691 452 794 493 enim
820 452 867 493 de
888 452 1065 508 sapiente
1086 452 1336 506 quaesieras,
1370 453 1432 494 cui
1453 460 1521 495 aut
1539 453 1683 494 malum
1703 453 1762 496 vi-

174 529 258 571 deri
283 529 428 570 nullum
463 534 618 584 potest,
665 528 764 582 quod
790 534 907 568 vac-et
931 526 1193 582 turpitudine,
1239 534 1305 567 aut
1336 527 1390 568 ita
1413 541 1573 583 parvum
1599 528 1759 580 malum,

172 612 216 646 ut
248 604 286 644 id
314 603 503 644 obruatur
528 602 719 657 sapientia
751 602 897 657 vixque
923 608 1131 657 appareat3
1178 601 1241 656 qui
1275 601 1368 642 nihil
1396 601 1580 657 opinione
1605 603 1763 658 affingat

171 686 426 733 assumatque
447 678 495 718 ad
517 677 801 731 aegritudinem
817 708 828 727 ,
863 690 936 717 nec
959 677 995 717 id
1023 683 1132 732 putet
1152 690 1240 717 esse
1264 683 1438 727 rectum,
1473 689 1516 717 se
1539 690 1654 731 quam
1681 690 1762 718 ma-

170 754 280 796 xime
300 752 524 795 excruciari
545 752 728 806 luctuque
748 752 886 792 confici
901 783 911 802 ,
946 766 1022 806 quo
1044 750 1203 807 pravius
1225 751 1319 791 nihil
1341 764 1431 792 esse
1452 751 1589 806 possit.
1651 749 1760 792 Edo-

170 828 250 870 cuit
274 836 401 870 tamen
434 827 557 878 ratio,
604 833 647 867 ut
679 826 769 866 mihi
795 826 949 880 quidem
972 825 1151 877 videtur,
1197 839 1313 880 quum
1352 825 1426 866 hoc
1450 825 1576 881 ipsum
1603 825 1759 880 proprie

167 918 247 945 non
282 910 542 958 quaereretur
573 901 645 942 hoc
680 908 881 956 tempore,
929 914 1021 940 num
1058 900 1158 954 quod
1192 906 1300 940 esset
1331 899 1501 952 malum,
1548 899 1624 940 nisi
1658 900 1760 954 quod

165 978 269 1019 idem
298 978 372 1018 dici
397 985 508 1031 turpe
537 983 692 1029 posset,
726 981 858 1015 tamen
881 981 922 1014 ut
944 974 1192 1025 videremus,
1227 973 1409 1028 quicquid
1435 980 1544 1014 esset
1562 973 1604 1014 in
1629 973 1760 1028 aegri·

167 1053 303 1094 tudine
329 1051 442 1101 mali,
476 1050 512 1090 id
538 1064 616 1090 non
640 1049 819 1090 naturale
843 1062 931 1089 esse.
948 1080 959 1099 ,
993 1048 1062 1088 sed
1086 1048 1308 1088 voluntario
1333 1047 1478 1089 iudicio
1500 1054 1540 1088 et
1561 1047 1758 1104 opinionis

169 1140 306 1169 errore
332 1131 591 1166 contractum.
654 1129 724 1165 81.
761 1122 994 1163 Tractatum
1015 1130 1076 1163 est
1093 1130 1222 1163 autem
1247 1136 1269 1162 a
1293 1122 1406 1163 nobis
1427 1122 1462 1162 id
1482 1135 1608 1177 genus
1628 1121 1758 1177 aegri-

166 1201 312 1243 tudinis
330 1232 340 1251 ,
375 1199 476 1255 quod
500 1213 617 1239 uuum
641 1204 702 1238 est
723 1197 894 1237 omnium
920 1197 1155 1248 maximum,
1199 1203 1240 1237 ut
1256 1228 1267 1248 ,
1301 1210 1348 1237 eo
1372 1196 1550 1249 sublato,
1584 1196 1756 1252 reliquo-

164 1290 252 1318 rum
283 1275 458 1317 remedia
490 1286 539 1314 ne
571 1286 711 1327 magno
744 1285 863 1326 opere
896 1271 1121 1326 quaerenda
1153 1271 1452 1312 arbitraremur.

282 1346 492 1390 XXXIV.
557 1344 659 1388 Sunt
680 1346 782 1386 enim
808 1352 938 1396 certa,
986 1358 1084 1399 quae
1107 1345 1154 1385 de
1178 1352 1431 1400 paupertate,
1477 1351 1611 1397 certa,
1656 1358 1756 1400 quae

166 1425 215 1467 de
247 1424 330 1466 vita
353 1423 588 1463 inhonorata
617 1427 656 1461 et
681 1419 847 1474 ingloria
873 1419 948 1459 dici
974 1419 1150 1470 soleant3
1197 1419 1406 1474 separatim
1433 1427 1567 1461 certae
1595 1419 1755 1480 scholae

169 1505 263 1540 sunt
283 1498 332 1539 de
359 1496 528 1547 exsilio,
562 1495 610 1536 de
628 1495 790 1535 interitu
812 1494 988 1550 patriae,
1033 1494 1081 1534 de
1105 1494 1298 1535 servitute
1314 1526 1325 1547 ‚
1370 1494 1417 1535 de
1442 1494 1664 1546 debilitate,
1707 1495 1754 1536 de

236 1618 291 1651 δΟ.
331 1619 393 1650 Sed
416 1619 518 1650 nescio
542 1626 602 1657 quo
622 1616 728 1657 pacto]
766 1614 942 1657 Proposita

169 1671 240 1697 erat
259 1664 343 1696 haec
366 1663 537 1708 quaestio:
569 1663 677 1694 Utrum
697 1663 818 1693 caderet
838 1663 870 1692 in
891 1671 943 1691 sa-

163 1713 302 1752 pientem
321 1711 503 1750 aegritudo,
527 1718 641 1740 necne:
664 1718 728 1750 qua
749 1706 942 1749 quaestione

166 1757 296 1794 soluta,
329 1757 516 1787 universam
548 1752 790 1795 aegritudinem
826 1751 943 1795 dispu—

167 1802 298 1835 tatione
315 1801 519 1844 complexus,
545 1799 586 1831 de
605 1799 671 1830 eius
690 1806 818 1837 natura,
845 1809 942 1829 caus—

167 1848 211 1881 sis
237 1854 271 1879 et
297 1847 467 1879 curatione
493 1845 655 1888 exposuit.

235 1894 357 1926 edocuit
377 1912 423 1917 —
445 1891 652 1933 confractum]
681 1888 874 1921 Sententiae
895 1888 942 1919 sic

170 1939 371 1972 cohaerent:
417 1939 487 1970 Etsi
529 1937 590 1969 hae
633 1935 859 1978 disputatione
900 1934 941 1965 de

171 1985 320 2028 sapiente
348 1990 479 2016 tantum
503 1982 687 2027 quaesitum
706 1988 796 2019 erat,
830 1987 941 2012 tamen

171 2031 250 2075 (etsi
266 2031 400 2074 proprie
418 2042 483 2061 non
502 2029 732 2072 quaerebatur,
758 2038 836 2058 num
853 2025 942 2069 quod

170 2083 258 2108 esset
279 2076 422 2115 malum,
447 2075 507 2107 nisi
534 2074 623 2118 quod
646 2073 733 2105 idem
757 2072 822 2104 dici
845 2079 943 2115 turpe

172 2128 288 2165 posset
302 2122 323 2159 {l
347 2121 433 2153 ratio
455 2133 516 2152 nos
534 2121 580 2152 ita
601 2119 755 2157 edocuit,
782 2125 816 2149 ut
838 2118 942 2150 intel-

170 2167 358 2210 ligeremus,
376 2166 540 2209 'quicquid
566 2172 651 2197 esset
676 2165 710 2196 in
735 2163 943 2207 aegritudine

169 2212 270 2252 mali,
303 2211 339 2243 id
360 2231 405 2235 --
426 2211 592 2254 opinionis
614 2222 726 2242 errore
759 2222 829 2241 esse
859 2221 941 2241 con-

168 2265 325 2292 tractum.
374 2260 490 2289 Tamen
519 2257 676 2288 iteratum
701 2263 751 2288 est
777 2256 820 2288 ob
843 2255 944 2287 verba

169 2303 422 2348 παρενῇετικῶς
444 2301 629 2333 interiecta.

237 2351 292 2383 el.
315 2359 414 2381 unum
434 2350 573 2379 omnium
594 2346 786 2390 niaximum]
808 2347 847 2378 V.
870 2346 943 2379 Ad—

169 2401 288 2429 notata
309 2394 342 2427 in
368 2395 409 2426 ῙῘ.
430 2391 496 2434 26,
516 2391 571 2425 64.
615 2392 770 2423 Ceterum
794 2404 861 2424 non
884 2404 941 2424 so-

167 2442 239 2475 lum
251 2441 294 2474 de
308 2439 460 2473 universa
474 2436 682 2481 aegritudine
699 2437 861 2479 exposuit,
884 2438 943 2470 sed

166 2488 272 2523 etiam
293 2484 486 2531 gravissima
509 2489 542 2515 et
563 2482 773 2515 acerbissima
795 2483 943 2525 aegritu—

167 2534 257 2568 dinis
281 2544 403 2578 genera
425 2535 617 2574 persecutus
644 2534 711 2560 est:
740 2527 856 2571 quibus
878 2539 944 2570 op—

169 2587 341 2626 ponuntur
364 2590 422 2617 ea,
448 2587 532 2620 quae
554 2579 756 2618 sequuntur,
780 2580 817 2604 ut
835 2573 944 2604 levio-

168 2639 227 2667 ra,
264 2626 307 2659 de
328 2628 549 2669 paupertate,
584 2620 627 2653 de
647 2619 717 2651 vita
742 2617 945 2651 inhonorata

170 2679 505 2750 efficiamur.
537 2712 674 2754 schozae]
710 2711 751 2742 v.
775 2708 946 2742 Adnotata

169 2764 206 2797 in
229 2766 255 2797 Ι.
277 2761 318 2803 4,
343 2761 376 2795 8.

238 2818 317 2850 opus
336 2809 418 2841 enim
435 2803 602 2848 quaerunt]
623 2800 944 2845 πολυπραγμονοῦσι.

172 2855 248 2887 Liv.
261 2855 304 2894 V,
321 2853 362 2887 3:
388 2852 442 2885 Sic
463 2850 599 2883 hercule
612 2875 622 2892 ‚
655 2855 814 2892 tanquam
837 2845 943 2878 artifi-

172 2910 228 2932 tes
250 2897 404 2943 improbi,
427 2907 507 2938 opus
527 2899 700 2938 quaerunt,
724 2892 780 2937 qui
801 2898 835 2924 et
855 2903 945 2924 sem—

172 2955 236 2987 per
260 2944 351 2987 aegri
370 2942 496 2987 aliquid
519 2953 589 2974 esse
608 2941 643 2973 iu
667 2951 704 2972 re
727 2938 860 2982 publica
880 2949 945 2970 vo-

172 2989 268 3031 lunt,
300 2995 337 3020 ut
357 2988 412 3028 sit,
436 2987 480 3021 ad
504 2986 594 3020 cuius
617 2985 820 3018 curationem
841 2995 860 3016 a
881 2995 945 3016 vo-

978 1614 1026 1645 bis
1043 1614 1273 1646 adhibeantur.
1310 1615 1452 1655 „Iocose
1467 1614 1502 1646 in
1521 1613 1752 1658 philosophos,

977 1660 1031 1703 qui
1063 1660 1233 1692 scribendi
1266 1660 1437 1692 materiam
1462 1659 1558 1692 anxie
1580 1666 1752 1704 quaerunt,

977 1706 1062 1738 sicut
1097 1717 1258 1749 pauperes
1282 1706 1491 1737 occasionem
1512 1705 1687 1738 laborandi
1720 1713 1754 1739 et

978 1751 1179 1795 quaerendi,
1206 1750 1292 1782 unde
1319 1750 1467 1783 vivant.¹‘
1516 1754 1685 1784 Ernestius.

1044 1797 1098 1829 8.).
1137 1799 1174 1829 Et
1203 1797 1321 1840 lamen]
1354 1796 1599 1829 Sententiarum
1626 1809 1747 1831 nexus:

976 1842 1170 1885 Philosophi
1188 1842 1333 1885 singulas
1354 1842 1596 1886 disputationes
1619 1842 1661 1875 de
1680 1843 1753 1875 sin-

977 1889 1060 1931 gulis
1096 1888 1357 1926 calamitatibus,
1395 1901 1413 1921 e
1436 1888 1554 1932 quibus
1576 1889 1752 1931 aegritudo

979 1941 1187 1973 nasceretur,
1216 1934 1495 1977 conscripserunt.
1543 1934 1654 1966 Facile
1675 1935 1752 1978 qui-

977 1980 1053 2012 dem
1071 1979 1232 2013 eiusmodi
1253 1980 1532 2023 disputationibus
1552 1986 1609 2012 aut
1629 1980 1752 2013 scholis

979 2038 1091 2058 carere
1118 2037 1314 2070 possumus3
1350 2038 1426 2058 nam
1450 2025 1477 2056 si
1501 2025 1574 2070 quis
1599 2025 1642 2057 de
1673 2026 1751 2058 uni-

978 2084 1071 2104 versa
1108 2071 1316 2115 aegritudine
1355 2072 1490 2115 eiusque
1534 2082 1656 2115 genere
1696 2083 1749 2111 eo,

979 2117 1070 2161 quod
1092 2130 1190 2150 unum
1208 2124 1258 2150 est
1276 2117 1423 2149 omnIum
1447 2117 1636 2158 maximum,
1661 2124 1752 2150 recte

979 2163 1118 2196 edoctus
1143 2164 1261 2202 fuerit,
1287 2163 1490 2207 reliquorum
1513 2163 1660 2196 remedia
1683 2174 1752 2196 non

978 2221 1182 2253 magnopere
1215 2216 1364 2253 quaeret.
1414 2212 1590 2248 Attamen,
1620 2215 1656 2241 ut
1675 2221 1751 2241 me-

979 2254 1045 2287 dici
1066 2275 1110 2280 —
1133 2255 1328 2295 medentur,
1366 2254 1414 2287 sic
1439 2254 1651 2298 philosophia
1682 2266 1753 2287 non

977 2301 1157 2345 acquiescit
1178 2301 1211 2333 in
1234 2300 1385 2335 tollenda
1418 2300 1571 2333 universa
1603 2300 1751 2344 aegritu-

977 2347 1077 2387 dine,
1111 2347 1171 2379 sed
1192 2346 1394 2390 singularum
1419 2346 1643 2379 calamitatum
1667 2358 1751 2389 sup-

977 2393 1109 2436 peditat
1125 2392 1277 2437 proprias
1295 2391 1551 2426 consolationes.
1571 2411 1614 2416 —
1649 2392 1751 2423 Cete-

978 2450 1050 2471 rum
1082 2443 1186 2472 tamen
1219 2438 1383 2481 recurrit,
1420 2437 1511 2481 quod
1537 2437 1669 2480 saepius
1700 2437 1749 2476 fit,

978 2484 1034 2516 ubi
1066 2484 1149 2516 haec
1186 2483 1350 2528 particula
1383 2482 1414 2515 ei
1446 2482 1656 2522 sententiae,
1699 2482 1750 2514 cui

978 2529 1136 2573 postponi
1161 2529 1324 2567 debebat,
1349 2527 1586 2571 praemittitur.

1045 2578 1073 2607 si
1098 2575 1269 2618 condoluit]
1307 2575 1358 2606 De
1391 2572 1551 2616 perfectis
1581 2574 1752 2614 condoluit,

977 2623 1104 2660 exstitit,
1124 2622 1293 2652 momordit
1310 2625 1343 2651 et
1359 2624 1438 2650 cett.
1454 2629 1486 2649 v.
1506 2616 1549 2649 ad
1565 2619 1606 2650 Π.
1623 2615 1681 2657 24,
1695 2617 1750 2652 58.

1046 2667 1090 2696 sic
1111 2665 1323 2706 philosophia]
1357 2665 1529 2695 structura
1558 2663 1654 2696 huius
1683 2663 1750 2696 loci

979 2715 1029 2741 est
1048 2706 1287 2749 ἅνακόλουὲος.
1321 2707 1514 2741 Orationem
1533 2709 1621 2741 enim
1633 2709 1750 2742 Cicero

978 2754 1027 2787 sic
1046 2755 1228 2795 exorditur,
1253 2753 1346 2798 quasi
1364 2754 1431 2787 hoc
1447 2754 1520 2787 fere
1538 2755 1642 2788 modo
1662 2754 1749 2787 scri-

977 2800 1058 2832 bere
1092 2800 1256 2833 voluerit:
1297 2799 1345 2832 sic
1377 2799 1610 2844 philosophia,
1650 2811 1752 2843 quum

981 2845 1016 2890 (i.
1036 2857 1064 2879 e.
1085 2845 1275 2890 postquam)
1298 2845 1485 2878 universam
1508 2845 1752 2889 aegritudinem

979 2891 1133 2933 sustulit,
1168 2898 1301 2932 tamen,
1337 2891 1364 2923 si
1387 2891 1459 2936 quis
1490 2903 1586 2924 error
1616 2889 1750 2924 aliunde

981 2937 1109 2970 exstitit
1122 2963 1130 2977 ,
1156 2961 1164 2969 .
1182 2962 1189 2970 .
1206 2961 1215 2970 .
1231 2962 1238 2970 .
1265 2942 1323 2969 aut
1341 2936 1369 2969 si
1391 2937 1472 2982 quid
1495 2947 1609 2970 eorum
1621 2961 1632 2979 ,
1663 2947 1749 2980 quae

979 2983 1083 3017 modo
1107 2982 1196 3025 dixi,
1220 2982 1366 3023 exstitit,
1399 2985 1542 3017 medetur
1559 2986 1589 3016 et
1604 2983 1750 3017 consola-
