1859 3149
1635 31 1721 77 293

1221 123 1392 181 Semper
1413 124 1536 180 igitur
1555 124 1711 167 beatus.

668 45 840 79 mann
864 45 906 79 v.
934 41 1160 87 17,49.5o.

109 130 201 173 dine
222 141 356 172 nonne
377 127 546 170 beatus?
604 127 662 169 At
687 140 849 183 semper
866 126 1026 182 sapiens
1052 125 1156 167 talis.

106 204 191 248 Iam
219 219 317 247 vero
340 202 408 260 qui
428 209 562 260 potest
586 202 650 243 vir
674 202 802 244 bonus
826 216 906 243 non
929 201 974 243 ad
1000 201 1037 241 id
1054 233 1066 252 ,
1112 201 1215 256 quod
1239 199 1433 242 laudabile
1458 200 1534 253 sit,
1580 202 1713 243 omnia

105 282 287 332 referre,
321 292 422 335 quae
448 278 530 334 agit
553 291 734 333 quaeque
758 277 907 319 sentit?
966 274 1112 317 Refert
1134 283 1265 318 autem
1292 277 1423 318 omnia
1445 277 1492 318 ad
1516 276 1630 317 beate
1655 276 1712 317 vi-

105 356 302 407 vendum3
346 354 463 395 beata
487 353 610 409 igitur
631 352 711 394 vita
735 351 963 403 laudabitis3
1013 365 1087 392 nec
1114 351 1320 407 quicquam
1344 352 1432 394 sine
1455 352 1602 394 virtute
1628 351 1711 393 lau-

104 431 260 482 dabile3
291 429 408 471 beata
439 428 562 484 igitur
591 428 673 469 vita
704 427 853 469 virtute
884 427 1108 468 conficitur.

218 502 365 547 XVll.
399 510 470 546 49.
503 502 639 558 Atque
657 503 732 544 hoc
751 503 810 545 sic
829 503 948 544 etiam
969 502 1232 545 concluditur.
1290 501 1382 543 Nec
1405 502 1445 543 in
1466 502 1611 544 misera
1629 501 1709 543 vita

102 581 311 638 quicquam
344 586 407 622 est
427 578 691 636 praedicabile
717 586 786 620 aut
807 578 1081 635 gloriandum,
1128 592 1202 620 nec
1227 576 1267 618 in
1292 591 1339 619 ea
1355 609 1366 629 ,
1413 591 1514 633 quae
1542 591 1616 619 nec
1637 576 1709 618 mi-

104 670 198 700 sera
223 655 303 709 sit,
335 667 410 697 nec
430 655 563 696 beata.
625 652 681 695 Et
702 660 765 696 est
787 654 826 695 in
845 654 975 709 aliqua
999 654 1081 695 vita
1102 653 1367 710 praedicabile
1391 653 1539 709 aliquid
1561 660 1601 695 et
1623 653 1708 709 glo-

101 732 283 776 riandum
313 744 360 772 ac
391 743 486 787 prae
516 743 562 772 se
594 729 827 782 ferendum,
862 736 904 770 ιιι
933 727 1260 786 Epaminondas:

237 806 415 864 consiliis
444 808 593 846 nostris
623 807 709 846 laus
738 808 798 845 est
825 807 976 846 attonsa
1008 807 1228 854 Laconum,-

101 890 146 926 ut
173 878 418 938 Astjqanus‘:

197 1008 204 1011 .
235 960 278 998 A
305 958 387 998 sole
416 960 614 997 exoriente
641 971 761 1010 supra
790 958 955 996 Maeotis
978 957 1143 1009 paludes

296 1035 416 1073 Nemo
446 1039 527 1080 est,
562 1035 633 1085 qui
645 1034 773 1086 sactis
802 1035 1053 1085 aequiperare
1083 1039 1210 1085 queat.

98 1115 172 1152 50.
207 1106 325 1164 Quod
359 1107 394 1149 si
423 1113 509 1159 est,
556 1106 671 1148 beata
696 1107 776 1150 vita
798 1107 1006 1162 glorianda
1032 1114 1072 1148 et
1097 1105 1360 1163 praedicanda
1390 1113 1430 1147 et
1453 1117 1548 1162 prae
1579 1117 1624 1145 se
1645 1103 1702 1144 se-

386 1181 501 1224 Nihil
528 1189 591 1224 est
615 1182 719 1224 enim
743 1183 847 1224 aliud
863 1214 874 1235 ,
924 1183 1025 1238 quod
1050 1182 1356 1239 praedicandum
1390 1188 1430 1222 et
1454 1193 1547 1237 prae
1579 1192 1624 1220 se
1647 1179 1704 1220 fe-

1452 1254 1506 1297 Et
1526 1254 1701 1310 quidem,

99 1185 224 1229 reuda
247 1190 325 1226 est.

97 1261 263 1304 rendum
288 1259 356 1302 sit.
420 1256 577 1313 Quibus
597 1258 735 1314 positis
751 1291 761 1310 ‚
807 1258 1020 1314 intelligis,
1067 1258 1159 1313 quid
1183 1264 1387 1313 sequatur.

97 1336 173 1379 nisi
197 1349 245 1378 ea
269 1326 353 1377 vita
373 1335 492 1377 beata
510 1341 597 1386 est,
631 1347 733 1390 quae
761 1340 822 1374 est
842 1333 980 1374 eadem
1007 1333 1200 1385 lionesta3
1244 1333 1297 1374 sit
1317 1333 1422 1374 aliud
1449 1343 1616 1373 necesse
1641 1337 1704 1371 est

96 1411 238 1455 melius
267 1411 349 1452 vita
370 1410 503 1452 beata.
567 1408 684 1464 Quod
710 1408 787 1450 erit
808 1408 913 1450 enim
939 1408 1147 1450 honestum
1163 1440 1174 1459 ,
1222 1415 1332 1450 certe
1356 1407 1585 1449 fatebuntur
1609 1418 1701 1446 esse

96 1487 254 1530 melius.
316 1483 380 1528 lta
404 1484 482 1527 erit
505 1483 623 1526 beata
645 1484 726 1526 vita
747 1484 887 1525 melius
911 1484 1083 1540 aliquid3
1132 1499 1208 1540 quo
1234 1483 1325 1540 quid
1350 1489 1481 1540 potest
1508 1481 1583 1522 dici
1611 1494 1701 1537 per-

95 1562 284 1605 versius?
344 1558 481 1615 Quid?
523 1574 641 1615 quum
666 1561 842 1601 fatentur
873 1560 972 1602 satis
999 1574 1184 1616 magnam
1218 1559 1298 1602 vim
1323 1572 1413 1600 esse
1446 1557 1484 1598 in
1513 1555 1621 1597 vitiis
1654 1555 1702 1596 ad

95 1637 283 1680 miseram
321 1635 468 1687 vitam,
526 1649 659 1677 nonne
691 1635 892 1676 fatendum
930 1643 1015 1689 est,
1069 1635 1235 1677 eandem
1270 1634 1351 1676 vim
1385 1633 1575 1674 virtutum
1610 1643 1701 1672 esse

95 1712 146 1771 ad
174 1713 332 1756 beatam
362 1707 521 1754 vitam?
563 1709 857 1752 contrariorum
889 1710 994 1752 enim
1037 1709 1238 1752 contraria
1271 1715 1364 1751 sunt
1394 1706 1698 1764 consequentia.

163 1837 231 1868 sine
250 1836 417 1868 alacritate
433 1835 518 1877 ulla]
540 1835 699 1867 Alacritas
716 1831 750 1864 h.
763 1831 786 1864 l.
810 1843 879 1864 non

97 1880 228 1926 vulgari
261 1880 432 1913 sententia
447 1905 457 1920 ,
505 1878 567 1912 sed
605 1878 648 1910 de
686 1877 879 1910 Stoicorum

95 1934 211 1960 mente
228 1925 450 1970 intelligenda
470 1931 522 1958 est
534 1951 542 1965 ,
569 1931 606 1957 ut
624 1924 668 1956 sit
686 1925 806 1957 laetitia
825 1934 880 1965 ye-

94 1976 213 2015 saierus,
240 1972 290 2005 uti
310 1983 412 2017 supra
433 1973 491 2005 1V.
517 1983 546 2004 c.
563 1968 597 2004 4.
617 1969 650 2004 6.
672 1969 712 2004 7:
743 1971 879 2011 profusa

94 2021 253 2054 hilaritas.
267 2030 297 2052 c.
311 2017 370 2053 16:
394 2020 503 2052 inanis
520 2019 684 2050 alacritas.
697 2028 725 2048 c.
738 2015 801 2050 33:
823 2026 879 2048 est-

94 2068 218 2099 sultans
240 2067 434 2107 gestiensque
461 2066 594 2097 laetitia.
618 2063 675 2095 lv.
697 2059 759 2096 14:
793 2064 878 2095 inso-

95 2114 162 2145 lens
183 2113 348 2144 alacritas.
369 2123 398 2144 c.
418 2110 479 2145 17:
505 2111 661 2143 alac-ritas
683 2110 795 2150 sutilis.

170 2157 250 2190 en.
270 2157 382 2190 XVII.
417 2155 474 2190 49.
508 2159 570 2189 Nec
599 2158 633 2189 in
654 2157 772 2188 misera
795 2153 878 2198 vita]

95 2203 171 2237 Nec
188 2204 225 2237 in
245 2203 366 2236 misera
387 2202 470 2241 vita,
495 2214 559 2235 nec
577 2201 612 2234 in
633 2213 683 2242 ea,
709 2212 794 2245 quae
815 2211 879 2233 nec

97 2249 219 2283 misera
250 2249 316 2290 sit,
358 2260 423 2282 nec
455 2248 576 2288 beata,
619 2247 798 2292 quicquam
825 2253 878 2279 est

94 2295 341 2341 praedicabile:
367 2294 462 2341 atqui
475 2294 512 2327 id
527 2294 644 2338 negari
660 2293 788 2338 nequit.
807 2305 878 2325 esse

93 2342 129 2375 in
164 2341 403 2375 nonnullorum
441 2341 617 2374 hominum
650 2339 880 2384 praedicabile

94 2387 242 2433 aliquid:
287 2387 326 2420 id
361 2386 616 2432 (praedicabile)
655 2386 758 2430 igitur
794 2384 879 2417 nihil

96 2434 190 2468 aliud
210 2440 326 2479 potest
349 2445 441 2475 oese,
467 2433 531 2466 nisi
553 2433 623 2466 vita
643 2433 753 2465 beata.
799 2431 880 2463 Vita

97 2488 212 2515 autem
234 2481 354 2522 beata,
380 2491 466 2525 quae
487 2478 725 2523 praedicetur,
760 2477 880 2510 eadem

98 2534 152 2561 est
169 2527 333 2566 honesta}
358 2526 452 2571 quod
474 2525 538 2558 nisi
562 2531 624 2564 est,
649 2523 740 2558 aliud
761 2523 880 2556 melius

96 2585 170 2606 esse
192 2571 264 2607 vita
286 2572 389 2606 beata
410 2576 548 2605 necesse
573 2577 644 2604 est:
678 2570 746 2603 hoc
764 2576 878 2602 autem

96 2619 215 2653 melius
235 2625 327 2653 certe
342 2618 407 2653 erit
421 2619 621 2652 honestum:
647 2617 698 2649 ita
719 2616 784 2649 erit
801 2627 877 2648 me—

95 2665 160 2698 lius
190 2665 317 2710 aliquid
350 2676 451 2712 quam
483 2664 555 2696 vita
578 2664 700 2696 beata:
739 2669 794 2703 at,
829 2662 878 2694 nti

97 2722 200 2756 supra
212 2711 482 2745 demonstratum
499 2717 561 2752 est,
585 2715 721 2754 praeter
740 2709 878 2742 beatam

97 2755 204 2790 vitam
234 2757 319 2791 nihil
338 2757 430 2791 aliud
453 2763 525 2797 est,
559 2755 652 2801 quod
673 2755 878 2800 praedican—

98 2801 180 2835 dum
199 2803 256 2836 sit.
300 2804 392 2848 Ergo
420 2803 602 2837 honestum
628 2802 760 2846 (virtus)
786 2800 878 2834 idem

98 2853 152 2880 est
172 2847 245 2882 vita
259 2848 360 2884 beata
372 2875 382 2892 ,
412 2856 448 2883 et
468 2849 541 2882 vita
563 2849 665 2882 beata
687 2847 807 2881 eadem
827 2853 878 2880 est

98 2893 293 2927 honestum.

177 2941 396 2984 aloriandum]
435 2940 613 2975 transitive
648 2940 777 2973 dictum
790 2964 799 2979 ,
843 2944 880 2970 ut

99 2984 215 3031 paullo
238 2991 319 3031 post
339 2987 445 3030 §.502
480 2987 582 3020 beata
609 2985 680 3020 vita
709 2985 881 3028 9lorianda

915 1839 950 1865 et
977 1831 1215 1876 praedicanda.
1264 1830 1327 1863 Hie
1360 1841 1437 1862 usus
1471 1829 1551 1862 inde
1586 1827 1697 1872 expli-

915 1878 1059 1918 candus,
1086 1877 1177 1922 quod
1199 1888 1440 1921 nonnunquam
1456 1878 1575 1918 glorior
1595 1874 1697 1908 etiam

915 1936 990 1958 cum
1012 1924 1204 1958 accusativo
1230 1923 1446 1957 construitur.
1496 1922 1549 1954 Cf.
1577 1932 1639 1954 nos
1660 1920 1696 1954 iu

916 1971 975 2004 Gr.
998 1972 1038 2003 L.
1060 1971 1091 2015 ᾗ.
1107 1971 1181 2005 131.
1202 1970 1284 2003 Not.
1297 1968 1330 2003 9.
1354 1969 1475 2014 p.307.
1495 1967 1548 2001 ed.
1558 1968 1590 2001 2.

980 2032 1015 2061 ut
1038 2026 1295 2071 Epaminondas]
1321 2039 1367 2060 sc.
1389 2025 1432 2059 de
1450 2038 1486 2059 se
1508 2024 1694 2070 praedicat.

914 2074 1073 2107 Similiter
1099 2074 1142 2107 de
1159 2073 1271 2106 Divin.
1290 2074 1315 2105 Ι.
1332 2072 1388 2111 33,
1409 2070 1473 2105 7⁴2:
1498 2072 1563 2105 alia
1584 2078 1695 2104 autem

913 2121 1025 2153 subito
1051 2133 1091 2153 ex
1112 2128 1268 2163 ternpore
1293 2118 1488 2152 coniectura
1520 2117 1697 2162 explican-

912 2174 987 2208 tur,
1013 2172 1047 2200 ut
1068 2166 1159 2212 apud
1181 2167 1366 2199 Homerum
1393 2167 1529 2198 Calchas
1552 2170 1610 2209 (se.
1633 2176 1694 2196 ex-

913 2213 1054 2258 plicat),
1091 2213 1147 2257 qui
1178 2224 1218 2245 ex
1247 2223 1420 2256 passerum
1453 2222 1593 2244 numero
1614 2209 1694 2243 belli

914 2259 1056 2294 Troiani
1078 2270 1184 2292 annos
1209 2264 1388 2302 auguratus
1414 2264 1476 2290 est.

985 2317 1146 2359 Consiliis]
1175 2317 1303 2349 Graece
1327 2327 1381 2360 ap.
1402 2315 1571 2348 Plutarch.
1594 2316 1635 2348 T.
1651 2315 1693 2346 11.

914 2376 948 2407 p.
964 2362 1062 2397 1098.
1097 2362 1146 2395 sic
1179 2362 1303 2406 legitur
1334 2373 1468 2394 versus:
1509 2358 1695 2404 ἡμετέραις

916 2411 1053 2454 βουλαῖς
1076 2407 1224 2451 Σπάρτη
1251 2407 1311 2452 μὲν
1339 2406 1494 2450 ἐκείρατο
1517 2404 1630 2448 δόξαν.

984 2459 1009 2488 A
1034 2457 1112 2498 sole]
1139 2455 1239 2488 Ennii
1262 2454 1442 2487 distichon.

983 2515 1205 2555 aequiperare}
1233 2515 1289 2545 Or.
1313 2524 1342 2544 c.
1364 2511 1453 2555 vulg.
1476 2521 1526 2544 me
1548 2512 1695 2552 aequipe-

912 2569 1007 2601 rare,·
1040 2559 1102 2592 sed
1125 2571 1226 2604 quum
1249 2557 1369 2602 optimi
1392 2556 1491 2590 codd.
1517 2567 1567 2590 me
1591 2555 1695 2589 omit-

911 2612 1008 2643 tant,
1043 2605 1172 2643 delevi,
1198 2610 1381 2649 praeeunte
1403 2605 1527 2635 Klotzio
1548 2602 1582 2634 in
1606 2601 1694 2634 Add.

912 2663 947 2696 p.
967 2651 1063 2691 191.,
1100 2651 1156 2696 qui
1180 2662 1290 2694 comp.
1314 2650 1438 2682 Pacuv.
1465 2659 1520 2691 ap.
1545 2648 1695 2680 Nonium

912 2709 946 2741 p.
958 2696 1038 2737 307,
1053 2697 1092 2731 11
1106 2710 1112 2729 t
1140 2697 1192 2740 „si
1207 2696 1256 2728 ita
1273 2701 1351 2727 sunt
1366 2694 1551 2739 promerita
1570 2700 1695 2734 vestra,

913 2744 1132 2788 aequiperare
1152 2749 1188 2774 ut
1209 2745 1365 2785 queam‚“
1389 2740 1446 2772 ubi
1466 2739 1594 2783 pariter
1613 2751 1695 2772 ver-

911 2789 991 2822 bum
1014 2790 1244 2830 aequiperandi
1274 2786 1401 2819 nullum
1427 2797 1539 2818 casum
1570 2785 1695 2819 adiun-

915 2842 1005 2868 ctum
1028 2835 1142 2868 habet.

982 2893 1038 2926 50.
1063 2891 1308 2933 contrariorum]
1332 2889 1465 2932 „Sicuti
1484 2889 1624 2923 enimin
1643 2890 1694 2923 vi-

912 2938 969 2970 tiis
990 2938 1112 2970 misera
1131 2936 1203 2968 vita
1223 2947 1296 2968 esse
1314 2935 1494 2977 statuitur,
1518 2936 1565 2970 ita
1586 2936 1691 2970 virtus

915 2983 982 3017 dici
1006 2989 1120 3027 potest
1144 2982 1281 3016 efficere
1304 2981 1410 3016 vitam
1431 2983 1602 3018 beatam.“
