1859 3117
640 62 811 96 111333
836 64 863 98 1.
890 62 956 106 12,
980 62 1037 98 27.
1575 55 1629 99 57

45 155 184 208 poteS,
226 147 380 190 animos
417 157 626 187 remanere
652 150 743 199 post
768 150 960 187 mortem:
1004 151 1109 197 tum,
1140 144 1174 186 si
1199 143 1328 186 minus
1351 144 1389 186 id
1414 144 1628 200 obtinebis,

45 225 130 279 (est
154 223 257 266 enim
282 221 444 264 arduum
457 219 488 274 ι)
520 218 705 270 docebis,
739 231 875 259 carere
904 219 1009 259 omni
1034 219 1136 260 malo
1164 226 1347 261 mortem.
1408 218 1498 275 Ego
1527 221 1634 261 enim

45 299 151 341 istud
184 299 310 355 ipsum
329 308 475 338 vereor
500 308 550 335 ne
570 293 715 334 malum
740 292 815 344 sit,
834 307 928 333 snon
953 293 1039 334 dico
1063 308 1200 335 carere
1225 308 1369 346 sensu,
1403 296 1472 335 sed
1493 309 1634 336 caren-

47 374 138 415 dum
167 386 272 415 esse.
334 369 403 412 M.
435 368 680 410 Auctoribus
713 367 867 422 quidem
902 367 951 407 ad
985 367 1098 409 istam
1130 369 1391 420 sententiam,
1426 383 1542 424 quam
1571 369 1634 411 vis

47 446 241 498 obtineri,
281 445 339 487 uti
360 443 516 500 optimis
538 457 771 499 possumusz
813 442 915 497 quod
944 442 984 482 in
1011 443 1190 484 omuibus
1216 443 1366 484 caussis
1391 450 1430 484 et
1453 443 1570 484 debet
1594 450 1636 485 et.

47 522 152 565 solet
167 522 304 565 valere
323 519 555 576 plurimum3
588 524 629 558 et
648 517 815 573 primum
838 513 993 571 quidem
1018 517 1122 557 omui
1144 518 1374 573 antiquitate
1390 549 1400 569 ,
1435 532 1535 574 quae
1558 532 1635 574 quo

49 597 211 654 propius
235 596 374 638 aberat
399 593 446 635 ab
472 599 563 634 ortu
594 599 634 633 et
659 591 793 632 divina
824 591 1039 647 progenie,
1084 590 1158 632 hoc
1194 592 1334 633 melius
1368 606 1415 633 ea
1446 593 1633 644 fortasse,

49 685 150 728 qnae
175 678 288 713 erant
312 683 436 721 vera,
469 666 672 708 cernebat.
735 672 805 708 27.
839 663 977 721 Itaque
997 680 1116 707 unum
1144 665 1238 706 illud
1266 673 1350 707 erat
1373 667 1532 708 insitum
1557 667 1638 723 pri-

52 747 131 790 scis
155 746 247 797 illis,
280 757 378 800 quos
401 755 553 785 cascos
574 740 742 797 appellat
760 738 933 791 Ennius,
968 753 1058 781 esse
1079 740 1121 781 in
1143 747 1269 781 morte
1289 754 1449 782 sensum
1466 775 1476 794 ,
1509 755 1638 797 neque

52 834 222 862 excessu
242 819 350 862 vitae
383 817 440 859 sic
474 816 598 858 deleri
624 815 847 866 hominem,
881 822 925 856 ut
948 815 1121 856 funditus
1142 814 1348 866 interiret,
1380 816 1495 871 idque
1522 831 1640 871 quum

51 895 184 937 multis
205 894 293 936 aliis
315 893 434 935 rebus
450 925 461 945 ,
507 898 589 932 tum
620 905 641 932 e
663 890 862 946 pontificio
881 890 968 931 iure
991 897 1028 931 et
1050 903 1070 930 e
1095 889 1345 931 caerimoniis
1368 891 1641 947 sepulcrorum

51 969 217 1026 intelligi
241 970 357 1020 licet,
402 981 499 1023 quas
527 966 711 1007 maximis
736 965 906 1020 ingeniis
935 963 1101 1020 praediti
1134 978 1207 1005 neo
1242 971 1350 1005 tanta
1377 979 1470 1007 cura
1494 965 1640 1008 coluis-

56 1051 169 1096 sent,
212 1058 287 1085 nec
320 1043 488 1098 violatas
521 1048 598 1081 tam
622 1039 853 1095 inexpiabili
881 1039 1075 1094 religione
1101 1038 1353 1090 sanxissent,
1395 1040 1472 1081 nisi
1500 1040 1642 1082 haere-

52 1125 117 1161 ret
144 1119 185 1160 in
213 1132 348 1159 eorum
375 1116 596 1166 mentibus,
641 1121 808 1155 mortem
841 1128 918 1154 non
940 1100 1139 1154 interitum
1173 1127 1263 1154 esse
1285 1115 1413 1155 omnia
1439 1115 1642 1156 tollentem

55 1201 170 1248 atque
194 1193 413 1242 delentem,
448 1190 516 1231 sed
546 1188 736 1244 quandam
769 1188 881 1242 quasi
909 1188 1183 1243 migrationem
1218 1189 1641 1244 commutationemque

54 1266 188 1320 vitae,
220 1279 320 1332 quae
343 1265 385 1306 in
408 1263 525 1306 claris
546 1262 643 1304 viris
665 1269 704 1303 et
732 1262 887 1303 feminis
919 1262 1001 1303 dux
1029 1263 1070 1303 in
1099 1263 1250 1304 caelum
1275 1264 1424 1305 soleret
1450 1278 1567 1317 esse,
1598 1264 1642 1305 in

55 1375 194 1409 lentiam
213 1374 380 1420 quandam
400 1373 487 1407 etin
503 1373 627 1406 bonam
649 1379 683 1405 et
699 1372 732 1405 in
754 1384 830 1405 ma-
864 1373 908 1405 H.
934 1384 962 1406 e.
988 1384 1050 1405 nec
1074 1372 1282 1413 sanxissent,
1309 1380 1365 1411 ut,
1396 1373 1423 1405 si
1447 1373 1501 1418 qui
1525 1373 1642 1417 sepul-

55 1422 122 1455 lam
154 1429 284 1466 partem
316 1421 500 1464 significat:
545 1431 623 1452 nam
657 1419 748 1463 quod
779 1425 831 1451 est
867 1430 998 1451 crorum
1022 1419 1238 1452 caerimonias
1259 1420 1461 1460 1101353601,
1499 1419 1642 1463 culpam,

57 1479 158 1500 unum
177 1468 210 1500 in
231 1446 364 1511 aliquat³
361 1478 416 1505 re,
439 1466 475 1498 id
498 1466 569 1498 fere
594 1471 643 1497 est
665 1465 831 1508 singulare

56 1521 157 1557 atque
179 1513 344 1546 eximium.
382 1492 450 1544 c'fr.
474 1519 626 1544 nostrum
644 1514 754 1552 einziy.
788 1511 830 1542 V

57 1560 229 1593 Adnotata
256 1559 291 1591 in
322 1559 364 1592 ΙΙ.
392 1556 533 1597 13,43.
594 1558 665 1589 Hac
697 1557 730 1589 vi
758 1557 829 1588 fre-

58 1605 274 1649 quentissime
311 1604 378 1636 hoc
413 1603 612 1636 vocabulum
655 1602 832 1645 coniungi—

57 1658 114 1684 tur
134 1663 208 1684 cum
228 1649 446 1694 superlativis.
482 1650 523 1682 V.
545 1648 744 1682 Adnotata
735 1661 769 1681 111
789 1650 832 1680 11.

59 1697 122 1738 26,
146 1697 202 1730 64.

126 1753 234 1776 cascos
262 1744 401 1783 appellat
426 1740 562 1785 Ennius]
598 1741 706 1772 Varro
729 1740 768 1772 L.
792 1740 833 1771 L.

61 1800 94 1833 p.
105 1787 160 1821 86.
180 1788 233 1820 ed.
257 1789 328 1840 Bip.
355 1787 443 1832 (Lib.
465 1788 536 1819 VII.
562 1798 595 1830 p.
609 1787 687 1819 315.
722 1788 833 1829 Spen-

61 1834 160 1878 gel.:)
195 1835 240 1866 Et
259 1834 402 1878 primum
434 1843 561 1865 cascum
588 1831 751 1875 siguificat
772 1843 832 1863 ve-

61 1886 133 1919 tus3
167 1880 236 1912 eius
260 1880 354 1923 origo
378 1878 511 1918 sabina,
546 1889 629 1928 quae
655 1889 756 1920 usque
777 1888 834 1908 ra-

62 1925 152 1958 dices
182 1925 217 1958 in
250 1937 362 1958 oscam
394 1924 541 1968 linguam
573 1923 650 1966 egit.
702 1925 836 1955 Cascum

61 1977 158 2003 vetus
177 1983 269 2011 esse,
293 1970 458 2014 significat
477 1968 620 2006 Ennius,
648 1979 746 2010 quum
769 1966 833 1998 ait:

64 2019 169 2057 Quam
185 2020 323 2058 primum
344 2017 427 2048 casei
444 2016 553 2055 populi
570 2022 701 2054 genuere
719 2014 836 2044 Latini.

64 2061 191 2094 Gellius
224 2063 268 2094 N.
292 2065 331 2093 A.
360 2063 392 2099 1,
419 2060 480 2092 10:
520 2058 724 2090 Adolescens
750 2068 837 2090 casce

67 2107 164 2140 nimis
186 2114 221 2139 et
244 2113 372 2138 vetuste
394 2105 544 2148 loquenS.

131 2162 147 2184 e
166 2153 326 2193 pontificio
348 2154 415 2183 iure
438 2154 466 2183 et
486 2161 500 2182 e
521 2160 604 2183 caer.
626 2151 706 2192 sep.]
733 2150 836 2181 Prae-

65 2197 190 2242 positio
223 2197 256 2229 in
288 2196 425 2240 singulis
457 2207 540 2239 quae
574 2195 727 2239 copulata
759 2201 836 2227 sunt

66 2243 221 2276 membris
242 2243 427 2294 repetitu-1,
452 2253 553 2285 quum
576 2252 690 2273 eorum
714 2253 836 2273 unum-

67 2289 223 2341 quodque
256 2288 434 2332 separatim
467 2286 681 2330 cogitandum
703 2293 738 2319 et
762 2299 836 2319 cum

66 2334 102 2367 vi
124 2333 265 2378 quadam
289 2333 493 2366 eflerendum
518 2340 580 2373 est,
605 2339 640 2364 ut
660 2330 834 2374 111.-'}‚cs:

65 2381 150 2413 haec
172 2380 289 2419 omnis,
313 2391 398 2423 quae
419 2385 470 2411 est
493 2381 531 2411 de
547 2378 621 2411 vita
645 2385 680 2410 et
702 2380 739 2410 de
760 2390 836 2411 mo-

65 2426 178 2468 ribus,
201 2425 424 2470 philosophia.
462 2436 489 2457 c.
511 2423 566 2463 21,
591 2424 655 2456 50:
680 2424 738 2463 ita,
763 2436 839 2457 cre-

66 2472 131 2512 do,
156 2474 195 2504 de
218 2472 346 2503 honore
372 2477 430 2502 aut
450 2472 488 2502 de
509 2468 673 2512 dignitate
695 2477 839 2502 conten-

67 2517 186 2550 dimus.
222 2517 374 2549 Contra'
364 2529 397 2548 m
411 2515 520 2560 primo
538 2522 669 2547 tantum
689 2516 840 2549 membro

68 2562 223 2607 ponitur,
249 2574 349 2606 quum
369 2561 498 2605 singula
518 2561 696 2593 membra
687 2573 720 2593 m
742 2573 840 2594 unam

71 2608 162 2653 quasi
184 2608 357 2640 notionem
379 2607 579 2640 coalescunt.
631 2607 682 2639 Cf.
702 2609 840 2640 Kilhner.

70 2654 112 2686 L.
139 2654 196 2686 Gr.
222 2654 251 2697 ξδ’.
266 2654 339 2687 117.
373 2654 454 2686 Not.
471 2653 503 2686 2,
529 2664 562 2696 p.
575 2651 705 2696 238sq.
732 2653 783 2685 ed.
806 2654 840 2686 2.

72 2698 128 2731 Sic
151 2710 281 2751 semper
310 2698 345 2731 in
367 2699 473 2731 altero
496 2698 644 2730 membro
675 2699 842 2731 omittitur

73 2744 288 2787 praepositio,
313 2756 412 2787 quum
435 2744 470 2775 id
491 2743 595 2788 priori
619 2743 710 2787 quasi
733 2744 842 2788 expli—

76 2789 214 2822 cationis
245 2801 358 2822 caussa
387 2789 539 2822 additum
573 2796 633 2822 est.
686 2790 779 2822 Infra
802 2791 843 2822 V.

79 2833 132 2873 14,
152 2832 214 2867 41:
241 2837 274 2867 in
293 2838 396 2868 labore
411 2846 449 2868 ac
467 2837 591 2868 dolore:
614 2834 694 2867 hinc
712 2847 845 2878 semper

78 2880 112 2910 in
132 2880 192 2919 fide
209 2883 236 2911 et
254 2883 396 2913 amicitia
413 2891 487 2913 esse.
526 2882 575 2912 De
594 2881 846 2924 praepositione

77 2925 158 2956 inter
178 2923 266 2957 infra
288 2925 332 2957 ad
353 2927 411 2958 IV.
438 2923 500 2965 14,
524 2926 580 2958 32.
605 2926 765 2959 dicemus.

147 2978 201 3002 noc
232 2971 367 3003 violatas
400 2990 445 2996 ——
475 2973 625 3013 reliyione
656 2973 847 3014 sanxissent]

867 1476 950 1509 quae
968 1465 1060 1498 nullo
1081 1466 1212 1509 piaculo
1236 1466 1320 1497 solvi
1342 1473 1476 1517 posset,
1504 1473 1643 1498 contra-

866 1511 952 1543 xisse
971 1518 1178 1554 putarentur.
1214 1514 1334 1553 Religio
1354 1512 1440 1543 enim
1462 1519 1513 1543 est
1535 1511 1642 1555 culpa,

867 1568 972 1601 quae,
1009 1569 1108 1601 quum
1134 1557 1313 1600 religiones
1336 1558 1521 1598 violantur,
1557 1569 1642 1589 cou-
1690 1564 1693 1569 “

866 1603 1018 1637 trahitur.
1058 1604 1099 1635 N.
1122 1605 1163 1636 D.
1182 1605 1222 1635 ΙΙ.
1245 1601 1284 1636 4:
1310 1603 1361 1635 vir
1381 1583 1643 1646 sapientissimus

866 1669 913 1674 ——
935 1656 1109 1693 peccatum
1139 1661 1233 1681 suum
1256 1668 1301 1673 ———
1327 1649 1480 1680 confiteri
1512 1648 1642 1689 maluit,

868 1707 966 1739 quarn
992 1695 1131 1727 haerere
1158 1695 1193 1726 in
1217 1706 1252 1726 re
1278 1695 1409 1737 publica
1434 1694 1642 1737 religionem.

936 1743 1087 1783 haereret]
1110 1740 1311 1782 praegressis
1330 1742 1492 1772 coluissent
1514 1747 1548 1771 et
1568 1751 1645 1772 san-

867 1789 1002 1826 xissent,
1029 1786 1242 1829 exspectabas
1264 1787 1422 1825 haesisset,
1446 1797 1553 1829 neque
1578 1786 1645 1817 ali-

867 1839 920 1864 ter
945 1832 1044 1874 vulgo
1065 1831 1205 1874 legitur3
1231 1837 1267 1862 at
1290 1831 1385 1862 male.
1422 1831 1533 1863 Verba
1556 1832 1645 1863 enirn

867 1879 929 1909 nisi
959 1879 1097 1909 haereret
1127 1876 1319 1908 referuntur
1351 1876 1393 1908 ad
1426 1876 1509 1908 illud
1535 1877 1645 1920 ipsum

869 1929 1022 1965 tempus,
1048 1934 1112 1966 quo
1136 1921 1235 1966 prisci
1258 1922 1398 1954 Romani
1428 1923 1645 1955 caerimonias

871 1979 999 2000 summa
1034 1980 1111 2000 cura
1149 1967 1313 2001 colebant.
1375 1968 1469 2000 Lael.
1509 1980 1536 2000 c.
1572 1969 1643 2001 IV:

874 2014 1028 2055 (maiores
1060 2013 1179 2055 nostri)
1214 2014 1352 2046 mortuis
1385 2021 1455 2045 tam
1490 2014 1646 2058 religiosa

870 2059 941 2090 iura
958 2059 1165 2091 tribuerunt:
1192 2059 1282 2103 quod
1298 2071 1364 2092 non
1381 2060 1541 2092 fecissent
1562 2072 1646 2104 pro—

871 2105 984 2145 fecto,
1008 2105 1036 2137 si
1061 2105 1143 2137 nihil
1167 2106 1211 2137 ad
1234 2117 1290 2138 eos
1317 2106 1485 2149 pertinere
1508 2109 1646 2138 arbitra-

869 2161 912 2183 re
914 2155 987 2183 ztur
1035 2151 1126 2183 Infia
1150 2163 1176 2183 6
1197 2151 1253 2191 37,
1278 2151 1332 2185 59.
1381 2153 1422 2184 V.
1444 2154 1583 2184 Kiihner.
1604 2153 1645 2184 L.

874 2197 931 2229 Gr.
955 2197 985 2240 ᾗ.
1000 2194 1075 2251 154.
1111 2197 1229 2229 Not*
1216 2214 1240 2231 a.
1275 2209 1308 2240 p.
1323 2195 1400 2231 413.
1435 2197 1487 2229 ed.
1512 2201 1544 2230 2.
1592 2198 1647 2229 Sic

871 2254 1007 2285 graece.
1039 2237 1057 2276 ὃ
1085 2240 1146 2276 037.
1170 2256 1210 2277 α)
1234 2209 1306 2277 ἐπΙοί
1297 2255 1416 2286 ησα),
1443 2243 1472 2277 εἶ
1498 2242 1546 2287 μὴ
1571 2240 1623 2277 ἕπτ’)
1624 2261 1646 2266 -

873 2301 909 2332 μ’.
915 2290 965 2328 ζο)
995 2301 1026 2321 7..
1050 2301 1079 2322 τ.
1106 2290 1134 2323 λ.

939 2336 1103 2374 quandam
1135 2336 1240 2377 quasi]
1277 2335 1318 2368 V.
1342 2335 1513 2368 Adnotata
1536 2334 1579 2366 ad
1602 2334 1646 2365 11.

872 2377 914 2421 4,
943 2380 994 2412 11.

940 2428 1271 2467 commutationemque
1305 2429 1413 2468 vitae,
1453 2436 1533 2467 quae
1564 2424 1645 2468 etos]

872 2470 1061 2503 Relativum
1085 2482 1165 2512 quae
1192 2473 1407 2505 referendum
1432 2479 1482 2504 est
1510 2482 1578 2502 non
1603 2470 1648 2502 ad

875 2517 1171 2549 commutationem
1192 2518 1301 2557 vitae,
1327 2518 1386 2549 sed
1413 2517 1455 2549 ad
1478 2527 1578 2548 unum
1601 2518 1648 2547 vi-

874 2567 934 2595 lae.
982 2563 1060 2595 Vita
1083 2575 1100 2594 e
1122 2563 1253 2596 virtutis
1275 2563 1462 2607 praeceptis
1491 2568 1565 2593 acta
1591 2560 1645 2592 di-

876 2609 962 2641 citur
980 2620 1052 2640 esse
1075 2608 1171 2640 dux
1162 2621 1196 2640 111
1219 2610 1362 2642 caelum;
1389 2609 1456 2639 vita
1476 2606 1648 2639 hominum

874 2654 964 2686 vitiis
988 2666 1027 2686 ac
1044 2654 1275 2706 'voluptatibus
1309 2653 1496 2685 deditorum
1528 2652 1649 2685 dieitur

875 2699 967 2732 humi
989 2699 1126 2732 retineri
1148 2707 1181 2731 et
1200 2710 1394 2743 permanere
1416 2705 1540 2737 tamen,
1565 2698 1596 2730 h.
1619 2710 1648 2731 e.

875 2745 945 2778 vita
968 2745 1129 2778 eiusmodi
1150 2745 1319 2777 hominurn
1340 2744 1439 2774 etiarn
1460 2750 1538 2786 post
1556 2755 1650 2776 mor—

876 2798 947 2823 tem
960 2791 993 2822 in
1009 2791 1059 2823 his
1078 2791 1174 2823 terris
1195 2790 1415 2827 continuatur,
1440 2789 1514 2832 quia
1535 2800 1649 2822 eorum

878 2836 996 2876 animi,
1032 2836 1203 2869 terrestria
1229 2833 1426 2877 amplexati,
1462 2835 1497 2867 in
1522 2835 1650 2868 caelum

880 2882 1014 2914 evolare
1038 2893 1105 2914 non
1125 2887 1274 2923 possunt,
1299 2879 1356 2911 sed
1383 2879 1504 2913 circum
1524 2888 1649 2914 terram

881 2928 1093 2965 volutantur,
1119 2926 1165 2957 ita
1184 2931 1295 2957 tamen
1308 2949 1318 2963 ,
1342 2932 1378 2957 ut
1398 2937 1436 2958 63
1456 2938 1524 2960 11011
1544 2927 1650 2960 altera

882 2979 991 3005 morte
1005 2971 1241 3014 exstinguatur,
1262 2970 1321 3003 sed
1335 2979 1538 3016 permaneat.
1568 2975 1650 3006 Sen-
