1843 3101
197 86 280 130 260

199 190 289 219 men
310 176 351 217 iu
374 177 432 217 eis
452 175 547 231 ipsis
569 175 766 230 potiundis
789 175 993 217 exsultans
1013 175 1266 230 gestiensque
1286 173 1433 215 laetitia
1456 173 1580 230 turpis
1603 159 1678 226 est,
1712 182 1770 227 ut,

199 251 234 292 si
251 250 379 292 ridere
402 262 632 290 concessum
653 250 725 300 sit,
757 250 1002 305 vituperetur
1023 256 1152 290 tamen
1172 248 1435 290 cachinnatio.
1495 246 1649 289 Eodem
1669 248 1773 289 enim

200 325 297 367 vitio
329 330 390 364 est
417 323 558 364 effusio
587 323 705 364 animi
739 323 779 364 in
800 323 974 375 laetitia,
1016 337 1092 378 quo
1116 323 1154 363 in
1179 323 1314 364 dolore
1334 322 1574 374 contractio,
1620 323 1774 363 cadem-

201 412 272 453 que
294 397 453 438 levitate
478 397 667 453 cupiditas
704 404 765 439 est
792 398 832 438 in
860 397 1101 454 appetendo,
1149 412 1225 452 qua
1250 396 1399 438 laetitia
1429 397 1469 437 in
1497 397 1686 448 fruendo,
1736 404 1775 438 et

201 479 244 512 ut
274 470 387 512 nimis
415 472 544 512 afflicti
573 472 776 523 molestia,
823 472 880 512 sic
915 472 1029 512 nimis
1063 472 1152 512 elati
1179 472 1326 512 laetitia
1361 471 1690 512 iureiudicantur
1719 471 1774 512 lc-

781 95 951 129 Lmnu
974 95 1030 129 1v.
1053 93 1118 136 31,
1142 92 1197 128 67.

204 559 288 587 ves.

201 627 344 676 ptatem
367 633 506 675 capere
525 619 720 661 lactitiae:

201 693 382 747 ponenda
405 693 589 748 castigari
617 694 733 735 solet.

202 774 287 819 cet3
334 767 391 808 sic
413 768 584 823 gaudere
613 769 746 819 decet,

202 856 226 883 a
248 841 389 897 gaudio
413 841 599 883 laetitiam
622 842 911 897 distinguimus.

204 916 434 957 tractionem
458 916 577 956 animi
596 923 704 956 recte
726 916 810 956 lieri
828 930 1026 970 nunquam
1050 929 1189 972 posse,
1223 915 1433 957 elationem
1453 929 1586 971 posse.

203 989 308 1031 enim
338 988 570 1030 Naevianus
602 989 665 1030 ille
697 989 841 1043 gaudet
872 988 1046 1030 Hector:

277 1128 384 1159 eodem
402 1130 483 1159 enim
504 1128 579 1159 vilio
601 1128 658 1169 est]
695 1127 865 1158 Ernestius
891 1126 976 1159 coni.

206 1174 312 1204 eodem
332 1175 414 1205 enim
436 1175 469 1204 in
489 1175 583 1204 vilio:
609 1172 698 1216 quod
720 1173 823 1204 miror
845 1172 979 1216 probari

207 1229 226 1249 a
248 1220 355 1250 Beiero
381 1218 424 1249 ad
448 1218 544 1249 offic.
568 1219 601 1256 Ι,
627 1218 681 1251 29.
704 1230 736 1261 p.
750 1218 825 1251 ΜΤ.
876 1218 979 1249 Recte

209 1263 343 1306 quidem
364 1263 485 1295 (licitur
508 1266 539 1295 in
560 1266 636 1295 vilio
656 1268 698 1296 est
729 1275 790 1306 pro
823 1263 978 1295 vitiosum

212 1315 282 1347 ent,
308 1316 343 1341 ut
359 1321 458 1352 supra
480 1310 535 1340 111.
556 1308 658 1345 9,19.
683 1309 779 1339 Finn.
794 1309 834 1341 V.
853 1309 903 1345 ll,
923 1310 977 1341 31.

210 1353 274 1385 Off.
294 1356 318 1386 Ι.
342 1354 382 1391 7,
405 1355 459 1387 23.
484 1353 543 1389 19,
566 1352 630 1391 623
656 1356 688 1385 in
712 1356 822 1385 eadem
842 1359 913 1385 sunt
933 1357 979 1386 in-

208 1402 341 1431 iustitia.
363 1399 407 1430 ib.
433 1396 483 1437 14,
505 1396 568 1434 433
599 1398 657 1430 sed
679 1399 750 1430 11.1.
773 1399 906 1430 ablativi
930 1409 979 1431 eo-

209 1446 281 1477 dem
302 1447 377 1476 vitio
400 1443 524 1487 pariter
550 1455 588 1474 ac
611 1455 701 1487 seqq.
728 1447 836 1476 eudem
858 1446 980 1476 levilule

211 1500 273 1532 pro
297 1489 449 1521 ablativis
467 1488 667 1532 qualitativis
685 1489 869 1532 accipiendi
891 1496 977 1521 sunt.

210 1536 316 1567 Recte
330 1537 457 1575 Wolfius
473 1534 635 1577 explicat:
662 1534 781 1567 eodem
798 1535 857 1579 (in)
875 1535 978 1577 gradu

209 1579 279 1613 vitii
303 1587 338 1612 et
359 1579 516 1612 levitatis.

276 1628 386 1667 effusio
411 1645 456 1649 —
482 1625 665 1669 contractio]
700 1625 791 1658 Lael.
819 1625 878 1664 13,
913 1623 974 1658 48·

207 1677 269 1711 „ut
302 1677 335 1702 et
368 1670 464 1703 bonis
497 1670 592 1702 amici
624 1670 716 1714 quasi
747 1673 979 1712 diffundantur,

208 1723 242 1749 et
256 1716 476 1749 incommodis
492 1718 750 1748 contrahantur.“
779 1719 883 1759 Supra
901 1729 928 1749 8.
943 1716 975 1755 6,

212 1759 271 1795 14:
308 1762 502 1806 animosque
526 1761 705 1794 demittunt
728 1769 761 1793 et
784 1765 978 1794 contrahunt.

208 1808 347 1840 Veteres
379 1808 523 1841 animum
559 1807 654 1839 luetis
688 1808 786 1839 rebus
823 1807 976 1847 dilluudi,

206 1852 356 1885 tristibus
379 1853 527 1885 contrahi
548 1853 718 1896 putabant.
760 1853 843 1884 Plat.
862 1855 976 1909 SJfflsp

208 1909 243 1941 p.
263 1897 340 1932 206.
364 1899 411 1930 D:
454 1896 554 1932 wa.»
586 1898 738 1941 tay-'722
741 1910 796 1932 τι·
816 1898 876 1932 καὶ
900 1896 975 1932 53-

207 1954 484 1988 φραινομενο
497 1956 512 1978 2
535 1947 774 1997 διαχεῖται
805 1946 978 1997 (diffundi-

208 1988 271 2031 tur)
292 2004 336 2012 -ι-
369 1985 569 2032 σκυθρωπόν
591 2000 628 2023 τε
651 1989 708 2022 καὶ
733 1990 816 2022 λυπ
830 2001 845 2023 0
859 2002 877 2023 υ
893 2002 918 2033 μ
932 2001 978 2023 ε-

209 2044 282 2066 νον
315 2044 366 2068 συ
382 2046 488 2069 σπε.
500 2035 580 2088 ρᾶτ
591 2046 630 2068 αν.
669 2035 887 2078 (contrahitur)
920 2035 978 2069 κα-

207 2073 429 2120 ἀποτρέπεται
442 2080 590 2115 καιανε
603 2080 786 2114 ίὶλεται.
811 2080 866 2112 818
878 2081 978 2112 etiam

207 2124 382 2158 διαστέλλε
367 2128 475 2166 σξῒαι,
497 2123 697 2160 διαλύεσὲαι
712 2132 745 2157 et
759 2132 875 2158 contra
890 2126 976 2160 συί-ι

209 2169 367 2202 στασὲαι.
403 2172 443 2202 V.
460 2173 706 2203 Stallbuumium
730 2171 772 2203 ad
792 2171 876 2204 Plat.
896 2171 976 2203 Phi-

209 2212 275 2245 leb.
297 2225 330 2257 p.
344 2211 400 2247 46
420 2218 458 2248 A.
480 2215 532 2249 ed.
559 2217 660 2248 Goth.
683 2228 715 2259 p.
728 2216 794 2249 ’66
810 2228 860 2260 sq.
873 2242 880 2255 ‚
921 2218 976 2261 qui

208 2265 288 2302 apte
310 2270 418 2303 comp.
440 2262 557 2292 Senec.
578 2272 628 2303 ep.
645 2260 726 2294 106:
761 2264 893 2302 frontem
918 2265 978 2295 ad-

207 2307 382 2346 stringant,
404 2316 446 2337 an
469 2307 582 2345 faciem
604 2308 797 2346 diffundant.
817 2310 876 2340 Ov.
893 2309 976 2340 Met.

211 2349 313 2390 XIV,
337 2349 424 2384 272:
448 2352 578 2391 diffudit
599 2353 712 2384 vulcus.

289 2397 401 2436 afflicti
421 2398 582 2435 molestia,
616 2398 660 2428 sic
689 2397 795 2438 nimis]
832 2398 976 2431 W'olfius

211 2447 246 2472 et
267 2440 407 2473 Orellius
437 2440 480 2473 de
501 2440 673 2483 ingeniosa
693 2441 835 2474 Bentleii
859 2444 976 2476 conie—

211 2491 322 2518 ctura:
348 2487 462 2528 afflicti
479 2489 603 2527 molbes,
625 2489 672 2518 ita
690 2489 783 2518 nimis
801 2487 977 2521 ediderunt

207 2533 321 2572 afflicti
342 2534 468 2573 molles,
502 2534 545 2564 sic
576 2534 670 2564 nimis
680 2541 691 2571 ,-
727 2531 787 2562 sed
808 2532 976 2575 vulgatam

208 2577 321 2617 afflicti
340 2579 481 2610 molestia
493 2577 527 2609 in
544 2577 717 2620 pristinam
737 2575 849 2608 sedem
870 2579 973 2610 redu-

209 2620 349 2653 cendam
361 2629 456 2654 acute
470 2621 617 2655 ostendit
627 2624 766 2655 Klotzius
776 2621 807 2653 in
823 2624 973 2661 Quaestt.

208 2665 297 2698 Tull.
321 2669 348 2699 Ι
366 2679 398 2710 p.
415 2667 479 2701 116
490 2680 539 2712 sq.
562 2667 628 2700 hoc
649 2668 721 2700 fere
743 2666 864 2699 modo·
898 2669 973 2700 Pri-

208 2722 299 2743 mum
333 2713 422 2744 enim
452 2713 486 2745 in
514 2713 571 2746 illa
603 2713 792 2746 coniectura
821 2712 973 2746 ostendat

163 2768 169 2771 ·
208 2767 270 2789 nos
289 2764 443 2801 oportet,
479 2759 570 2802 quod
586 2760 809 2792 membrorum
833 2764 971 2792 contra-

207 2801 333 2834 riorum
359 2803 563 2837 concinnitas
595 2816 665 2837 non
697 2809 748 2835 est
773 2803 968 2844 observata3

207 2857 285 2880 nam
305 2848 514 2882 substantivo
529 2852 650 2883 laetitia
667 2849 792 2883 nullum
812 2849 970 2882 substan·
1001 2853 1122 2884 vitabit.

206 2891 311 2925 tivum
343 2893 378 2926 in
407 2894 520 2939 priore
557 2896 706 2929 membro
741 2895 969 2938 responderet.

790 769 927 809 laetari
953 783 1031 810 non
1061 769 1196 819 (lecet,

974 849 1044 884 67.
1086 841 1186 883 Illud
1206 842 1283 882 iam
1307 855 1425 897 supra
1448 841 1640 894 diximus,
1685 856 1780 882 con-

359 543 414 586 Et
446 560 561 600 quum
585 546 762 587 invidere
783 546 1038 601 aegritudinis
1078 546 1151 596 sit3
1198 546 1309 586 malis
1342 551 1470 586 autem
1504 544 1643 586 alienis
1666 545 1775 586 volu-

764 627 970 675 utrumque
988 620 1229 660 immanitate
1264 627 1304 660 et
1322 619 1477 660 feritate
1504 619 1669 674 quadam
1687 633 1776 675 pro-

794 693 927 749 Atque
963 701 1005 734 ut
1031 694 1226 734 conlidere
1259 694 1394 744 decet,

1443 693 1582 734 timere
1606 707 1685 734 non
1711 694 1778 734 de-

1242 767 1425 822 quoniam
1450 757 1613 808 docendi
1639 780 1779 808 caussa
1832 806 1840 810 -

1647 915 1780 957 Aliter
1832 972 1834 975 y

1012 1126 1120 1169 gravis
1146 1127 1190 1170 (v,
1211 1127 1251 1159 ad
1268 1129 1293 1159 Ι.
1312 1123 1368 1170 40,
1383 1124 1475 1170 95.;)
1501 1124 1779 1170 quemadmodum

1012 1179 1121 1204 autem
1144 1173 1251 1215 gravis
1273 1171 1325 1204 vir
1346 1183 1398 1204 res
1423 1171 1576 1204 adversas
1607 1171 1780 1203 moderate

1013 1219 1100 1250 ieiet
1121 1216 1415 1261 constantiamque
1437 1218 1603 1259 servabit,
1637 1217 1685 1249 sic
1705 1219 1782 1249 levis

1013 1264 1114 1296 homo
1135 1263 1280 1295 adversis
1298 1263 1395 1295 rebus
1411 1262 1600 1307 desperabit
1613 1274 1652 1294 ac
1671 1261 1780 1294 mollis

1014 1309 1087 1340 em't.
1147 1309 1198 1340 Cf.
1235 1308 1332 1341 offic.
1364 1310 1388 1340 I.
1421 1308 1483 1348 26,
1508 1307 1571 1341 90:
1613 1307 1712 1340 etiam
1746 1307 1779 1339 in

1013 1354 1109 1386 rebus
1146 1354 1313 1398 prosperis
1345 1360 1380 1386 et
1413 1353 1456 1385 ad
1484 1353 1690 1385 voluntatem
1714 1364 1781 1385 110-

1013 1407 1112 1431 stram
1137 1400 1312 1431 fluentibus
1327 1399 1513 1442 superbiam
1528 1410 1649 1442 magno
1667 1409 1778 1442 opere,

1013 1445 1182 1477 fastidium
1195 1445 1482 1488 arrogantiamque
1495 1444 1667 1487 fugiamus.
1692 1444 1781 1476 Nam

1011 1496 1044 1522 ut
1067 1493 1218 1522 adversas
1240 1501 1306 1531 res,
1339 1493 1382 1522 sic
1405 1492 1558 1522 secundus
1579 1491 1781 1522 immoderate

1012 1538 1091 1576 ferre
1121 1538 1256 1567 levitatis
1284 1541 1327 1568 esc
1353 1541 1432 1567 cett.
1487 1537 1525 1567 In
1543 1536 1581 1567 L.
1600 1532 1777 1574 Pison.24,

1014 1582 1077 1615 57:
1119 1582 1205 1613 Nam
1230 1587 1265 1612 ut
1288 1581 1432 1613 levitatis
1454 1587 1504 1612 est
1524 1580 1655 1612 inanem
1675 1591 1780 1612 aneu·-

1011 1627 1082 1668 pari
1108 1638 1276 1659 rumorem
1309 1633 1343 1658 et
1373 1638 1487 1658 omnes
1519 1626 1651 1658 umbras
1681 1626 1782 1658 etiam

1011 1672 1116 1704 falsae
1145 1672 1271 1714 gloriae
1299 1672 1503 1709 consectari3
1541 1672 1588 1703 518
1618 1677 1669 1703 est
1698 1670 1781 1704 levis

1011 1718 1130 1757 animi,
1145 1696 1270 1749 &lucem
1299 1717 1578 1760 splendoremque
1608 1716 1780 1760 sapientis,

1011 1764 1073 1794 11151
1078 1776 1130 1795 am
1146 1763 1240 1805 glori
1242 1775 1295 1800 im,
1321 1763 1377 1806 qui
1394 1770 1443 1795 est
1458 1762 1586 1794 fructus
1603 1775 1668 1795 ter
1670 1774 1698 1794 18
1714 1762 1781 1795 vir·

1010 1809 1090 1841 tutis
1113 1808 1381 1847 honestissimus,
1404 1807 1591 1851 repudiare.

1074 1856 1293 1896 proponenda]
1312 1855 1354 1885 H.
1370 1866 1398 1886 e.
1421 1854 1464 1886 ob
1485 1853 1599 1885 oculos
1622 1853 1780 1896 ponenda

1012 1900 1219 1933 immanitate
1243 1905 1276 1931 et
1298 1899 1452 1938 feritate,
1479 1910 1563 1942 quae
1584 1898 1670 1930 etin
1693 1910 1778 1939 eum,

1012 1946 1067 1989 qui
1081 1945 1240 1984 invideat,
1267 1945 1347 1977 etin
1363 1956 1448 1984 eum,
1472 1944 1527 1988 qui
1547 1943 1643 1976 malis
1663 1944 1779 1976 alienis

1016 1991 1223 2034 voluptatem
1245 1991 1374 2034 capiat,
1399 1990 1508 2023 cadat.

1079 2038 1248 2079 confidere]
1273 2039 1393 2068 Omnes
1416 2037 1511 2068 MSS.
1534 2035 1700 2067 mordicus
1723 2042 1780 2067 te—

1011 2089 1091 2115 nent
1112 2084 1275 2123 confidere.
1315 2081 1490 2126 Oppositio
1511 2080 1599 2113 inter
1619 2083 1782 2122 confiden-

1011 2131 1087 2161 dum
1117 2135 1150 2159 et
1181 2129 1371 2168 timendum,
1407 2127 1435 2159 si
1465 2126 1630 2160 rationem
1658 2126 1780 2159 habeas

1012 2173 1080 2205 eius
1108 2172 1351 2216 oppositionis,
1376 2184 1460 2217 quae
1486 2178 1537 2204 est
1563 2172 1652 2204 inter
1679 2172 1781 2205 verba

1009 2221 1171 2260 9audendi
1192 2225 1226 2249 et
1250 2221 1408 2259 laetandi,
1432 2218 1587 2251 vacillare
1609 2217 1708 2261 plane
1731 2217 1780 2250 vi-
1831 2226 1834 2227 ’

1013 2264 1110 2296 detur
1138 2275 1177 2296 ac
1200 2264 1354 2296 titubare.
1407 2264 1496 2296 Hinc
1518 2263 1697 2295 Lambinus
1721 2274 1781 2295 su-

1011 2309 1201 2353 spicabatur
1223 2311 1387 2351 diffidere5
1411 2321 1474 2342 nec
1491 2320 1571 2341 vero
1591 2309 1674 2342 haec
1692 2308 1779 2341 ratio

1010 2355 1076 2387 hoc
1093 2362 1184 2388 certe
1203 2354 1292 2394 loeo,
1315 2354 1349 2386 in
1369 2366 1434 2399 quo
1456 2354 1571 2387 Cicero
1592 2354 1779 2387 Stoicorum

1011 2401 1151 2444 vestigia
1169 2400 1291 2444 premit
1322 2412 1385 2433 nec
1404 2400 1539 2444 vuigare
1559 2399 1693 2433 dicendi
1716 2411 1779 2443 ge-

1010 2458 1070 2478 nus
1107 2446 1275 2488 sequitur,
1327 2445 1414 2478 bene
1453 2446 1626 2489 procedit3
1674 2444 1778 2477 Stoici

1011 2491 1098 2523 enim
1116 2491 1363 2523 diffidentiam
1353 2503 1388 2523 in
1401 2491 1487 2523 vitiis
1505 2490 1681 2522 ducebant.
1712 2490 1779 2522 Ne-

1010 2548 1072 2578 que
1101 2537 1236 2568 omnino
1269 2538 1413 2578 diffidere
1439 2535 1602 2579 significat
1636 2546 1698 2568 non
1730 2540 1780 2568 le—

1007 2591 1091 2613 mere
1113 2585 1240 2622 timere5
1263 2593 1364 2625 quare
1378 2581 1512 2613 minime
1527 2580 1708 2623 respondet
1720 2592 1778 2612 se-

1009 2633 1123 2668 quenti
1133 2629 1282 2667 9audere
1329 2628 1384 2658 Or.
1409 2638 1439 2660 8
1462 2628 1546 2658 Dav.
1566 2625 1699 2669 scripsit
1717 2636 1777 2659 ca·-

1005 2680 1085 2702 vere.
1133 2672 1230 2710 Nam,
1255 2670 1305 2703 uti
1326 2682 1425 2714 supra
1447 2683 1475 2704 c.
1491 2670 1522 2711 6,
1547 2671 1598 2703 13.
1624 2671 1777 2712 vidimus,

1007 2716 1110 2748 Stoici
1135 2719 1272 2749 laetitiae
1294 2715 1512 2759 opponebant
1534 2719 1710 2758 gaudium,
1733 2720 1778 2750 to·-

1005 2764 1085 2793 mori
1104 2761 1158 2793 vel
1178 2764 1272 2794 metui
1290 2764 1476 2794 cautionem.
1523 2762 1566 2794 Et
1585 2762 1633 2794 sic
1649 2765 1777 2797 Seneca

1005 2817 1058 2849 ep.
1080 2806 1144 2839 85:
1181 2809 1249 2838 Non
1271 2809 1390 2839 timebit
1417 2809 1476 2840 illa
1499 2807 1562 2852 (vir
1582 2807 1693 2851 fortis)
1715 2808 1777 2841 sed

1149 2851 1267 2884 Cautio
1279 2851 1371 2884 illum
1388 2852 1498 2893 decet,
1521 2853 1622 2886 timor
1631 2865 1700 2886 non
1717 2853 1778 2886 de-

1004 2904 1065 2928 cet.
1102 2897 1278 2940 Vulgatam
1295 2899 1448 2939 confidere
1464 2879 1566 2932 K’lotz.
1583 2899 1618 2932 in
1638 2899 1776 2939 Quaest.

204 2936 292 2969 Tum
305 2938 461 2982 vulgatae
476 2942 643 2974 sententia
658 2941 806 2974 subiecta
819 2948 869 2973 est
887 2952 966 2974 sana
1001 2942 1089 2974 Tull.
1106 2944 1132 2974 I.
1149 2955 1182 2987 p.
1199 2943 1258 2975 121
1277 2955 1325 2987 sq.
1348 2944 1434 2976 tueri
1455 2945 1571 2978 studet
1592 2944 1644 2977 his
1666 2944 1776 2977 ratio-

203 2992 242 3013 ac
264 2985 447 3018 commoda.
483 2987 576 3020 Levis
597 2986 728 3026 dicitur,
753 2987 809 3032 qui
828 2998 897 3020 non
916 2993 966 3020 est
999 2987 1111 3021 nibus:
1138 2988 1300 3029 „Faciunt
1323 2988 1516 3024 Ciceronem
1543 2988 1697 3024 subtilius
1719 2989 1777 3023 10-
