<?xml version="1.0" encoding="UTF-8"?>
<!DOCTYPE html PUBLIC "-//W3C//DTD XHTML 1.0 Transitional//EN"
    "http://www.w3.org/TR/xhtml1/DTD/xhtml1-transitional.dtd">
<html xmlns="http://www.w3.org/1999/xhtml" xml:lang="en" lang="en">
 <head>
  <title>
</title>
<meta http-equiv="Content-Type" content="text/html;charset=utf-8" />
  <meta name='ocr-system' content='tesseract 3.04.00' />
  <meta name='ocr-capabilities' content='ocr_page ocr_carea ocr_par ocr_line ocrx_word'/>
</head>
<body>
  <div class='ocr_page' id='page_1' title='image "./tusculanarumdi00ciceuoft_0219.png"; bbox 0 0 1859 3149; ppageno 0'>
   <div class='ocr_carea' id='block_1_1' title="bbox 653 37 1712 85">
    <p class='ocr_par' dir='ltr' id='par_1_1' title="bbox 653 37 1712 85">
     <span class='ocr_line' id='line_1_1' title="bbox 653 37 1712 85; baseline 0.008 -10"><span class='ocrx_word' id='word_1_1' title='bbox 653 43 821 76; x_wconf 72' lang='lat' dir='ltr'>menn</span> <span class='ocrx_word' id='word_1_2' title='bbox 846 44 907 77; x_wconf 85' lang='lat'><strong>111.</strong></span> <span class='ocrx_word' id='word_1_3' title='bbox 931 41 996 85; x_wconf 78' lang='lat'>27,</span> <span class='ocrx_word' id='word_1_4' title='bbox 1021 40 1077 76; x_wconf 83' lang='lat'><strong>65.</strong></span> <span class='ocrx_word' id='word_1_5' title='bbox 1101 40 1157 76; x_wconf 85' lang='lat'><strong>66.</strong></span> <span class='ocrx_word' id='word_1_6' title='bbox 1622 37 1712 82; x_wconf 82' lang='lat'>209</span> 
     </span>
    </p>
   </div>
   <div class='ocr_carea' id='block_1_2' title="bbox 96 123 1707 256">
    <p class='ocr_par' dir='ltr' id='par_1_2' title="bbox 96 123 1707 256">
     <span class='ocr_line' id='line_1_2' title="bbox 99 123 1707 183; baseline 0.001 -13"><span class='ocrx_word' id='word_1_7' title='bbox 99 133 141 171; x_wconf 78' lang='lat' dir='ltr'>et</span> <span class='ocrx_word' id='word_1_8' title='bbox 160 124 342 183; x_wconf 82' lang='lat' dir='ltr'>magistri</span> <span class='ocrx_word' id='word_1_9' title='bbox 372 124 570 181; x_wconf 85' lang='lat' dir='ltr'>castigare</span> <span class='ocrx_word' id='word_1_10' title='bbox 595 123 714 165; x_wconf 85' lang='lat' dir='ltr'>etiam</span> <span class='ocrx_word' id='word_1_11' title='bbox 740 123 893 177; x_wconf 87' lang='lat' dir='ltr'><strong>solent,</strong></span> <span class='ocrx_word' id='word_1_12' title='bbox 924 138 999 166; x_wconf 89' lang='lat' dir='ltr'>nec</span> <span class='ocrx_word' id='word_1_13' title='bbox 1023 124 1156 166; x_wconf 79' lang='lat' dir='ltr'>verbis</span> <span class='ocrx_word' id='word_1_14' title='bbox 1181 124 1308 166; x_wconf 88' lang='lat' dir='ltr'>solum</span> <span class='ocrx_word' id='word_1_15' title='bbox 1326 156 1337 177; x_wconf 91' lang='lat'><strong><em>‚</em></strong></span> <span class='ocrx_word' id='word_1_16' title='bbox 1369 125 1442 166; x_wconf 89' lang='lat' dir='ltr'>sed</span> <span class='ocrx_word' id='word_1_17' title='bbox 1470 125 1589 168; x_wconf 85' lang='lat' dir='ltr'>etiam</span> <span class='ocrx_word' id='word_1_18' title='bbox 1613 142 1707 171; x_wconf 87' lang='lat' dir='ltr'>ver-</span> 
     </span>
     <span class='ocr_line' id='line_1_3' title="bbox 96 185 1705 256; baseline 0 -12"><span class='ocrx_word' id='word_1_19' title='bbox 96 185 285 253; x_wconf 48' lang='lat' dir='ltr'>ioribus,</span> <span class='ocrx_word' id='word_1_20' title='bbox 332 201 366 242; x_wconf 92' lang='lat' dir='ltr'>si</span> <span class='ocrx_word' id='word_1_21' title='bbox 391 200 482 256; x_wconf 90' lang='lat' dir='ltr'>quid</span> <span class='ocrx_word' id='word_1_22' title='bbox 515 199 556 240; x_wconf 92' lang='lat' dir='ltr'>in</span> <span class='ocrx_word' id='word_1_23' title='bbox 581 199 800 240; x_wconf 82' lang='lat' dir='ltr'>domestico</span> <span class='ocrx_word' id='word_1_24' title='bbox 825 199 932 240; x_wconf 86' lang='lat' dir='ltr'>luctu</span> <span class='ocrx_word' id='word_1_25' title='bbox 959 199 1121 241; x_wconf 85' lang='lat' dir='ltr'>hilarius</span> <span class='ocrx_word' id='word_1_26' title='bbox 1146 199 1195 241; x_wconf 81' lang='lat' dir='ltr'>ab</span> <span class='ocrx_word' id='word_1_27' title='bbox 1221 200 1269 241; x_wconf 89' lang='lat' dir='ltr'>iis</span> <span class='ocrx_word' id='word_1_28' title='bbox 1296 201 1440 242; x_wconf 85' lang='lat' dir='ltr'>factum</span> <span class='ocrx_word' id='word_1_29' title='bbox 1467 207 1530 242; x_wconf 82' lang='lat' dir='ltr'>est</span> <span class='ocrx_word' id='word_1_30' title='bbox 1554 209 1623 243; x_wconf 88' lang='lat' dir='ltr'>aut</span> <span class='ocrx_word' id='word_1_31' title='bbox 1646 204 1705 245; x_wconf 88' lang='lat' dir='ltr'>di-</span> 
     </span>
    </p>
   </div>
   <div class='ocr_carea' id='block_1_3' title="bbox 97 276 1705 405">
    <p class='ocr_par' dir='ltr' id='par_1_3' title="bbox 97 276 1705 405">
     <span class='ocr_line' id='line_1_4' title="bbox 97 276 620 333; baseline -0.008 -14"><span class='ocrx_word' id='word_1_32' title='bbox 97 283 229 330; x_wconf 81' lang='lat' dir='ltr'>etum,</span> <span class='ocrx_word' id='word_1_33' title='bbox 275 276 432 333; x_wconf 86' lang='lat' dir='ltr'>plorare</span> <span class='ocrx_word' id='word_1_34' title='bbox 457 280 620 330; x_wconf 84' lang='lat' dir='ltr'>cogunt.</span> 
     </span>
     <span class='ocr_line' id='line_1_5' title="bbox 97 348 1705 405; baseline 0.001 -11"><span class='ocrx_word' id='word_1_35' title='bbox 97 359 212 404; x_wconf 83' lang='lat' dir='ltr'>outa,</span> <span class='ocrx_word' id='word_1_36' title='bbox 266 350 589 405; x_wconf 86' lang='lat' dir='ltr'>intellectumque</span> <span class='ocrx_word' id='word_1_37' title='bbox 622 355 706 401; x_wconf 88' lang='lat' dir='ltr'>est,</span> <span class='ocrx_word' id='word_1_38' title='bbox 761 348 855 390; x_wconf 88' lang='lat' dir='ltr'>nihil</span> <span class='ocrx_word' id='word_1_39' title='bbox 896 349 1032 404; x_wconf 84' lang='lat' dir='ltr'>prolici</span> <span class='ocrx_word' id='word_1_40' title='bbox 1070 350 1311 402; x_wconf 84' lang='lat' dir='ltr'>maerendo3</span> <span class='ocrx_word' id='word_1_41' title='bbox 1369 365 1502 393; x_wconf 91' lang='lat' dir='ltr'>nonne</span> <span class='ocrx_word' id='word_1_42' title='bbox 1534 365 1602 394; x_wconf 90' lang='lat' dir='ltr'>res</span> <span class='ocrx_word' id='word_1_43' title='bbox 1636 353 1705 396; x_wconf 87' lang='lat' dir='ltr'>de-</span> 
     </span>
    </p>
   </div>
   <div class='ocr_carea' id='block_1_4' title="bbox 684 271 1704 331">
    <p class='ocr_par' dir='ltr' id='par_1_4' title="bbox 684 271 1704 331">
     <span class='ocr_line' id='line_1_6' title="bbox 684 271 1704 331; baseline 0.007 -18"><span class='ocrx_word' id='word_1_44' title='bbox 684 271 819 328; x_wconf 81' lang='lat' dir='ltr'>Quid?</span> <span class='ocrx_word' id='word_1_45' title='bbox 864 273 948 330; x_wconf 86' lang='lat' dir='ltr'>ipsa</span> <span class='ocrx_word' id='word_1_46' title='bbox 970 274 1154 315; x_wconf 83' lang='lat' dir='ltr'>remissio</span> <span class='ocrx_word' id='word_1_47' title='bbox 1177 274 1306 317; x_wconf 83' lang='lat' dir='ltr'>luctus</span> <span class='ocrx_word' id='word_1_48' title='bbox 1329 289 1447 331; x_wconf 91' lang='lat' dir='ltr'>quum</span> <span class='ocrx_word' id='word_1_49' title='bbox 1476 283 1539 318; x_wconf 86' lang='lat' dir='ltr'>est</span> <span class='ocrx_word' id='word_1_50' title='bbox 1561 291 1704 321; x_wconf 89' lang='lat' dir='ltr'>conse-</span> 
     </span>
    </p>
   </div>
   <div class='ocr_carea' id='block_1_5' title="bbox 74 2099 630 2140">
    <p class='ocr_par' dir='ltr' id='par_1_5' title="bbox 74 2099 630 2140">
     <span class='ocr_line' id='line_1_7' title="bbox 74 2099 630 2140; baseline -0.005 -6"><span class='ocrx_word' id='word_1_51' title='bbox 74 2103 229 2140; x_wconf 49' lang='lat' dir='ltr'>,verberm</span> <span class='ocrx_word' id='word_1_52' title='bbox 278 2099 345 2132; x_wconf 91' lang='lat' dir='ltr'>Cic.</span> <span class='ocrx_word' id='word_1_53' title='bbox 365 2099 468 2132; x_wconf 86' lang='lat' dir='ltr'><strong>Acad.</strong></span> <span class='ocrx_word' id='word_1_54' title='bbox 490 2101 516 2133; x_wconf 94' lang='lat' dir='ltr'><strong>I.</strong></span> <span class='ocrx_word' id='word_1_55' title='bbox 536 2100 565 2139; x_wconf 89' lang='lat'>1,</span> <span class='ocrx_word' id='word_1_56' title='bbox 591 2100 630 2133; x_wconf 73' lang='lat'>2:</span> 
     </span>
    </p>
   </div>
   <div class='ocr_carea' id='block_1_6' title="bbox 97 424 1151 478">
    <p class='ocr_par' dir='ltr' id='par_1_6' title="bbox 97 424 1151 478">
     <span class='ocr_line' id='line_1_8' title="bbox 97 424 1151 478; baseline -0.004 -9"><span class='ocrx_word' id='word_1_57' title='bbox 97 427 244 478; x_wconf 81' lang='lat' dir='ltr'>clarat,</span> <span class='ocrx_word' id='word_1_58' title='bbox 291 425 414 466; x_wconf 87' lang='lat' dir='ltr'>fuisse</span> <span class='ocrx_word' id='word_1_59' title='bbox 441 431 565 466; x_wconf 88' lang='lat' dir='ltr'>totum</span> <span class='ocrx_word' id='word_1_60' title='bbox 591 424 685 466; x_wconf 87' lang='lat' dir='ltr'>illud</span> <span class='ocrx_word' id='word_1_61' title='bbox 713 424 1002 465; x_wconf 81' lang='lat' dir='ltr'>voluntarium!</span> <span class='ocrx_word' id='word_1_62' title='bbox 1080 430 1151 465; x_wconf 85' lang='lat'><strong>65.</strong></span> 
     </span>
    </p>
   </div>
   <div class='ocr_carea' id='block_1_7' title="bbox 1211 424 1703 480">
    <p class='ocr_par' dir='ltr' id='par_1_7' title="bbox 1211 424 1703 480">
     <span class='ocr_line' id='line_1_9' title="bbox 1211 424 1703 480; baseline 0.016 -15"><span class='ocrx_word' id='word_1_63' title='bbox 1211 424 1316 480; x_wconf 82' lang='lat' dir='ltr'>Quid</span> <span class='ocrx_word' id='word_1_64' title='bbox 1342 425 1407 468; x_wconf 88' lang='lat' dir='ltr'>ille</span> <span class='ocrx_word' id='word_1_65' title='bbox 1432 425 1703 472; x_wconf 81' lang='lat' dir='ltr'><strong>Terentianus</strong></span> 
     </span>
    </p>
   </div>
   <div class='ocr_carea' id='block_1_8' title="bbox 95 494 1204 560">
    <p class='ocr_par' dir='ltr' id='par_1_8' title="bbox 95 494 1204 560">
     <span class='ocr_line' id='line_1_10' title="bbox 95 494 1204 560; baseline -0.003 -16"><span class='ocrx_word' id='word_1_66' title='bbox 95 502 182 560; x_wconf 77' lang='lat' dir='ltr'>ipse</span> <span class='ocrx_word' id='word_1_67' title='bbox 212 515 256 544; x_wconf 83' lang='lat' dir='ltr'>se</span> <span class='ocrx_word' id='word_1_68' title='bbox 288 500 505 557; x_wconf 83' lang='lat' dir='ltr'>poeniens,</span> <span class='ocrx_word' id='word_1_69' title='bbox 539 500 576 541; x_wconf 82' lang='lat' dir='ltr'>id</span> <span class='ocrx_word' id='word_1_70' title='bbox 608 507 671 541; x_wconf 84' lang='lat' dir='ltr'>est</span> <span class='ocrx_word' id='word_1_71' title='bbox 700 496 844 540; x_wconf 76' lang='grc' dir='ltr'>ἑαυτόν</span> <span class='ocrx_word' id='word_1_72' title='bbox 875 494 1204 552; x_wconf 67' lang='grc' dir='ltr'><em>τιμωρούμενος-’ἶ</em></span> 
     </span>
    </p>
   </div>
   <div class='ocr_carea' id='block_1_9' title="bbox 297 577 1125 628">
    <p class='ocr_par' dir='ltr' id='par_1_9' title="bbox 297 577 1125 628">
     <span class='ocr_line' id='line_1_11' title="bbox 297 577 1125 628; baseline -0.004 -12"><span class='ocrx_word' id='word_1_73' title='bbox 297 578 463 616; x_wconf 60' lang='lat' dir='ltr'>Decrevi</span> <span class='ocrx_word' id='word_1_74' title='bbox 489 577 675 628; x_wconf 59' lang='lat' dir='ltr'>tanh&#39;spor·</span> <span class='ocrx_word' id='word_1_75' title='bbox 704 590 761 615; x_wconf 85' lang='lat' dir='ltr'>me</span> <span class='ocrx_word' id='word_1_76' title='bbox 791 578 914 614; x_wconf 72' lang='lat' dir='ltr'>minus</span> <span class='ocrx_word' id='word_1_77' title='bbox 946 577 1125 622; x_wconf 63' lang='lat' dir='ltr'>Iniuriae,</span> 
     </span>
    </p>
   </div>
   <div class='ocr_carea' id='block_1_10' title="bbox 298 651 1351 705">
    <p class='ocr_par' dir='ltr' id='par_1_10' title="bbox 298 651 1351 705">
     <span class='ocr_line' id='line_1_12' title="bbox 298 651 1351 705; baseline -0.001 -14"><span class='ocrx_word' id='word_1_78' title='bbox 298 653 497 699; x_wconf 61' lang='lat' dir='ltr'>Chremes,</span> <span class='ocrx_word' id='word_1_79' title='bbox 532 666 611 691; x_wconf 87' lang='lat' dir='ltr'>meo</span> <span class='ocrx_word' id='word_1_80' title='bbox 638 658 760 703; x_wconf 77' lang='lat' dir='ltr'>gnato</span> <span class='ocrx_word' id='word_1_81' title='bbox 779 651 942 705; x_wconf 69' lang='lat' dir='ltr'>silem-e,</span> <span class='ocrx_word' id='word_1_82' title='bbox 976 653 1063 690; x_wconf 76' lang='lat' dir='ltr'>dam</span> <span class='ocrx_word' id='word_1_83' title='bbox 1083 652 1190 703; x_wconf 71' lang='lat' dir='ltr'>ficim</span> <span class='ocrx_word' id='word_1_84' title='bbox 1223 653 1351 690; x_wconf 60' lang='lat' dir='ltr'>unser.</span> 
     </span>
    </p>
   </div>
   <div class='ocr_carea' id='block_1_11' title="bbox 92 724 1699 782">
    <p class='ocr_par' dir='ltr' id='par_1_11' title="bbox 92 724 1699 782">
     <span class='ocr_line' id='line_1_13' title="bbox 92 724 1699 782; baseline 0.001 -14"><span class='ocrx_word' id='word_1_85' title='bbox 92 725 170 769; x_wconf 81' lang='lat' dir='ltr'>flio</span> <span class='ocrx_word' id='word_1_86' title='bbox 200 725 400 780; x_wconf 83' lang='lat' dir='ltr'>decernit,</span> <span class='ocrx_word' id='word_1_87' title='bbox 448 732 491 767; x_wconf 86' lang='lat' dir='ltr'>ut</span> <span class='ocrx_word' id='word_1_88' title='bbox 521 725 644 767; x_wconf 88' lang='lat' dir='ltr'>miser</span> <span class='ocrx_word' id='word_1_89' title='bbox 673 726 740 767; x_wconf 84' lang='lat' dir='ltr'>sit.</span> <span class='ocrx_word' id='word_1_90' title='bbox 803 724 912 767; x_wconf 82' lang='lat' dir='ltr'>Num</span> <span class='ocrx_word' id='word_1_91' title='bbox 941 725 1027 781; x_wconf 83' lang='lat' dir='ltr'>quis</span> <span class='ocrx_word' id='word_1_92' title='bbox 1055 725 1176 780; x_wconf 85' lang='lat' dir='ltr'>igitur</span> <span class='ocrx_word' id='word_1_93' title='bbox 1201 727 1410 782; x_wconf 79' lang='lat' dir='ltr'>quicquam</span> <span class='ocrx_word' id='word_1_94' title='bbox 1435 726 1614 769; x_wconf 80' lang='lat' dir='ltr'>decernit</span> <span class='ocrx_word' id='word_1_95' title='bbox 1638 727 1699 770; x_wconf 90' lang='lat' dir='ltr'>in-</span> 
     </span>
    </p>
   </div>
   <div class='ocr_carea' id='block_1_12' title="bbox 93 802 225 845">
    <p class='ocr_par' dir='ltr' id='par_1_12' title="bbox 93 802 225 845">
     <span class='ocr_line' id='line_1_14' title="bbox 93 802 225 845; baseline -0.015 -1"><span class='ocrx_word' id='word_1_96' title='bbox 93 802 225 845; x_wconf 85' lang='lat' dir='ltr'>vitus?</span> 
     </span>
    </p>
   </div>
   <div class='ocr_carea' id='block_1_13' title="bbox 293 870 1230 929">
    <p class='ocr_par' dir='ltr' id='par_1_13' title="bbox 293 870 1230 929">
     <span class='ocr_line' id='line_1_15' title="bbox 293 870 1230 929; baseline -0.001 -13"><span class='ocrx_word' id='word_1_97' title='bbox 293 870 400 916; x_wconf 63' lang='lat' dir='ltr'>fflalo&#39;</span> <span class='ocrx_word' id='word_1_98' title='bbox 429 878 577 929; x_wconf 81' lang='lat' dir='ltr'>quidem</span> <span class='ocrx_word' id='word_1_99' title='bbox 608 890 665 916; x_wconf 80' lang='lat' dir='ltr'>me</span> <span class='ocrx_word' id='word_1_100' title='bbox 694 878 825 929; x_wconf 72' lang='lat' dir='ltr'>quovis</span> <span class='ocrx_word' id='word_1_101' title='bbox 855 879 1012 928; x_wconf 74' lang='lat' dir='ltr'>dz&#39;gtmm</span> <span class='ocrx_word' id='word_1_102' title='bbox 1044 879 1230 929; x_wconf 57' lang='lat' dir='ltr'>Adpulem.</span> 
     </span>
    </p>
   </div>
   <div class='ocr_carea' id='block_1_14' title="bbox 91 949 1022 1007">
    <p class='ocr_par' dir='ltr' id='par_1_14' title="bbox 91 949 1022 1007">
     <span class='ocr_line' id='line_1_16' title="bbox 91 949 1022 1007; baseline -0.003 -13"><span class='ocrx_word' id='word_1_103' title='bbox 91 949 203 994; x_wconf 84' lang='lat' dir='ltr'>Malo</span> <span class='ocrx_word' id='word_1_104' title='bbox 228 965 272 993; x_wconf 89' lang='lat' dir='ltr'>se</span> <span class='ocrx_word' id='word_1_105' title='bbox 296 951 453 1007; x_wconf 84' lang='lat' dir='ltr'>dignum</span> <span class='ocrx_word' id='word_1_106' title='bbox 481 950 664 1006; x_wconf 85' lang='lat' dir='ltr'>deputat,</span> <span class='ocrx_word' id='word_1_107' title='bbox 713 950 787 991; x_wconf 86' lang='lat' dir='ltr'>nisi</span> <span class='ocrx_word' id='word_1_108' title='bbox 811 951 934 992; x_wconf 87' lang='lat' dir='ltr'>miser</span> <span class='ocrx_word' id='word_1_109' title='bbox 955 952 1022 992; x_wconf 81' lang='lat' dir='ltr'>sit.</span> 
     </span>
    </p>
   </div>
   <div class='ocr_carea' id='block_1_15' title="bbox 91 1024 547 1069">
    <p class='ocr_par' dir='ltr' id='par_1_15' title="bbox 91 1024 547 1069">
     <span class='ocr_line' id='line_1_17' title="bbox 91 1024 547 1069; baseline -0.009 0"><span class='ocrx_word' id='word_1_110' title='bbox 91 1041 171 1069; x_wconf 91' lang='lat' dir='ltr'>non</span> <span class='ocrx_word' id='word_1_111' title='bbox 196 1033 363 1068; x_wconf 87' lang='lat' dir='ltr'>naturae</span> <span class='ocrx_word' id='word_1_112' title='bbox 387 1024 547 1066; x_wconf 83' lang='lat' dir='ltr'>malum.</span> 
     </span>
    </p>
   </div>
   <div class='ocr_carea' id='block_1_16' title="bbox 1085 950 1742 1008">
    <p class='ocr_par' dir='ltr' id='par_1_16' title="bbox 1085 950 1742 1008">
     <span class='ocr_line' id='line_1_18' title="bbox 1085 950 1742 1008; baseline 0.006 -16"><span class='ocrx_word' id='word_1_113' title='bbox 1085 950 1212 993; x_wconf 70' lang='lat' dir='ltr'>Vides</span> <span class='ocrx_word' id='word_1_114' title='bbox 1235 965 1332 1006; x_wconf 87' lang='lat' dir='ltr'>ergo</span> <span class='ocrx_word' id='word_1_115' title='bbox 1358 951 1557 1008; x_wconf 84' lang='lat' dir='ltr'>opinionis</span> <span class='ocrx_word' id='word_1_116' title='bbox 1583 966 1692 1006; x_wconf 91' lang='lat' dir='ltr'>esse,</span> <span class='ocrx_word' id='word_1_117' title='bbox 1738 998 1742 1001; x_wconf 73' lang='grc'>,</span> 
     </span>
    </p>
   </div>
   <div class='ocr_carea' id='block_1_17' title="bbox 613 1023 1692 1085">
    <p class='ocr_par' dir='ltr' id='par_1_17' title="bbox 613 1023 1692 1085">
     <span class='ocr_line' id='line_1_19' title="bbox 613 1023 1692 1085; baseline 0.005 -20"><span class='ocrx_word' id='word_1_118' title='bbox 613 1023 741 1079; x_wconf 81' lang='lat' dir='ltr'>Quid,</span> <span class='ocrx_word' id='word_1_119' title='bbox 787 1040 885 1080; x_wconf 86' lang='lat' dir='ltr'>quos</span> <span class='ocrx_word' id='word_1_120' title='bbox 916 1040 981 1067; x_wconf 88' lang='lat' dir='ltr'>res</span> <span class='ocrx_word' id='word_1_121' title='bbox 1006 1026 1089 1082; x_wconf 88' lang='lat' dir='ltr'>ipsa</span> <span class='ocrx_word' id='word_1_122' title='bbox 1111 1026 1249 1081; x_wconf 84' lang='lat' dir='ltr'>lugere</span> <span class='ocrx_word' id='word_1_123' title='bbox 1272 1026 1480 1083; x_wconf 85' lang='lat' dir='ltr'>prohibet?</span> <span class='ocrx_word' id='word_1_124' title='bbox 1529 1034 1570 1069; x_wconf 87' lang='lat' dir='ltr'>ut</span> <span class='ocrx_word' id='word_1_125' title='bbox 1590 1029 1692 1085; x_wconf 85' lang='lat' dir='ltr'>apud</span> 
     </span>
    </p>
   </div>
   <div class='ocr_carea' id='block_1_18' title="bbox 89 1100 1692 1157">
    <p class='ocr_par' dir='ltr' id='par_1_18' title="bbox 89 1100 1692 1157">
     <span class='ocr_line' id='line_1_20' title="bbox 89 1100 1692 1157; baseline 0.001 -13"><span class='ocrx_word' id='word_1_126' title='bbox 89 1101 309 1144; x_wconf 84' lang='lat' dir='ltr'><strong>Homerum</strong></span> <span class='ocrx_word' id='word_1_127' title='bbox 334 1100 584 1157; x_wconf 73' lang='lat' dir='ltr'>quotidianae</span> <span class='ocrx_word' id='word_1_128' title='bbox 618 1114 738 1141; x_wconf 78' lang='lat' dir='ltr'>neces</span> <span class='ocrx_word' id='word_1_129' title='bbox 772 1100 1035 1157; x_wconf 81' lang='lat' dir='ltr'>interitusque</span> <span class='ocrx_word' id='word_1_130' title='bbox 1066 1101 1277 1142; x_wconf 87' lang='lat' dir='ltr'>multorum</span> <span class='ocrx_word' id='word_1_131' title='bbox 1310 1102 1557 1145; x_wconf 81' lang='lat' dir='ltr'>sedationem</span> <span class='ocrx_word' id='word_1_132' title='bbox 1582 1117 1692 1146; x_wconf 89' lang='lat' dir='ltr'>mae-</span> 
     </span>
    </p>
   </div>
   <div class='ocr_carea' id='block_1_19' title="bbox 90 1175 996 1230">
    <p class='ocr_par' dir='ltr' id='par_1_19' title="bbox 90 1175 996 1230">
     <span class='ocr_line' id='line_1_21' title="bbox 90 1175 996 1230; baseline -0.004 -10"><span class='ocrx_word' id='word_1_133' title='bbox 90 1177 204 1220; x_wconf 87' lang='lat' dir='ltr'>rendi</span> <span class='ocrx_word' id='word_1_134' title='bbox 234 1178 430 1228; x_wconf 85' lang='lat' dir='ltr'>afferunt,</span> <span class='ocrx_word' id='word_1_135' title='bbox 465 1175 566 1230; x_wconf 90' lang='lat' dir='ltr'>apud</span> <span class='ocrx_word' id='word_1_136' title='bbox 598 1189 712 1230; x_wconf 89' lang='lat' dir='ltr'>quem</span> <span class='ocrx_word' id='word_1_137' title='bbox 745 1175 798 1216; x_wconf 78' lang='lat' dir='ltr'>ita</span> <span class='ocrx_word' id='word_1_138' title='bbox 830 1175 996 1216; x_wconf 84' lang='lat' dir='ltr'>dicitur:</span> 
     </span>
    </p>
   </div>
   <div class='ocr_carea' id='block_1_20' title="bbox 289 1253 1364 1304">
    <p class='ocr_par' dir='ltr' id='par_1_20' title="bbox 289 1253 1364 1304">
     <span class='ocr_line' id='line_1_22' title="bbox 289 1253 1364 1304; baseline -0.001 -12"><span class='ocrx_word' id='word_1_139' title='bbox 289 1255 463 1304; x_wconf 78' lang='lat' dir='ltr'>Namque</span> <span class='ocrx_word' id='word_1_140' title='bbox 491 1253 604 1290; x_wconf 64' lang='lat' dir='ltr'>nonis</span> <span class='ocrx_word' id='word_1_141' title='bbox 634 1253 771 1290; x_wconf 71' lang='lat' dir='ltr'>mullos</span> <span class='ocrx_word' id='word_1_142' title='bbox 801 1259 914 1304; x_wconf 70' lang='lat' dir='ltr'>alque</span> <span class='ocrx_word' id='word_1_143' title='bbox 944 1255 1048 1291; x_wconf 75' lang='lat' dir='ltr'>omui</span> <span class='ocrx_word' id='word_1_144' title='bbox 1075 1254 1158 1290; x_wconf 74' lang='lat' dir='ltr'>lea-e</span> <span class='ocrx_word' id='word_1_145' title='bbox 1188 1254 1364 1291; x_wconf 70' lang='lat' dir='ltr'>cadentes</span> 
     </span>
    </p>
   </div>
   <div class='ocr_carea' id='block_1_21' title="bbox 291 1329 1256 1379">
    <p class='ocr_par' dir='ltr' id='par_1_21' title="bbox 291 1329 1256 1379">
     <span class='ocr_line' id='line_1_23' title="bbox 291 1329 1256 1379; baseline -0.002 -12"><span class='ocrx_word' id='word_1_146' title='bbox 291 1330 512 1374; x_wconf 77' lang='lat' dir='ltr'>Cernimus,</span> <span class='ocrx_word' id='word_1_147' title='bbox 549 1334 594 1365; x_wconf 85' lang='lat' dir='ltr'>ut</span> <span class='ocrx_word' id='word_1_148' title='bbox 620 1342 726 1366; x_wconf 79' lang='lat' dir='ltr'>nemo</span> <span class='ocrx_word' id='word_1_149' title='bbox 751 1329 877 1379; x_wconf 73' lang='lat' dir='ltr'>possit</span> <span class='ocrx_word' id='word_1_150' title='bbox 905 1342 1077 1365; x_wconf 71' lang='lat' dir='ltr'>mam-ore</span> <span class='ocrx_word' id='word_1_151' title='bbox 1108 1341 1256 1365; x_wconf 68' lang='lat' dir='ltr'>rorare.</span> 
     </span>
    </p>
   </div>
   <div class='ocr_carea' id='block_1_22' title="bbox 291 1403 1436 1455">
    <p class='ocr_par' dir='ltr' id='par_1_22' title="bbox 291 1403 1436 1455">
     <span class='ocr_line' id='line_1_24' title="bbox 291 1403 1436 1455; baseline -0.001 -13"><span class='ocrx_word' id='word_1_152' title='bbox 291 1405 372 1454; x_wconf 82' lang='lat' dir='ltr'>Quo</span> <span class='ocrx_word' id='word_1_153' title='bbox 403 1404 526 1454; x_wconf 71' lang='lat' dir='ltr'>magis</span> <span class='ocrx_word' id='word_1_154' title='bbox 556 1409 613 1442; x_wconf 76' lang='lat' dir='ltr'>est</span> <span class='ocrx_word' id='word_1_155' title='bbox 641 1417 796 1455; x_wconf 75' lang='lat' dir='ltr'>aequone</span> <span class='ocrx_word' id='word_1_156' title='bbox 830 1403 984 1440; x_wconf 67' lang='lat' dir='ltr'>tumulis</span> <span class='ocrx_word' id='word_1_157' title='bbox 1015 1404 1196 1441; x_wconf 67' lang='lat' dir='ltr'>annulat-e</span> <span class='ocrx_word' id='word_1_158' title='bbox 1219 1410 1436 1455; x_wconf 65' lang='lat' dir='ltr'>pel-emptos</span> 
     </span>
    </p>
   </div>
   <div class='ocr_carea' id='block_1_23' title="bbox 287 1478 1356 1529">
    <p class='ocr_par' dir='ltr' id='par_1_23' title="bbox 287 1478 1356 1529">
     <span class='ocr_line' id='line_1_25' title="bbox 287 1478 1356 1529; baseline -0.001 -12"><span class='ocrx_word' id='word_1_159' title='bbox 287 1480 418 1518; x_wconf 73' lang='lat' dir='ltr'>Firmo</span> <span class='ocrx_word' id='word_1_160' title='bbox 448 1480 572 1517; x_wconf 72' lang='lat' dir='ltr'>animo</span> <span class='ocrx_word' id='word_1_161' title='bbox 603 1485 641 1517; x_wconf 80' lang='lat' dir='ltr'>e!</span> <span class='ocrx_word' id='word_1_162' title='bbox 671 1480 811 1517; x_wconf 76' lang='lat' dir='ltr'>luc-lum</span> <span class='ocrx_word' id='word_1_163' title='bbox 848 1479 1017 1516; x_wconf 66' lang='lat' dir='ltr'>(aerianis-</span> <span class='ocrx_word' id='word_1_164' title='bbox 1035 1478 1162 1529; x_wconf 73' lang='lat' dir='ltr'>Je&#39;m&#39;re</span> <span class='ocrx_word' id='word_1_165' title='bbox 1191 1479 1356 1516; x_wconf 72' lang='lat' dir='ltr'>dim-uis.</span> 
     </span>
    </p>
   </div>
   <div class='ocr_carea' id='block_1_24' title="bbox 86 1628 278 1672">
    <p class='ocr_par' dir='ltr' id='par_1_24' title="bbox 86 1628 278 1672">
     <span class='ocr_line' id='line_1_26' title="bbox 86 1628 278 1672; baseline -0.016 0"><span class='ocrx_word' id='word_1_166' title='bbox 86 1628 278 1672; x_wconf 79' lang='lat' dir='ltr'>vientcm.</span> 
     </span>
    </p>
   </div>
   <div class='ocr_carea' id='block_1_25' title="bbox 27 1551 1687 1684">
    <p class='ocr_par' dir='ltr' id='par_1_25' title="bbox 27 1551 1687 1684">
     <span class='ocr_line' id='line_1_27' title="bbox 27 1551 1687 1609; baseline -0.001 -12"><span class='ocrx_word' id='word_1_167' title='bbox 27 1596 34 1601; x_wconf 81' lang='grc'><strong>,</strong></span> <span class='ocrx_word' id='word_1_168' title='bbox 87 1559 159 1597; x_wconf 84' lang='grc'>66.</span> <span class='ocrx_word' id='word_1_169' title='bbox 201 1551 312 1609; x_wconf 88' lang='lat' dir='ltr'>Ergo</span> <span class='ocrx_word' id='word_1_170' title='bbox 333 1552 375 1594; x_wconf 90' lang='lat' dir='ltr'>in</span> <span class='ocrx_word' id='word_1_171' title='bbox 396 1559 593 1609; x_wconf 75' lang='lat' dir='ltr'><strong>potestate</strong></span> <span class='ocrx_word' id='word_1_172' title='bbox 615 1559 675 1594; x_wconf 80' lang='lat' dir='ltr'>est</span> <span class='ocrx_word' id='word_1_173' title='bbox 694 1552 865 1593; x_wconf 84' lang='lat' dir='ltr'>abiicere</span> <span class='ocrx_word' id='word_1_174' title='bbox 889 1551 1082 1603; x_wconf 81' lang='lat' dir='ltr'>dolorem,</span> <span class='ocrx_word' id='word_1_175' title='bbox 1117 1566 1234 1607; x_wconf 83' lang='lat' dir='ltr'>quum</span> <span class='ocrx_word' id='word_1_176' title='bbox 1254 1551 1379 1604; x_wconf 78' lang='lat' dir='ltr'>velis,</span> <span class='ocrx_word' id='word_1_177' title='bbox 1414 1552 1582 1608; x_wconf 76' lang='lat' dir='ltr'>tempori</span> <span class='ocrx_word' id='word_1_178' title='bbox 1601 1567 1687 1595; x_wconf 89' lang='lat' dir='ltr'>ser-</span> 
     </span>
     <span class='ocr_line' id='line_1_28' title="bbox 339 1626 1687 1684; baseline 0 -15"><span class='ocrx_word' id='word_1_179' title='bbox 339 1626 407 1669; x_wconf 89' lang='lat' dir='ltr'>An</span> <span class='ocrx_word' id='word_1_180' title='bbox 432 1635 495 1669; x_wconf 87' lang='lat' dir='ltr'>est</span> <span class='ocrx_word' id='word_1_181' title='bbox 517 1628 638 1669; x_wconf 86' lang='lat' dir='ltr'>ullum</span> <span class='ocrx_word' id='word_1_182' title='bbox 665 1635 842 1684; x_wconf 87' lang='lat' dir='ltr'>tempus,</span> <span class='ocrx_word' id='word_1_183' title='bbox 889 1626 1093 1682; x_wconf 85' lang='lat' dir='ltr'>(quoniam</span> <span class='ocrx_word' id='word_1_184' title='bbox 1121 1627 1276 1682; x_wconf 78' lang='lat' dir='ltr'>quidem</span> <span class='ocrx_word' id='word_1_185' title='bbox 1299 1641 1366 1668; x_wconf 88' lang='lat' dir='ltr'>res</span> <span class='ocrx_word' id='word_1_186' title='bbox 1391 1627 1431 1668; x_wconf 89' lang='lat' dir='ltr'>in</span> <span class='ocrx_word' id='word_1_187' title='bbox 1454 1634 1591 1668; x_wconf 86' lang='lat' dir='ltr'>nostra</span> <span class='ocrx_word' id='word_1_188' title='bbox 1615 1643 1687 1684; x_wconf 84' lang='lat' dir='ltr'>po-</span> 
     </span>
    </p>
   </div>
   <div class='ocr_carea' id='block_1_26' title="bbox 85 1702 1686 1759">
    <p class='ocr_par' dir='ltr' id='par_1_26' title="bbox 85 1702 1686 1759">
     <span class='ocr_line' id='line_1_29' title="bbox 85 1702 1686 1759; baseline -0.001 -13"><span class='ocrx_word' id='word_1_189' title='bbox 85 1710 232 1755; x_wconf 76' lang='lat' dir='ltr'>testate</span> <span class='ocrx_word' id='word_1_190' title='bbox 268 1703 376 1758; x_wconf 84' lang='lat' dir='ltr'>est,)</span> <span class='ocrx_word' id='word_1_191' title='bbox 419 1703 482 1745; x_wconf 86' lang='lat' dir='ltr'>cui</span> <span class='ocrx_word' id='word_1_192' title='bbox 514 1718 593 1745; x_wconf 91' lang='lat' dir='ltr'>non</span> <span class='ocrx_word' id='word_1_193' title='bbox 618 1703 825 1759; x_wconf 85' lang='lat' dir='ltr'>ponendae</span> <span class='ocrx_word' id='word_1_194' title='bbox 853 1716 973 1744; x_wconf 82' lang='lat' dir='ltr'>curae</span> <span class='ocrx_word' id='word_1_195' title='bbox 1006 1709 1045 1743; x_wconf 89' lang='lat' dir='ltr'>et</span> <span class='ocrx_word' id='word_1_196' title='bbox 1074 1702 1335 1758; x_wconf 84' lang='lat' dir='ltr'>aegritudinis</span> <span class='ocrx_word' id='word_1_197' title='bbox 1362 1716 1506 1744; x_wconf 77' lang='lat' dir='ltr'><strong>caussa</strong></span> <span class='ocrx_word' id='word_1_198' title='bbox 1530 1703 1686 1745; x_wconf 86' lang='lat' dir='ltr'>servia-</span> 
     </span>
    </p>
   </div>
   <div class='ocr_carea' id='block_1_27' title="bbox 85 1822 869 2514">
    <p class='ocr_par' dir='ltr' id='par_1_27' title="bbox 85 1822 869 2514">
     <span class='ocr_line' id='line_1_30' title="bbox 89 1822 864 1868; baseline -0.003 -10"><span class='ocrx_word' id='word_1_199' title='bbox 89 1826 146 1858; x_wconf 89' lang='lat' dir='ltr'>Or.</span> <span class='ocrx_word' id='word_1_200' title='bbox 169 1825 211 1857; x_wconf 87' lang='lat' dir='ltr'><strong>II.</strong></span> <span class='ocrx_word' id='word_1_201' title='bbox 234 1822 298 1864; x_wconf 83' lang='grc'>63,</span> <span class='ocrx_word' id='word_1_202' title='bbox 321 1823 409 1858; x_wconf 82' lang='lat'>256:</span> <span class='ocrx_word' id='word_1_203' title='bbox 450 1824 625 1865; x_wconf 83' lang='lat' dir='ltr'>„Alterum</span> <span class='ocrx_word' id='word_1_204' title='bbox 662 1836 766 1868; x_wconf 80' lang='lat' dir='ltr'>genus</span> <span class='ocrx_word' id='word_1_205' title='bbox 801 1831 864 1863; x_wconf 83' lang='lat' dir='ltr'>est,</span> 
     </span>
     <span class='ocr_line' id='line_1_31' title="bbox 87 1870 864 1916; baseline -0.004 -12"><span class='ocrx_word' id='word_1_206' title='bbox 87 1870 179 1916; x_wconf 86' lang='lat' dir='ltr'>quod</span> <span class='ocrx_word' id='word_1_207' title='bbox 198 1870 301 1904; x_wconf 79' lang='lat' dir='ltr'>habet</span> <span class='ocrx_word' id='word_1_208' title='bbox 320 1882 456 1914; x_wconf 86' lang='lat' dir='ltr'>parvam</span> <span class='ocrx_word' id='word_1_209' title='bbox 476 1871 569 1903; x_wconf 87' lang='lat' dir='ltr'>verbi</span> <span class='ocrx_word' id='word_1_210' title='bbox 585 1871 864 1908; x_wconf 72' lang='lat' dir='ltr'>immutationem,</span> 
     </span>
     <span class='ocr_line' id='line_1_32' title="bbox 87 1916 867 1962; baseline -0.003 -12"><span class='ocrx_word' id='word_1_211' title='bbox 87 1916 179 1962; x_wconf 84' lang='lat' dir='ltr'>quod</span> <span class='ocrx_word' id='word_1_212' title='bbox 210 1917 244 1949; x_wconf 92' lang='lat' dir='ltr'>in</span> <span class='ocrx_word' id='word_1_213' title='bbox 276 1916 390 1949; x_wconf 82' lang='lat' dir='ltr'>littera</span> <span class='ocrx_word' id='word_1_214' title='bbox 423 1916 570 1961; x_wconf 86' lang='lat' dir='ltr'>positum</span> <span class='ocrx_word' id='word_1_215' title='bbox 596 1916 716 1949; x_wconf 83' lang='lat' dir='ltr'>Graeci</span> <span class='ocrx_word' id='word_1_216' title='bbox 742 1923 867 1948; x_wconf 75' lang='lat' dir='ltr'>vocant</span> 
     </span>
     <span class='ocr_line' id='line_1_33' title="bbox 87 1962 869 2007; baseline -0.006 -9"><span class='ocrx_word' id='word_1_217' title='bbox 87 1962 358 2007; x_wconf 75' lang='grc' dir='ltr'>παρονομασίαν,</span> <span class='ocrx_word' id='word_1_218' title='bbox 383 1969 418 1994; x_wconf 87' lang='lat' dir='ltr'>ut</span> <span class='ocrx_word' id='word_1_219' title='bbox 442 1965 649 2003; x_wconf 84' lang='lat' dir='ltr'>Nobiliorem,</span> <span class='ocrx_word' id='word_1_220' title='bbox 675 1965 869 1994; x_wconf 80' lang='lat' dir='ltr'>mobiliorem</span> 
     </span>
     <span class='ocr_line' id='line_1_34' title="bbox 90 2008 863 2046; baseline -0.003 -5"><span class='ocrx_word' id='word_1_221' title='bbox 90 2009 198 2042; x_wconf 82' lang='lat' dir='ltr'>Cato“</span> <span class='ocrx_word' id='word_1_222' title='bbox 232 2015 297 2041; x_wconf 84' lang='lat' dir='ltr'>etc.</span> <span class='ocrx_word' id='word_1_223' title='bbox 345 2009 484 2041; x_wconf 84' lang='lat' dir='ltr'>Terent.</span> <span class='ocrx_word' id='word_1_224' title='bbox 507 2009 628 2040; x_wconf 77' lang='lat' dir='ltr'>Heaut.</span> <span class='ocrx_word' id='word_1_225' title='bbox 652 2010 691 2039; x_wconf 85' lang='grc' dir='ltr'>Ιῐ.</span> <span class='ocrx_word' id='word_1_226' title='bbox 713 2008 755 2046; x_wconf 80' lang='grc'>3,</span> <span class='ocrx_word' id='word_1_227' title='bbox 781 2008 863 2040; x_wconf 80' lang='lat'>115:</span> 
     </span>
     <span class='ocr_line' id='line_1_35' title="bbox 87 2053 866 2098; baseline -0.004 -10"><span class='ocrx_word' id='word_1_228' title='bbox 87 2054 168 2088; x_wconf 90' lang='lat' dir='ltr'>Tibi</span> <span class='ocrx_word' id='word_1_229' title='bbox 199 2061 297 2088; x_wconf 86' lang='lat' dir='ltr'>erunt</span> <span class='ocrx_word' id='word_1_230' title='bbox 328 2061 445 2098; x_wconf 85' lang='lat' dir='ltr'>parata</span> <span class='ocrx_word' id='word_1_231' title='bbox 475 2057 592 2095; x_wconf 85' lang='lat' dir='ltr'>verba,</span> <span class='ocrx_word' id='word_1_232' title='bbox 631 2053 707 2086; x_wconf 85' lang='lat' dir='ltr'>huic</span> <span class='ocrx_word' id='word_1_233' title='bbox 740 2053 866 2086; x_wconf 88' lang='lat' dir='ltr'>homini</span> 
     </span>
     <span class='ocr_line' id='line_1_36' title="bbox 667 2106 867 2132; baseline 0.005 -1"><span class='ocrx_word' id='word_1_234' title='bbox 667 2111 731 2132; x_wconf 84' lang='lat' dir='ltr'>nec</span> <span class='ocrx_word' id='word_1_235' title='bbox 753 2106 867 2132; x_wconf 82' lang='lat' dir='ltr'>tamen</span> 
     </span>
     <span class='ocr_line' id='line_1_37' title="bbox 85 2145 867 2190; baseline 0 -12"><span class='ocrx_word' id='word_1_236' title='bbox 85 2146 188 2179; x_wconf 86' lang='lat' dir='ltr'>istum</span> <span class='ocrx_word' id='word_1_237' title='bbox 216 2156 358 2187; x_wconf 85' lang='lat' dir='ltr'>cessare,</span> <span class='ocrx_word' id='word_1_238' title='bbox 391 2145 451 2178; x_wconf 91' lang='lat' dir='ltr'>sed</span> <span class='ocrx_word' id='word_1_239' title='bbox 480 2149 601 2187; x_wconf 79' lang='lat' dir='ltr'>celare,</span> <span class='ocrx_word' id='word_1_240' title='bbox 635 2158 719 2190; x_wconf 84' lang='lat' dir='ltr'>quae</span> <span class='ocrx_word' id='word_1_241' title='bbox 743 2147 867 2178; x_wconf 85' lang='lat' dir='ltr'>scribat</span> 
     </span>
     <span class='ocr_line' id='line_1_38' title="bbox 87 2190 867 2231; baseline 0 -7"><span class='ocrx_word' id='word_1_242' title='bbox 87 2191 250 2225; x_wconf 81' lang='lat' dir='ltr'>existimo.</span> <span class='ocrx_word' id='word_1_243' title='bbox 298 2193 399 2225; x_wconf 88' lang='lat' dir='ltr'>Tusc.</span> <span class='ocrx_word' id='word_1_244' title='bbox 421 2193 460 2223; x_wconf 94' lang='lat' dir='ltr'>V.</span> <span class='ocrx_word' id='word_1_245' title='bbox 484 2190 540 2231; x_wconf 72' lang='lat'>41,</span> <span class='ocrx_word' id='word_1_246' title='bbox 566 2192 648 2226; x_wconf 60' lang='lat'>115:</span> <span class='ocrx_word' id='word_1_247' title='bbox 675 2204 716 2224; x_wconf 88' lang='lat' dir='ltr'>ne</span> <span class='ocrx_word' id='word_1_248' title='bbox 737 2193 867 2225; x_wconf 89' lang='lat' dir='ltr'>sobrius</span> 
     </span>
     <span class='ocr_line' id='line_1_39' title="bbox 85 2237 738 2272; baseline 0 -2"><span class='ocrx_word' id='word_1_249' title='bbox 85 2237 121 2271; x_wconf 88' lang='lat' dir='ltr'>in</span> <span class='ocrx_word' id='word_1_250' title='bbox 143 2240 326 2272; x_wconf 81' lang='lat' dir='ltr'>violentiam</span> <span class='ocrx_word' id='word_1_251' title='bbox 349 2240 578 2272; x_wconf 83' lang='lat' dir='ltr'>vinolentorum</span> <span class='ocrx_word' id='word_1_252' title='bbox 601 2238 738 2271; x_wconf 88' lang='lat' dir='ltr'>incidat.</span> 
     </span>
     <span class='ocr_line' id='line_1_40' title="bbox 157 2284 867 2329; baseline -0.001 -11"><span class='ocrx_word' id='word_1_253' title='bbox 157 2284 337 2329; x_wconf 79' lang='lat' dir='ltr'>consecuta]</span> <span class='ocrx_word' id='word_1_254' title='bbox 357 2284 437 2317; x_wconf 84' lang='lat' dir='ltr'>Noli</span> <span class='ocrx_word' id='word_1_255' title='bbox 453 2284 595 2328; x_wconf 82' lang='lat' dir='ltr'>opinari,</span> <span class='ocrx_word' id='word_1_256' title='bbox 616 2285 755 2317; x_wconf 81' lang='lat' dir='ltr'>verbum</span> <span class='ocrx_word' id='word_1_257' title='bbox 771 2296 867 2318; x_wconf 79' lang='lat' dir='ltr'>com-</span> 
     </span>
     <span class='ocr_line' id='line_1_41' title="bbox 88 2330 867 2375; baseline 0 -12"><span class='ocrx_word' id='word_1_258' title='bbox 88 2330 237 2375; x_wconf 72' lang='lat' dir='ltr'>positum</span> <span class='ocrx_word' id='word_1_259' title='bbox 255 2330 322 2363; x_wconf 87' lang='lat' dir='ltr'>hoc</span> <span class='ocrx_word' id='word_1_260' title='bbox 339 2330 416 2363; x_wconf 91' lang='lat' dir='ltr'>loco</span> <span class='ocrx_word' id='word_1_261' title='bbox 437 2330 584 2374; x_wconf 85' lang='lat' dir='ltr'>positum</span> <span class='ocrx_word' id='word_1_262' title='bbox 609 2343 681 2363; x_wconf 84' lang='lat' dir='ltr'>esse</span> <span class='ocrx_word' id='word_1_263' title='bbox 698 2342 761 2374; x_wconf 91' lang='lat' dir='ltr'>pro</span> <span class='ocrx_word' id='word_1_264' title='bbox 782 2332 867 2364; x_wconf 87' lang='lat' dir='ltr'>sim-</span> 
     </span>
     <span class='ocr_line' id='line_1_42' title="bbox 87 2375 868 2421; baseline 0 -12"><span class='ocrx_word' id='word_1_265' title='bbox 87 2376 188 2421; x_wconf 87' lang='lat' dir='ltr'>plici:</span> <span class='ocrx_word' id='word_1_266' title='bbox 224 2375 316 2421; x_wconf 91' lang='lat' dir='ltr'>quod</span> <span class='ocrx_word' id='word_1_267' title='bbox 338 2376 410 2415; x_wconf 80' lang='lat' dir='ltr'>fieri</span> <span class='ocrx_word' id='word_1_268' title='bbox 434 2384 546 2421; x_wconf 85' lang='lat' dir='ltr'>potest</span> <span class='ocrx_word' id='word_1_269' title='bbox 578 2389 770 2421; x_wconf 76' lang='lat' dir='ltr'>nunquam5</span> <span class='ocrx_word' id='word_1_270' title='bbox 807 2377 868 2410; x_wconf 86' lang='lat' dir='ltr'>sed</span> 
     </span>
     <span class='ocr_line' id='line_1_43' title="bbox 86 2422 869 2467; baseline 0.003 -12"><span class='ocrx_word' id='word_1_271' title='bbox 86 2422 181 2456; x_wconf 89' lang='lat' dir='ltr'>locus</span> <span class='ocrx_word' id='word_1_272' title='bbox 213 2422 262 2456; x_wconf 88' lang='lat' dir='ltr'>ita</span> <span class='ocrx_word' id='word_1_273' title='bbox 295 2422 507 2467; x_wconf 78' lang='lat' dir='ltr'>accipiendus</span> <span class='ocrx_word' id='word_1_274' title='bbox 544 2431 613 2456; x_wconf 85' lang='lat' dir='ltr'>est:</span> <span class='ocrx_word' id='word_1_275' title='bbox 652 2427 722 2465; x_wconf 81' lang='lat' dir='ltr'>ipsa</span> <span class='ocrx_word' id='word_1_276' title='bbox 752 2427 869 2457; x_wconf 83' lang='lat' dir='ltr'>remis-</span> 
     </span>
     <span class='ocr_line' id='line_1_44' title="bbox 87 2470 868 2514; baseline 0.001 -13"><span class='ocrx_word' id='word_1_277' title='bbox 87 2471 134 2502; x_wconf 76' lang='lat' dir='ltr'>sio</span> <span class='ocrx_word' id='word_1_278' title='bbox 155 2471 256 2502; x_wconf 71' lang='lat' dir='ltr'>luctus</span> <span class='ocrx_word' id='word_1_279' title='bbox 285 2480 382 2510; x_wconf 81' lang='lat' dir='ltr'>quum</span> <span class='ocrx_word' id='word_1_280' title='bbox 411 2473 455 2502; x_wconf 81' lang='lat' dir='ltr'>est</span> <span class='ocrx_word' id='word_1_281' title='bbox 478 2477 610 2509; x_wconf 88' lang='lat' dir='ltr'>secuta,</span> <span class='ocrx_word' id='word_1_282' title='bbox 648 2470 695 2502; x_wconf 83' lang='lat' dir='ltr'>ita</span> <span class='ocrx_word' id='word_1_283' title='bbox 721 2470 868 2514; x_wconf 88' lang='lat' dir='ltr'>quidem,</span> 
     </span>
    </p>
   </div>
   <div class='ocr_carea' id='block_1_28' title="bbox 54 2514 866 2557">
    <p class='ocr_par' dir='ltr' id='par_1_28' title="bbox 54 2514 866 2557">
     <span class='ocr_line' id='line_1_45' title="bbox 54 2514 866 2557; baseline 0.001 -10"><span class='ocrx_word' id='word_1_284' title='bbox 54 2534 60 2542; x_wconf 88' lang='lat'>·</span> <span class='ocrx_word' id='word_1_285' title='bbox 87 2520 127 2547; x_wconf 82' lang='lat' dir='ltr'>ut</span> <span class='ocrx_word' id='word_1_286' title='bbox 147 2514 246 2548; x_wconf 88' lang='lat' dir='ltr'>simul</span> <span class='ocrx_word' id='word_1_287' title='bbox 269 2517 470 2557; x_wconf 80' lang='lat' dir='ltr'>intelliyatur.</span> <span class='ocrx_word' id='word_1_288' title='bbox 527 2517 569 2549; x_wconf 91' lang='lat' dir='ltr'>V.</span> <span class='ocrx_word' id='word_1_289' title='bbox 591 2516 763 2549; x_wconf 79' lang='lat' dir='ltr'>Adnotata</span> <span class='ocrx_word' id='word_1_290' title='bbox 784 2515 819 2548; x_wconf 85' lang='lat' dir='ltr'>in</span> <span class='ocrx_word' id='word_1_291' title='bbox 840 2517 866 2550; x_wconf 89' lang='lat' dir='ltr'><strong>I.</strong></span> 
     </span>
    </p>
   </div>
   <div class='ocr_carea' id='block_1_29' title="bbox 90 2558 868 2687">
    <p class='ocr_par' dir='ltr' id='par_1_29' title="bbox 90 2558 868 2687">
     <span class='ocr_line' id='line_1_46' title="bbox 91 2558 868 2651; baseline -0.003 -10"><span class='ocrx_word' id='word_1_292' title='bbox 91 2558 459 2651; x_wconf 41' lang='grc' dir='ltr'>Σ16’δι-ζ’)(ῗ.Τενεεηίἑανηιε]</span> <span class='ocrx_word' id='word_1_293' title='bbox 485 2607 721 2649; x_wconf 85' lang='lat' dir='ltr'>Menedemus,</span> <span class='ocrx_word' id='word_1_294' title='bbox 748 2607 803 2651; x_wconf 86' lang='lat' dir='ltr'>qui</span> <span class='ocrx_word' id='word_1_295' title='bbox 824 2607 868 2640; x_wconf 92' lang='lat' dir='ltr'>ob</span> 
     </span>
     <span class='ocr_line' id='line_1_47' title="bbox 90 2649 865 2687; baseline 0.003 -4"><span class='ocrx_word' id='word_1_296' title='bbox 90 2649 151 2683; x_wconf 82' lang='lat' dir='ltr'>filii</span> <span class='ocrx_word' id='word_1_297' title='bbox 180 2652 365 2686; x_wconf 82' lang='lat' dir='ltr'>absentiam</span> <span class='ocrx_word' id='word_1_298' title='bbox 402 2666 438 2686; x_wconf 88' lang='lat' dir='ltr'>se</span> <span class='ocrx_word' id='word_1_299' title='bbox 471 2654 694 2687; x_wconf 82' lang='lat' dir='ltr'>excruciabat.</span> <span class='ocrx_word' id='word_1_300' title='bbox 743 2655 865 2687; x_wconf 85' lang='lat' dir='ltr'>Heaut.</span> 
     </span>
    </p>
   </div>
   <div class='ocr_carea' id='block_1_30' title="bbox 16 2681 498 2734">
    <p class='ocr_par' dir='ltr' id='par_1_30' title="bbox 16 2681 498 2734">
     <span class='ocr_line' id='line_1_48' title="bbox 16 2681 498 2734; baseline 0.01 -7"><span class='ocrx_word' id='word_1_301' title='bbox 16 2681 17 2684; x_wconf 71' lang='grc'>’</span> <span class='ocrx_word' id='word_1_302' title='bbox 69 2697 166 2730; x_wconf 58' lang='grc' dir='ltr'>Ἀσιι</span> <span class='ocrx_word' id='word_1_303' title='bbox 187 2699 213 2730; x_wconf 91' lang='lat'><strong>1.</strong></span> <span class='ocrx_word' id='word_1_304' title='bbox 238 2711 284 2732; x_wconf 79' lang='lat' dir='ltr'>sc.</span> <span class='ocrx_word' id='word_1_305' title='bbox 310 2701 336 2732; x_wconf 87' lang='lat'><strong>1.</strong></span> <span class='ocrx_word' id='word_1_306' title='bbox 361 2698 416 2733; x_wconf 77' lang='lat'><strong>95.</strong></span> <span class='ocrx_word' id='word_1_307' title='bbox 442 2700 498 2734; x_wconf 61' lang='lat'>83.</span> 
     </span>
    </p>
   </div>
   <div class='ocr_carea' id='block_1_31' title="bbox 89 2744 869 3018">
    <p class='ocr_par' dir='ltr' id='par_1_31' title="bbox 89 2744 869 3018">
     <span class='ocr_line' id='line_1_49' title="bbox 156 2744 866 2790; baseline 0.003 -14"><span class='ocrx_word' id='word_1_308' title='bbox 156 2745 223 2784; x_wconf 77' lang='lat' dir='ltr'>ipse</span> <span class='ocrx_word' id='word_1_309' title='bbox 251 2755 284 2778; x_wconf 86' lang='lat' dir='ltr'>se</span> <span class='ocrx_word' id='word_1_310' title='bbox 307 2748 474 2787; x_wconf 66' lang='lat' dir='ltr'>polemeus,</span> <span class='ocrx_word' id='word_1_311' title='bbox 507 2748 541 2779; x_wconf 80' lang='lat' dir='ltr'>id</span> <span class='ocrx_word' id='word_1_312' title='bbox 565 2750 608 2779; x_wconf 85' lang='lat' dir='ltr'>est</span> <span class='ocrx_word' id='word_1_313' title='bbox 637 2744 756 2781; x_wconf 70' lang='grc' dir='ltr'>ἑαυτὸν</span> <span class='ocrx_word' id='word_1_314' title='bbox 778 2747 866 2790; x_wconf 79' lang='grc' dir='ltr'>τιμ.]</span> 
     </span>
     <span class='ocr_line' id='line_1_50' title="bbox 90 2786 868 2830; baseline 0.008 -11"><span class='ocrx_word' id='word_1_315' title='bbox 90 2786 192 2830; x_wconf 81' lang='lat' dir='ltr'>Multi</span> <span class='ocrx_word' id='word_1_316' title='bbox 215 2789 360 2823; x_wconf 78' lang='lat' dir='ltr'>editores</span> <span class='ocrx_word' id='word_1_317' title='bbox 390 2791 606 2825; x_wconf 86' lang='lat' dir='ltr'>offenderunt</span> <span class='ocrx_word' id='word_1_318' title='bbox 632 2792 666 2825; x_wconf 89' lang='lat' dir='ltr'>in</span> <span class='ocrx_word' id='word_1_319' title='bbox 698 2793 808 2825; x_wconf 88' lang='lat' dir='ltr'>verbis</span> <span class='ocrx_word' id='word_1_320' title='bbox 834 2795 868 2825; x_wconf 82' lang='lat' dir='ltr'>id</span> 
     </span>
     <span class='ocr_line' id='line_1_51' title="bbox 91 2831 867 2882; baseline 0.005 -15"><span class='ocrx_word' id='word_1_321' title='bbox 91 2835 136 2864; x_wconf 68' lang='lat' dir='ltr'>est</span> <span class='ocrx_word' id='word_1_322' title='bbox 156 2831 183 2867; x_wconf 79' lang='grc' dir='ltr'>ἓ.</span> <span class='ocrx_word' id='word_1_323' title='bbox 202 2845 232 2868; x_wconf 96' lang='grc' dir='ltr'>τ.</span> <span class='ocrx_word' id='word_1_324' title='bbox 278 2836 346 2869; x_wconf 88' lang='lat' dir='ltr'>Sed</span> <span class='ocrx_word' id='word_1_325' title='bbox 379 2837 450 2870; x_wconf 83' lang='lat' dir='ltr'>aliis</span> <span class='ocrx_word' id='word_1_326' title='bbox 485 2850 617 2882; x_wconf 88' lang='lat' dir='ltr'>quoque</span> <span class='ocrx_word' id='word_1_327' title='bbox 642 2838 726 2871; x_wconf 84' lang='lat' dir='ltr'>loeis</span> <span class='ocrx_word' id='word_1_328' title='bbox 751 2839 867 2872; x_wconf 84' lang='lat' dir='ltr'>Cicero</span> 
     </span>
     <span class='ocr_line' id='line_1_52' title="bbox 89 2877 868 2929; baseline 0.01 -20"><span class='ocrx_word' id='word_1_329' title='bbox 89 2877 214 2912; x_wconf 79' lang='lat' dir='ltr'>latinae</span> <span class='ocrx_word' id='word_1_330' title='bbox 225 2880 499 2925; x_wconf 82' lang='lat' dir='ltr'>interpretationi</span> <span class='ocrx_word' id='word_1_331' title='bbox 515 2884 648 2917; x_wconf 78' lang='lat' dir='ltr'>subiicit</span> <span class='ocrx_word' id='word_1_332' title='bbox 666 2897 786 2929; x_wconf 86' lang='lat' dir='ltr'>graeca</span> <span class='ocrx_word' id='word_1_333' title='bbox 803 2897 868 2917; x_wconf 89' lang='lat' dir='ltr'>vo-</span> 
     </span>
     <span class='ocr_line' id='line_1_53' title="bbox 93 2923 869 2974; baseline 0.009 -19"><span class='ocrx_word' id='word_1_334' title='bbox 93 2923 210 2957; x_wconf 84' lang='lat' dir='ltr'>cabula</span> <span class='ocrx_word' id='word_1_335' title='bbox 230 2937 291 2969; x_wconf 87' lang='lat' dir='ltr'>per</span> <span class='ocrx_word' id='word_1_336' title='bbox 311 2929 347 2960; x_wconf 74' lang='lat' dir='ltr'>id</span> <span class='ocrx_word' id='word_1_337' title='bbox 367 2933 423 2970; x_wconf 80' lang='lat' dir='ltr'>est,</span> <span class='ocrx_word' id='word_1_338' title='bbox 448 2930 539 2974; x_wconf 90' lang='lat' dir='ltr'>quod</span> <span class='ocrx_word' id='word_1_339' title='bbox 561 2930 632 2962; x_wconf 86' lang='lat' dir='ltr'>fere</span> <span class='ocrx_word' id='word_1_340' title='bbox 654 2931 745 2963; x_wconf 85' lang='lat' dir='ltr'>idem</span> <span class='ocrx_word' id='word_1_341' title='bbox 768 2931 869 2970; x_wconf 81' lang='lat' dir='ltr'>valet,</span> 
     </span>
     <span class='ocr_line' id='line_1_54' title="bbox 91 2969 868 3018; baseline 0.006 -15"><span class='ocrx_word' id='word_1_342' title='bbox 91 2969 184 3014; x_wconf 91' lang='lat' dir='ltr'>quod</span> <span class='ocrx_word' id='word_1_343' title='bbox 205 2972 241 3004; x_wconf 75' lang='lat' dir='ltr'>id</span> <span class='ocrx_word' id='word_1_344' title='bbox 259 2975 303 3013; x_wconf 63' lang='lat' dir='ltr'>est</span> <span class='ocrx_word' id='word_1_345' title='bbox 323 2975 415 3008; x_wconf 80' lang='lat' dir='ltr'>enim.</span> <span class='ocrx_word' id='word_1_346' title='bbox 463 2976 505 3009; x_wconf 90' lang='lat' dir='ltr'>V.</span> <span class='ocrx_word' id='word_1_347' title='bbox 527 2978 730 3018; x_wconf 68' lang='lat' dir='ltr'>Madvigium</span> <span class='ocrx_word' id='word_1_348' title='bbox 761 2976 806 3009; x_wconf 89' lang='lat' dir='ltr'>ad</span> <span class='ocrx_word' id='word_1_349' title='bbox 833 2976 868 3008; x_wconf 93' lang='lat' dir='ltr'><strong>C.</strong></span> 
     </span>
    </p>
   </div>
   <div class='ocr_carea' id='block_1_32' title="bbox 901 1821 1684 3016">
    <p class='ocr_par' dir='ltr' id='par_1_32' title="bbox 901 1821 1684 3016">
     <span class='ocr_line' id='line_1_55' title="bbox 901 1821 1680 1865; baseline 0.001 -10"><span class='ocrx_word' id='word_1_350' title='bbox 901 1823 973 1855; x_wconf 82' lang='lat' dir='ltr'>Fin.</span> <span class='ocrx_word' id='word_1_351' title='bbox 998 1825 1021 1855; x_wconf 87' lang='grc' dir='ltr'>Ι.</span> <span class='ocrx_word' id='word_1_352' title='bbox 1046 1823 1097 1863; x_wconf 80' lang='lat' dir='ltr'>ls),</span> <span class='ocrx_word' id='word_1_353' title='bbox 1120 1822 1174 1856; x_wconf 80' lang='grc'>33.</span> <span class='ocrx_word' id='word_1_354' title='bbox 1197 1834 1228 1865; x_wconf 91' lang='lat' dir='ltr'><strong>p.</strong></span> <span class='ocrx_word' id='word_1_355' title='bbox 1243 1821 1297 1856; x_wconf 68' lang='grc'>72.</span> <span class='ocrx_word' id='word_1_356' title='bbox 1349 1822 1400 1853; x_wconf 86' lang='lat' dir='ltr'><strong>Cf.</strong></span> <span class='ocrx_word' id='word_1_357' title='bbox 1424 1821 1513 1854; x_wconf 87' lang='lat' dir='ltr'>infra</span> <span class='ocrx_word' id='word_1_358' title='bbox 1530 1823 1570 1856; x_wconf 86' lang='lat' dir='ltr'><strong>V.</strong></span> <span class='ocrx_word' id='word_1_359' title='bbox 1589 1822 1622 1864; x_wconf 83' lang='lat'>3,</span> <span class='ocrx_word' id='word_1_360' title='bbox 1638 1822 1680 1858; x_wconf 86' lang='lat'>9:</span> 
     </span>
     <span class='ocr_line' id='line_1_56' title="bbox 901 1867 1682 1912; baseline 0.001 -11"><span class='ocrx_word' id='word_1_361' title='bbox 901 1871 973 1901; x_wconf 89' lang='lat' dir='ltr'>Hos</span> <span class='ocrx_word' id='word_1_362' title='bbox 993 1881 1028 1901; x_wconf 85' lang='lat' dir='ltr'>se</span> <span class='ocrx_word' id='word_1_363' title='bbox 1046 1868 1218 1912; x_wconf 80' lang='lat' dir='ltr'>appellare</span> <span class='ocrx_word' id='word_1_364' title='bbox 1240 1867 1426 1911; x_wconf 82' lang='lat' dir='ltr'>sapientiae</span> <span class='ocrx_word' id='word_1_365' title='bbox 1444 1868 1626 1911; x_wconf 81' lang='lat' dir='ltr'>studiosos,</span> <span class='ocrx_word' id='word_1_366' title='bbox 1646 1872 1682 1904; x_wconf 83' lang='lat' dir='ltr'>id</span> 
     </span>
     <span class='ocr_line' id='line_1_57' title="bbox 901 1914 1306 1958; baseline -0.007 -10"><span class='ocrx_word' id='word_1_367' title='bbox 901 1919 944 1948; x_wconf 79' lang='lat' dir='ltr'>est</span> <span class='ocrx_word' id='word_1_368' title='bbox 969 1918 1050 1947; x_wconf 83' lang='lat' dir='ltr'>enim</span> <span class='ocrx_word' id='word_1_369' title='bbox 1074 1914 1306 1958; x_wconf 79' lang='lat' dir='ltr'>philosophos.</span> 
     </span>
     <span class='ocr_line' id='line_1_58' title="bbox 970 1960 1682 2005; baseline 0 -12"><span class='ocrx_word' id='word_1_370' title='bbox 970 1961 1113 2005; x_wconf 82' lang='lat' dir='ltr'>deputat]</span> <span class='ocrx_word' id='word_1_371' title='bbox 1151 1962 1200 1992; x_wconf 84' lang='lat' dir='ltr'>Ex</span> <span class='ocrx_word' id='word_1_372' title='bbox 1234 1960 1300 1993; x_wconf 86' lang='lat' dir='ltr'>hoc</span> <span class='ocrx_word' id='word_1_373' title='bbox 1329 1960 1407 1993; x_wconf 89' lang='lat' dir='ltr'>loco</span> <span class='ocrx_word' id='word_1_374' title='bbox 1429 1972 1498 1992; x_wconf 93' lang='lat' dir='ltr'>non</span> <span class='ocrx_word' id='word_1_375' title='bbox 1521 1960 1682 2005; x_wconf 85' lang='lat' dir='ltr'>sequitur,</span> 
     </span>
     <span class='ocr_line' id='line_1_59' title="bbox 901 2006 1683 2050; baseline 0.001 -11"><span class='ocrx_word' id='word_1_376' title='bbox 901 2007 1040 2039; x_wconf 76' lang='lat' dir='ltr'>verbum</span> <span class='ocrx_word' id='word_1_377' title='bbox 1059 2009 1235 2048; x_wconf 81' lang='lat' dir='ltr'>deputandi</span> <span class='ocrx_word' id='word_1_378' title='bbox 1254 2006 1343 2050; x_wconf 85' lang='lat' dir='ltr'>apud</span> <span class='ocrx_word' id='word_1_379' title='bbox 1358 2006 1554 2039; x_wconf 80' lang='lat' dir='ltr'>Ciceronem</span> <span class='ocrx_word' id='word_1_380' title='bbox 1576 2007 1683 2040; x_wconf 88' lang='lat' dir='ltr'>omni-</span> 
     </span>
     <span class='ocr_line' id='line_1_60' title="bbox 902 2052 1683 2098; baseline 0.001 -13"><span class='ocrx_word' id='word_1_381' title='bbox 902 2065 1013 2097; x_wconf 82' lang='lat' dir='ltr'>noque</span> <span class='ocrx_word' id='word_1_382' title='bbox 1045 2053 1134 2098; x_wconf 81' lang='lat' dir='ltr'>apnd</span> <span class='ocrx_word' id='word_1_383' title='bbox 1167 2053 1262 2085; x_wconf 79' lang='lat' dir='ltr'>huius</span> <span class='ocrx_word' id='word_1_384' title='bbox 1294 2052 1412 2085; x_wconf 77' lang='lat' dir='ltr'>aetatis</span> <span class='ocrx_word' id='word_1_385' title='bbox 1435 2053 1616 2096; x_wconf 84' lang='lat' dir='ltr'>scriptores</span> <span class='ocrx_word' id='word_1_386' title='bbox 1648 2054 1683 2086; x_wconf 88' lang='lat' dir='ltr'>in</span> 
     </span>
     <span class='ocr_line' id='line_1_61' title="bbox 902 2099 1682 2143; baseline 0.003 -12"><span class='ocrx_word' id='word_1_387' title='bbox 902 2111 962 2132; x_wconf 90' lang='lat' dir='ltr'>usu</span> <span class='ocrx_word' id='word_1_388' title='bbox 982 2099 1104 2143; x_wconf 82' lang='lat' dir='ltr'>fuisse,</span> <span class='ocrx_word' id='word_1_389' title='bbox 1130 2111 1230 2143; x_wconf 89' lang='lat' dir='ltr'>quum</span> <span class='ocrx_word' id='word_1_390' title='bbox 1254 2099 1370 2132; x_wconf 83' lang='lat' dir='ltr'>Cicero</span> <span class='ocrx_word' id='word_1_391' title='bbox 1391 2099 1424 2131; x_wconf 90' lang='lat' dir='ltr'><strong>h.</strong></span> <span class='ocrx_word' id='word_1_392' title='bbox 1440 2099 1462 2131; x_wconf 92' lang='lat' dir='ltr'><strong>l.</strong></span> <span class='ocrx_word' id='word_1_393' title='bbox 1487 2100 1559 2132; x_wconf 88' lang='lat' dir='ltr'>sine</span> <span class='ocrx_word' id='word_1_394' title='bbox 1579 2100 1682 2133; x_wconf 91' lang='lat' dir='ltr'>dubio</span> 
     </span>
     <span class='ocr_line' id='line_1_62' title="bbox 901 2145 1684 2185; baseline 0.003 -7"><span class='ocrx_word' id='word_1_395' title='bbox 901 2146 967 2178; x_wconf 91' lang='lat' dir='ltr'>hoc</span> <span class='ocrx_word' id='word_1_396' title='bbox 988 2146 1092 2178; x_wconf 88' lang='lat' dir='ltr'>verbo</span> <span class='ocrx_word' id='word_1_397' title='bbox 1111 2157 1226 2178; x_wconf 85' lang='lat' dir='ltr'>usurus</span> <span class='ocrx_word' id='word_1_398' title='bbox 1248 2157 1314 2178; x_wconf 90' lang='lat' dir='ltr'>non</span> <span class='ocrx_word' id='word_1_399' title='bbox 1337 2145 1450 2185; x_wconf 80' lang='lat' dir='ltr'>fuerit,</span> <span class='ocrx_word' id='word_1_400' title='bbox 1475 2145 1538 2178; x_wconf 85' lang='lat' dir='ltr'>nisi</span> <span class='ocrx_word' id='word_1_401' title='bbox 1557 2145 1590 2179; x_wconf 85' lang='lat' dir='ltr'>in</span> <span class='ocrx_word' id='word_1_402' title='bbox 1609 2147 1684 2180; x_wconf 83' lang='lat' dir='ltr'>Te-</span> 
     </span>
     <span class='ocr_line' id='line_1_63' title="bbox 901 2191 1431 2236; baseline -0.006 -11"><span class='ocrx_word' id='word_1_403' title='bbox 901 2192 1056 2225; x_wconf 78' lang='lat' dir='ltr'>rentiano</span> <span class='ocrx_word' id='word_1_404' title='bbox 1082 2192 1159 2224; x_wconf 83' lang='lat' dir='ltr'>loco</span> <span class='ocrx_word' id='word_1_405' title='bbox 1185 2191 1431 2236; x_wconf 69' lang='lat' dir='ltr'>praecessisset.</span> 
     </span>
     <span class='ocr_line' id='line_1_64' title="bbox 971 2237 1681 2282; baseline -0.001 -11"><span class='ocrx_word' id='word_1_406' title='bbox 971 2241 1060 2280; x_wconf 84' lang='lat' dir='ltr'>apud</span> <span class='ocrx_word' id='word_1_407' title='bbox 1079 2238 1264 2282; x_wconf 84' lang='lat' dir='ltr'>Homerum]</span> <span class='ocrx_word' id='word_1_408' title='bbox 1284 2238 1377 2270; x_wconf 82' lang='lat' dir='ltr'>Iliad.</span> <span class='ocrx_word' id='word_1_409' title='bbox 1394 2238 1494 2277; x_wconf 85' lang='lat' dir='ltr'>XIX,</span> <span class='ocrx_word' id='word_1_410' title='bbox 1508 2237 1575 2272; x_wconf 75' lang='lat'>226</span> <span class='ocrx_word' id='word_1_411' title='bbox 1588 2249 1681 2282; x_wconf 87' lang='lat' dir='ltr'><strong>sqq.:</strong></span> 
     </span>
     <span class='ocr_line' id='line_1_65' title="bbox 948 2280 1684 2337; baseline -0.001 -18"><span class='ocrx_word' id='word_1_412' title='bbox 948 2285 1036 2328; x_wconf 76' lang='grc' dir='ltr'>Δίην</span> <span class='ocrx_word' id='word_1_413' title='bbox 1060 2283 1125 2328; x_wconf 72' lang='grc' dir='ltr'>γὰρ</span> <span class='ocrx_word' id='word_1_414' title='bbox 1150 2284 1265 2319; x_wconf 70' lang='grc' dir='ltr'>πολλοὶ</span> <span class='ocrx_word' id='word_1_415' title='bbox 1287 2287 1346 2319; x_wconf 73' lang='grc' dir='ltr'>καὶ</span> <span class='ocrx_word' id='word_1_416' title='bbox 1364 2281 1543 2337; x_wconf 55' lang='lat' dir='ltr'>‹irrito-390¹.</span> <span class='ocrx_word' id='word_1_417' title='bbox 1565 2280 1684 2328; x_wconf 65' lang='grc' dir='ltr'>ἤματα</span> 
     </span>
     <span class='ocr_line' id='line_1_66' title="bbox 1179 2342 1547 2364; baseline -0.005 1"><span class='ocrx_word' id='word_1_418' title='bbox 1179 2348 1181 2350; x_wconf 95' lang='grc'><strong><em>·</em></strong></span> <span class='ocrx_word' id='word_1_419' title='bbox 1439 2342 1547 2364; x_wconf 64' lang='lat' dir='ltr'>:totvm</span> 
     </span>
     <span class='ocr_line' id='line_1_67' title="bbox 949 2372 1684 2429; baseline -0.003 -18"><span class='ocrx_word' id='word_1_420' title='bbox 949 2377 1138 2411; x_wconf 72' lang='grc' dir='ltr'>Πίπτευσιν</span> <span class='ocrx_word' id='word_1_421' title='bbox 1155 2389 1162 2397; x_wconf 88' lang='grc'><em>·</em></span> <span class='ocrx_word' id='word_1_422' title='bbox 1196 2375 1281 2411; x_wconf 80' lang='grc' dir='ltr'>πότε</span> <span class='ocrx_word' id='word_1_423' title='bbox 1307 2375 1364 2411; x_wconf 77' lang='grc' dir='ltr'>κέν</span> <span class='ocrx_word' id='word_1_424' title='bbox 1388 2387 1439 2415; x_wconf 70' lang='grc' dir='ltr'>τις</span> <span class='ocrx_word' id='word_1_425' title='bbox 1463 2372 1684 2429; x_wconf 48' lang='lat' dir='ltr'>gummeth-ete</span> 
     </span>
     <span class='ocr_line' id='line_1_68' title="bbox 1437 2433 1570 2461; baseline -0.015 -5"><span class='ocrx_word' id='word_1_426' title='bbox 1437 2433 1570 2461; x_wconf 73' lang='grc' dir='ltr'>πονοιος</span> 
     </span>
     <span class='ocr_line' id='line_1_69' title="bbox 948 2462 1684 2514; baseline -0.007 -10"><span class='ocrx_word' id='word_1_427' title='bbox 948 2467 1055 2504; x_wconf 70' lang='grc' dir='ltr'>Ἀλλὰ</span> <span class='ocrx_word' id='word_1_428' title='bbox 1090 2467 1155 2514; x_wconf 69' lang='grc' dir='ltr'>χρὴ</span> <span class='ocrx_word' id='word_1_429' title='bbox 1181 2467 1239 2504; x_wconf 73' lang='grc' dir='ltr'>τὸν</span> <span class='ocrx_word' id='word_1_430' title='bbox 1275 2468 1334 2513; x_wconf 73' lang='grc' dir='ltr'>μὲν</span> <span class='ocrx_word' id='word_1_431' title='bbox 1358 2465 1609 2507; x_wconf 50' lang='lat' dir='ltr'>zuentinam,</span> <span class='ocrx_word' id='word_1_432' title='bbox 1644 2462 1684 2505; x_wconf 71' lang='grc' dir='ltr'>ὅς</span> 
     </span>
     <span class='ocr_line' id='line_1_70' title="bbox 1436 2508 1660 2556; baseline -0.009 -9"><span class='ocrx_word' id='word_1_433' title='bbox 1436 2525 1477 2547; x_wconf 79' lang='grc' dir='ltr'>κε</span> <span class='ocrx_word' id='word_1_434' title='bbox 1506 2508 1660 2556; x_wconf 41' lang='lat' dir='ltr'>‘sd-anor&amp;</span> 
     </span>
     <span class='ocr_line' id='line_1_71' title="bbox 949 2553 1683 2611; baseline -0.007 -15"><span class='ocrx_word' id='word_1_435' title='bbox 949 2561 1072 2606; x_wconf 68' lang='grc' dir='ltr'><strong>Νηλέα.</strong></span> <span class='ocrx_word' id='word_1_436' title='bbox 1096 2559 1205 2605; x_wconf 61' lang='lat' dir='ltr'>{Junci-a</span> <span class='ocrx_word' id='word_1_437' title='bbox 1232 2559 1390 2606; x_wconf 62' lang='grc' dir='ltr'>ἔγρντας,</span> <span class='ocrx_word' id='word_1_438' title='bbox 1417 2555 1468 2592; x_wconf 75' lang='grc' dir='ltr'>ἐπ’</span> <span class='ocrx_word' id='word_1_439' title='bbox 1492 2553 1602 2611; x_wconf 50' lang='grc' dir='ltr'>ἤματι</span> <span class='ocrx_word' id='word_1_440' title='bbox 1622 2559 1683 2592; x_wconf 86' lang='grc' dir='ltr'>δα-</span> 
     </span>
     <span class='ocr_line' id='line_1_72' title="bbox 1436 2614 1639 2645; baseline -0.01 -8"><span class='ocrx_word' id='word_1_441' title='bbox 1436 2614 1639 2645; x_wconf 69' lang='grc' dir='ltr'>κρυῦαντας.</span> 
     </span>
     <span class='ocr_line' id='line_1_73' title="bbox 907 2647 1682 2697; baseline -0.012 -10"><span class='ocrx_word' id='word_1_442' title='bbox 907 2655 988 2687; x_wconf 90' lang='lat' dir='ltr'>Cum</span> <span class='ocrx_word' id='word_1_443' title='bbox 1006 2654 1040 2686; x_wconf 91' lang='lat' dir='ltr'><strong>h.</strong></span> <span class='ocrx_word' id='word_1_444' title='bbox 1053 2654 1074 2686; x_wconf 89' lang='lat' dir='ltr'><strong>l.</strong></span> <span class='ocrx_word' id='word_1_445' title='bbox 1099 2659 1270 2697; x_wconf 82' lang='lat' dir='ltr'>comparat</span> <span class='ocrx_word' id='word_1_446' title='bbox 1282 2653 1433 2684; x_wconf 78' lang='lat' dir='ltr'>Davisius</span> <span class='ocrx_word' id='word_1_447' title='bbox 1445 2651 1521 2681; x_wconf 88' lang='lat' dir='ltr'>Sen.</span> <span class='ocrx_word' id='word_1_448' title='bbox 1544 2660 1595 2692; x_wconf 86' lang='lat' dir='ltr'><strong>ep.</strong></span> <span class='ocrx_word' id='word_1_449' title='bbox 1613 2647 1682 2691; x_wconf 81' lang='lat'>63„</span> 
     </span>
     <span class='ocr_line' id='line_1_74' title="bbox 904 2694 1628 2738; baseline -0.01 -5"><span class='ocrx_word' id='word_1_450' title='bbox 904 2701 960 2733; x_wconf 85' lang='lat' dir='ltr'>ubi</span> <span class='ocrx_word' id='word_1_451' title='bbox 983 2701 1073 2732; x_wconf 90' lang='lat' dir='ltr'>idem</span> <span class='ocrx_word' id='word_1_452' title='bbox 1098 2699 1297 2732; x_wconf 86' lang='lat' dir='ltr'>Homericus</span> <span class='ocrx_word' id='word_1_453' title='bbox 1322 2697 1416 2729; x_wconf 88' lang='lat' dir='ltr'>locus</span> <span class='ocrx_word' id='word_1_454' title='bbox 1440 2694 1628 2738; x_wconf 85' lang='lat' dir='ltr'>respicitur.</span> 
     </span>
     <span class='ocr_line' id='line_1_75' title="bbox 971 2740 1683 2786; baseline -0.008 -6"><span class='ocrx_word' id='word_1_455' title='bbox 971 2746 1027 2780; x_wconf 83' lang='lat'><strong>66.</strong></span> <span class='ocrx_word' id='word_1_456' title='bbox 1055 2749 1187 2778; x_wconf 75' lang='lat' dir='ltr'>abiicere</span> <span class='ocrx_word' id='word_1_457' title='bbox 1203 2742 1356 2786; x_wconf 79' lang='lat' dir='ltr'>dolorem]</span> <span class='ocrx_word' id='word_1_458' title='bbox 1372 2742 1451 2773; x_wconf 90' lang='lat' dir='ltr'>Non</span> <span class='ocrx_word' id='word_1_459' title='bbox 1470 2752 1544 2772; x_wconf 89' lang='lat' dir='ltr'>cum</span> <span class='ocrx_word' id='word_1_460' title='bbox 1552 2740 1683 2775; x_wconf 87' lang='lat' dir='ltr'>Wolfio</span> 
     </span>
     <span class='ocr_line' id='line_1_76' title="bbox 904 2785 1683 2835; baseline -0.006 -10"><span class='ocrx_word' id='word_1_461' title='bbox 904 2795 1042 2835; x_wconf 80' lang='lat' dir='ltr'>aliquem</span> <span class='ocrx_word' id='word_1_462' title='bbox 1067 2789 1291 2835; x_wconf 81' lang='lat' dir='ltr'>supplendum</span> <span class='ocrx_word' id='word_1_463' title='bbox 1315 2794 1384 2827; x_wconf 84' lang='lat' dir='ltr'>est,</span> <span class='ocrx_word' id='word_1_464' title='bbox 1409 2785 1471 2818; x_wconf 87' lang='lat' dir='ltr'>sed</span> <span class='ocrx_word' id='word_1_465' title='bbox 1495 2798 1683 2830; x_wconf 89' lang='lat' dir='ltr'>pronomen</span> 
     </span>
     <span class='ocr_line' id='line_1_77' title="bbox 903 2833 1684 2882; baseline -0.006 -11"><span class='ocrx_word' id='word_1_466' title='bbox 903 2844 951 2880; x_wconf 82' lang='lat' dir='ltr'>te,</span> <span class='ocrx_word' id='word_1_467' title='bbox 977 2838 1069 2882; x_wconf 86' lang='lat' dir='ltr'>quod</span> <span class='ocrx_word' id='word_1_468' title='bbox 1093 2850 1111 2869; x_wconf 92' lang='lat' dir='ltr'>e</span> <span class='ocrx_word' id='word_1_469' title='bbox 1129 2848 1221 2879; x_wconf 88' lang='lat' dir='ltr'>seqq.</span> <span class='ocrx_word' id='word_1_470' title='bbox 1242 2844 1339 2875; x_wconf 85' lang='lat' dir='ltr'>quum</span> <span class='ocrx_word' id='word_1_471' title='bbox 1361 2834 1438 2865; x_wconf 71' lang='lat' dir='ltr'>velis</span> <span class='ocrx_word' id='word_1_472' title='bbox 1461 2833 1684 2875; x_wconf 86' lang='lat' dir='ltr'>repetendum</span> 
     </span>
     <span class='ocr_line' id='line_1_78' title="bbox 905 2876 1524 2918; baseline -0.006 -3"><span class='ocrx_word' id='word_1_473' title='bbox 905 2892 967 2918; x_wconf 84' lang='lat' dir='ltr'>est.</span> <span class='ocrx_word' id='word_1_474' title='bbox 1015 2886 1056 2918; x_wconf 88' lang='lat' dir='ltr'><strong>V.</strong></span> <span class='ocrx_word' id='word_1_475' title='bbox 1079 2883 1248 2915; x_wconf 79' lang='lat' dir='ltr'>Adnotata</span> <span class='ocrx_word' id='word_1_476' title='bbox 1270 2880 1304 2911; x_wconf 89' lang='lat' dir='ltr'>in</span> <span class='ocrx_word' id='word_1_477' title='bbox 1327 2879 1352 2910; x_wconf 93' lang='lat' dir='ltr'><strong>I.</strong></span> <span class='ocrx_word' id='word_1_478' title='bbox 1378 2877 1442 2918; x_wconf 73' lang='grc' dir='ltr'>ὃὸ,</span> <span class='ocrx_word' id='word_1_479' title='bbox 1468 2876 1524 2912; x_wconf 86' lang='grc'>91.</span> 
     </span>
     <span class='ocr_line' id='line_1_79' title="bbox 974 2923 1682 2972; baseline -0.004 -10"><span class='ocrx_word' id='word_1_480' title='bbox 974 2932 1124 2972; x_wconf 79' lang='lat' dir='ltr'>quoniam</span> <span class='ocrx_word' id='word_1_481' title='bbox 1145 2926 1286 2969; x_wconf 69' lang='lat' dir='ltr'>quidem]</span> <span class='ocrx_word' id='word_1_482' title='bbox 1322 2930 1376 2965; x_wconf 88' lang='lat' dir='ltr'>et,</span> <span class='ocrx_word' id='word_1_483' title='bbox 1401 2923 1493 2968; x_wconf 89' lang='lat' dir='ltr'>quod</span> <span class='ocrx_word' id='word_1_484' title='bbox 1514 2925 1605 2969; x_wconf 85' lang='lat' dir='ltr'>apud</span> <span class='ocrx_word' id='word_1_485' title='bbox 1624 2925 1682 2959; x_wconf 79' lang='lat' dir='ltr'>Ci-</span> 
     </span>
     <span class='ocr_line' id='line_1_80' title="bbox 906 2970 1684 3016; baseline -0.005 -6"><span class='ocrx_word' id='word_1_486' title='bbox 906 2987 1063 3010; x_wconf 88' lang='lat' dir='ltr'>ceronem</span> <span class='ocrx_word' id='word_1_487' title='bbox 1084 2974 1189 3007; x_wconf 80' lang='lat' dir='ltr'>rarius</span> <span class='ocrx_word' id='word_1_488' title='bbox 1207 2970 1386 3016; x_wconf 85' lang='lat' dir='ltr'>reperitur,</span> <span class='ocrx_word' id='word_1_489' title='bbox 1410 2972 1538 3012; x_wconf 82' lang='lat' dir='ltr'>quando</span> <span class='ocrx_word' id='word_1_490' title='bbox 1556 2974 1684 3014; x_wconf 81' lang='lat' dir='ltr'>quidem</span> 
     </span>
    </p>
   </div>
   <div class='ocr_carea' id='block_1_33' title="bbox 1288 3034 1342 3071">
    <p class='ocr_par' dir='ltr' id='par_1_33' title="bbox 1288 3034 1342 3071">
     <span class='ocr_line' id='line_1_81' title="bbox 1288 3034 1342 3071; baseline 0.019 -1"><span class='ocrx_word' id='word_1_491' title='bbox 1288 3034 1342 3071; x_wconf 85' lang='lat'>14</span> 
     </span>
    </p>
   </div>
  </div>
 </body>
</html>
