1843 3101
172 53 253 97 192

167 145 239 187 das
269 144 506 201 voluptates.
565 141 717 184 Parere
750 141 854 183 enim
885 148 1023 183 censet
1049 141 1221 183 animum
1247 141 1392 183 rationi
1413 154 1532 198 posse
1563 148 1625 194 et,
1672 156 1750 198 quo

168 219 235 260 illa
258 219 394 270 ducat,
439 216 564 272 sequi.
627 215 748 258 Vetat
769 215 890 271 igitur
912 217 1015 257 ratio
1046 216 1191 258 intueri
1216 216 1444 269 molestias,
1487 215 1679 259 abstrahit
1702 215 1750 258 ab

164 293 322 335 acerbis
346 290 672 346 cogitationibus,
717 290 875 332 hebetat
909 280 1032 332 aciem
1059 292 1108 332 ad
1134 291 1312 332 miserias
1338 290 1683 346 contemplandas,
1726 304 1751 332 a

744 61 915 94 LIBER
938 62 998 94 111.
1025 59 1088 102 16,
1111 60 1168 113 31.

164 368 306 423 quibus
331 381 446 421 quum
468 365 612 406 cecinit
631 365 823 420 receptui,
857 365 1019 419 impellit
1039 380 1195 406 rursum
1217 372 1255 406 et
1275 365 1481 406 incitat-ad
1505 363 1752 419 conspicien-

168 442 238 483 das
258 448 415 495 totaque
433 446 563 481 mente
585 440 885 480 contrectandas
907 440 1039 481 varias
1057 440 1279 495 voluptates
1295 471 1305 490 ,
1339 439 1478 494 quibus
1495 439 1560 480 ille
1582 445 1620 480 et
1636 451 1752 493 prae-

166 516 372 557 teritarum
400 513 615 565 memoria,
662 520 703 554 et
732 527 800 569 spe
834 514 1156 568 consequentium
1188 512 1375 568 sapientis
1407 513 1528 555 vitam
1562 514 1752 554 refertam

1669 584 1752 628 Sed

167 596 290 645 putat.
352 588 463 630 Ilaec
487 596 624 630 nostro
649 602 759 629 more
792 602 864 630 nos
892 588 1086 638 diximus,
1130 587 1317 643 Epicurei
1353 587 1486 632 dicunt
1516 601 1605 629 suo.

166 678 266 720 quae
298 663 449 716 dicant,
482 663 708 715 videamus,
744 677 819 718 quo
850 663 991 713 modo,
1025 662 1285 717 negligamus.

280 736 401 780 XVI.
459 743 530 779 54.

166 827 253 854 rum
275 813 510 854 futurarum.

577 736 777 792 Principio
808 737 910 778 male
943 736 1235 792 reprehendunt
1261 735 1653 792 praemeditationem
1683 748 1749 776 re-

571 810 683 852 Nihil
711 818 771 852 est
795 812 895 852 enim
911 843 922 862 ,
957 812 1060 865 quod
1088 818 1164 851 tam
1185 811 1374 852 obtundat
1395 810 1602 865 elevetque
1619 808 1753 865 aegri-

165 887 339 928 tudinem
357 918 369 938 ,
418 901 531 941 quam
556 893 745 941 perpetua
767 885 806 926 in
830 885 935 926 omni
960 886 1040 926 vita
1070 885 1254 940 cogitatio
1271 917 1281 936 ,
1315 884 1411 925 1111111
1435 898 1524 925 esse
1546 884 1649 939 quod
1670 898 1750 925 non

165 961 344 1002 accidere
379 961 524 1016 possit,
571 974 685 1014 quani
722 959 921 1000 meditatio
955 959 1190 1000 conditionis
1225 959 1445 1009 humanae,
1491 972 1605 1013 quam
1643 958 1750 1000 vitae

167 1036 236 1076 lex
264 1035 618 1088 commentatioque
644 1034 829 1089 parendi,
877 1047 975 1088 quae
1009 1048 1088 1074 non
1114 1033 1188 1074 hoc
1212 1034 1350 1085 affert,
1396 1039 1439 1073 ut
1463 1045 1620 1088 semper
1645 1045 1752 1073 mae-

166 1124 348 1161 reamus,
394 1109 464 1150 sed
496 1116 538 1150 ut
576 1122 789 1163 nunquam.

166 1195 264 1234 tavit,
290 1195 565 1234 demonstrativo,
591 1193 831 1232 deliberativo,
856 1192 941 1224 iudi-

168 1241 254 1274 ciali.
315 1242 488 1284 Repetitae
513 1239 768 1284 praepositionis
791 1239 941 1282 exempla

167 1299 200 1319 v.
231 1286 274 1319 ad
302 1289 326 1319 Ι.
353 1289 410 1326 11,
435 1285 498 1319 ’έ-’1ῖ
535 1289 567 1318 in
599 1286 746 1322 caelum,
784 1284 875 1327 quasi
908 1287 941 1316 in

168 1333 375 1365 domicilium
399 1344 504 1364 suum.
539 1333 594 1363 IV.
612 1333 675 1371 51,
700 1331 756 1364 67.
815 1331 854 1361 V.
880 1341 940 1361 nos

168 1379 202 1410 in
228 1379 286 1410 Gr.
302 1380 340 1409 L.
361 1379 389 1420 gi.
408 1377 480 1410 117.
503 1377 583 1408 Not.
597 1378 628 1408 ¹2.
654 1388 684 1419 p.
698 1375 764 1408 23ae3
778 1386 825 1418 sq.
842 1374 893 1405 ed.
907 1379 939 1406 ⁴3.

234 1428 317 1456 vetat
336 1426 434 1464 ignitur
453 1424 550 1463 ratio]
587 1425 678 1453 Ratio
700 1420 734 1452 h.
752 1421 774 1452 l.
801 1432 867 1452 non
899 1419 941 1451 de

168 1468 321 1502 universa
342 1468 472 1500 ratione
495 1467 634 1506 dicitur,
661 1466 720 1498 sed
743 1466 784 1497 (le
808 1465 941 1508 Epicuri

169 1515 319 1553 ratione,
345 1513 375 1545 h.
392 1526 420 1545 e.
451 1513 492 1544 de
513 1512 662 1554 ratione,
688 1511 792 1555 qualis
821 1518 871 1542 est
901 1522 941 1542 ex

167 1561 304 1604 Epicuri
335 1559 512 1591 sententia.
562 1557 720 1602 Epicurus
752 1557 839 1588 enim
876 1557 942 1590 do-

170 1607 284 1646 cebat,
324 1604 498 1644 homines,
537 1603 621 1635 duce
654 1610 770 1635 natura
800 1609 856 1634 aut
884 1615 941 1635 ra-

168 1652 282 1691 tione,
318 1651 482 1683 abhorere
514 1661 532 1681 a
556 1650 652 1682 rebus
678 1649 824 1680 molestis
845 1660 942 1680 acer—

168 1697 305 1740 bisque,
331 1696 450 1728 sectari
476 1702 509 1726 et
533 1703 688 1738 expetere
710 1694 910 1737 voluptates.

236 1745 354 1776 hebetat
376 1742 490 1781 aciem}
518 1741 572 1772 Sic
597 1743 650 1772 Or.
675 1752 692 1772 e
716 1747 782 1771 vet.
808 1739 881 1772 cod.
908 1746 941 1771 et

167 1789 220 1821 El.
236 1789 291 1827 3.;
326 1787 445 1831 reliqui
475 1798 588 1818 omnes
612 1786 735 1818 liabent
758 1788 942 1817 hebetem

169 1837 279 1867 aciem.
327 1837 371 1866 At
402 1833 543 1876 primum
576 1832 718 1863 oll'endit
743 1830 941 1874 asyndeton,

169 1880 259 1923 quod
291 1879 324 1911 iu
358 1879 498 1911 duorum
534 1878 694 1910 orationis
718 1877 943 1909 membrorum

169 1926 321 1958 iunctura
341 1937 408 1957 non
427 1931 611 1968 usurpatur,
638 1923 700 1955 nisi
717 1935 789 1955 cum
810 1922 842 1954 vi
862 1933 942 1964 qua-

170 1971 248 2002 dam
277 1972 440 2003 oratoria:
479 1982 561 2013 quae
591 1969 632 2001 ab
654 1969 686 2001 h.
701 1968 722 2000 l.
745 1967 942 2000 alienissima

171 2023 241 2054 est,
267 2016 388 2048 deinde
411 2016 482 2058 ipsa
507 2016 571 2048 loci
594 2014 760 2047 sententia
794 2013 942 2056 refraga-

170 2067 245 2099 tur3
270 2061 355 2093 acies
379 2062 466 2093 enim
493 2072 558 2093 nou
583 2061 648 2092 iam
670 2060 770 2092 hebes
796 2066 856 2097 est,
882 2059 942 2091 sed

169 2106 360 2139 hebetanda
380 2107 511 2138 demum
533 2114 593 2139 est.
642 2108 690 2138 De
710 2108 753 2138 ad
773 2105 943 2149 praeposi-

171 2152 274 2185 tionis
300 2164 358 2183 usu
383 2164 412 2182 v.
434 2153 476 2184 ad
500 2165 526 2184 e.
548 2154 586 2190 ὁ,
615 2151 665 2184 11.

238 2200 346 2230 cecinit
363 2200 512 2239 receptui}
538 2197 693 2229 Formula
713 2209 731 2229 a
753 2208 789 2228 re
809 2195 944 2228 militari

172 2243 292 2282 ducta,
330 2254 394 2286 qua
428 2243 482 2274 hic
516 2243 598 2274 1111111
634 2243 722 2274 11111111
744 2242 941 2282 declaratur,

170 2301 234 2321 11151
257 2298 402 2320 avocare.

237 2334 378 2377 rursum]
404 2335 444 2364 V.
467 2332 509 2364 ad
533 2332 633 2371 1.17,
658 2330 713 2366 40.

238 2384 343 2412 nostro
362 2379 460 2423 more]
487 2381 539 2410 Sc.
566 2378 735 2420 eleganter
758 2385 792 2410 et
814 2385 942 2419 ornate,

172 2437 228 2459 suo
247 2437 295 2457 sc.
315 2424 450 2468 illepide
473 2430 508 2456 et
528 2423 785 2455 inconsiderate.
833 2425 874 2456 V.
889 2436 942 2455 su-

171 2484 233 2516 pra
254 2472 280 2503 I.
295 2470 338 2513 3,
363 2472 395 2504 (1.

243 2517 321 2549 CAP.
337 2516 419 2548 XVI
423 2540 430 2548 .
452 2512 517 2548 34(
535 2516 618 2547 Nihil
631 2517 674 2546 est
687 2513 783 2558 enim]
808 2515 849 2547 V.
868 2514 942 2546 Ad-

171 2569 288 2595 notata
308 2561 350 2593 ad
374 2563 398 2593 1.
416 2561 481 2603 27,
505 2559 560 2593 66.

239 2609 515 2647 commentatioque
543 2606 693 2646 parendi]
729 2605 772 2635 H.
792 2616 821 2636 e.
848 2604 943 2647 cogi-

171 2654 257 2686 tatio
285 2653 436 2685 instituta
470 2651 512 2683 de
538 2651 735 2684 necessitate
768 2649 855 2681 vitae
890 2649 943 2681 vel

172 2707 311 2732 naturae
334 2698 398 2741 legi
421 2696 571 2740 parendi.
622 2697 670 2728 De
692 2708 723 2727 v.
749 2699 942 2727 commenta—

172 2747 264 2777 tionis
291 2743 541 2787 (Retrachtung)
575 2754 606 2776 v.
631 2742 754 2774 Adnot.
785 2740 817 2772 111
845 2742 868 2772 Ι.
887 2739 940 2777 310,

174 2788 228 2824 74.
288 2792 448 2822 Meditatio
469 2787 727 2831 (Ueberlegung)
759 2788 944 2818 conditionis

174 2836 332 2868 humanae
355 2834 495 2866 eandem
519 2834 589 2866 fere
621 2833 688 2865 vim
710 2832 829 2870 liabet3
866 2843 943 2862 nam

173 2881 275 2913 verba
307 2883 469 2913 meditatio
502 2886 535 2911 et
563 2880 711 2912 meditari
729 2877 865 2921 proprie
888 2877 944 2909 di-

176 2932 294 2957 cuntur
314 2927 356 2959 de
376 2924 615 2958 exercitatione
637 2931 670 2956 et
689 2922 944 2968 praeparatione

175 2969 219 3001 ad
260 2981 318 3013 ea,
356 2983 440 3015 quae
478 2969 658 3015 aliquando
693 2969 779 3002 serio
815 2968 943 3012 agenda

863 1106 1008 1163 Neque
1040 1108 1141 1149 enim
1176 1107 1241 1162 qui
1275 1121 1407 1148 rerum
1435 1113 1642 1158 naturam,
1686 1105 1752 1161 qui

976 1199 1065 1225 sunt.
1114 1194 1220 1236 Supra
1241 1194 1281 1226 Il.
1304 1192 1356 1232 17,
1381 1189 1442 1226 41:
1466 1197 1597 1224 tantum
1620 1190 1749 1223 exerci-

975 1238 1072 1277 tatio,
1100 1238 1286 1277 meditatio,
1319 1236 1525 1270 consuetudo
1550 1236 1649 1269 valet.
1696 1236 1751 1269 Sic

977 1284 1098 1316 Plinius
1122 1285 1242 1327 Paneg.
1264 1284 1313 1322 13,
1338 1283 1367 1316 l.
1388 1285 1548 1316 meditatio
1569 1284 1752 1322 campestris

977 1329 1018 1361 de
1052 1340 1219 1361 armorum
1254 1328 1466 1361 tractatione.
1537 1327 1611 1360 Pari
1643 1327 1746 1360 modo

976 1375 1064 1418 apud
1084 1375 1231 1407 Graecos
1251 1374 1375 1418 μελέτη
1398 1381 1432 1405 et
1451 1373 1594 1418 μελετᾷν
1613 1372 1750 1416 proprie

977 1421 1018 1452 de
1040 1420 1076 1452 iis
1100 1420 1391 1452 exercitationibus
1415 1419 1548 1458 dicitur,
1573 1430 1652 1462 quas
1674 1419 1750 1451 rhe-

977 1473 1090 1505 101135,
1126 1466 1246 1498 milites
1269 1473 1302 1497 ct
1326 1465 1381 1497 alii
1398 1464 1593 1503 instituunt;
1627 1463 1751 1496 deinde

977 1511 1018 1543 de
1043 1511 1157 1555 quavis
1180 1511 1419 1543 exercitatione
1440 1510 1604 1542 dicuntur.
1637 1510 1675 1542 V.
1696 1511 1751 1542 Fi-

976 1559 1072 1590 scher.
1096 1557 1139 1589 ad
1160 1557 1319 1601 Xenoph.
1337 1557 1460 1601 Cyrop.
1479 1558 1502 1588 Ι.
1519 1559 1552 1595 2,
1580 1555 1632 1588 10.
1649 1566 1680 1599 p.
1697 1555 1750 1588 15.

1046 1605 1173 1643 fruafur
1194 1602 1311 1646 officio]
1347 1603 1440 1635 Haec
1470 1607 1521 1634 est
1543 1600 1644 1633 lectio
1671 1599 1748 1632 vul—

978 1656 1066 1691 gata,
1091 1660 1189 1692 quam
1212 1660 1279 1680 non
1300 1648 1407 1679 solum
1426 1646 1561 1690 plurimi
1580 1645 1679 1679 codd.
1694 1657 1751 1677 ex-

976 1695 1112 1735 hibent,
1145 1705 1259 1725 verum
1284 1694 1382 1725 etiam
1411 1691 1551 1736 optimi,
1583 1691 1643 1724 sed
1665 1702 1750 1735 quae

977 1747 1011 1771 et
1028 1739 1185 1771 latinitati
1204 1750 1301 1782 quam
1317 1738 1460 1771 maxime
1479 1737 1612 1770 videtur
1627 1736 1751 1769 adver-

976 1785 1058 1823 sari,
1087 1792 1120 1817 et
1135 1784 1338 1817 sententiam
1355 1791 1451 1816 notat
1469 1783 1558 1815 haud
1570 1794 1650 1815 sane
1665 1794 1750 1815 con-

977 1831 1119 1864 cinnam.
1166 1829 1258 1871 Quis‚
1283 1841 1416 1873 quaeso,
1442 1830 1669 1861 Romanorum
1695 1839 1750 1859 us-

977 1889 1074 1919 quam
1117 1876 1216 1908 dixit:
1258 1877 1472 1916 philosophiae
1514 1876 1616 1916 officio
1658 1875 1749 1914 frui?

978 1922 1116 1959 Deinde,
1143 1933 1225 1965 quae
1248 1928 1298 1953 est
1317 1921 1373 1953 illa
1392 1920 1574 1952 sententia:
1602 1921 1664 1959 Qui
1684 1921 1751 1951 im—

976 1970 1170 2000 becilzitatem
1201 1969 1321 2008 generis
1353 1968 1485 1998 humani
1514 1968 1649 2006 commi,
1688 1974 1751 1996 non

974 2018 1112 2054 maeret,
1146 2015 1201 2046 sed
1231 2017 1258 2045 et
1286 2015 1415 2053 proprio
1441 2012 1655 2053 philosophiae
1679 2011 1752 2050 offi-

977 2062 1023 2092 cio
1055 2061 1189 2100 [fir-uitur,
1226 2062 1254 2090 et
1287 2059 1430 2090 adversis
1459 2058 1582 2089 casibus
1602 2057 1750 2088 consola—

978 2108 1057 2136 tione
1087 2107 1243 2137 sonatur?
1299 2102 1466 2135 Videlicet
1492 2103 1620 2143 proprio
1648 2102 1751 2141 philo-

978 2153 1105 2191 sophiae
1127 2152 1229 2191 osficio
1250 2151 1314 2190 frui
1337 2155 1387 2180 cst
1405 2148 1552 2180 fructum
1573 2157 1691 2190 capere
1711 2156 1751 2177 ex

979 2196 1116 2239 proprio
1142 2196 1197 2238 ph.
1222 2194 1348 2226 ol'licio.
1408 2197 1452 2226 At
1476 2193 1646 2226 enimvero
1670 2190 1750 2235 quid

977 2241 1113 2273 tandem
1133 2241 1194 2272 sibi
1217 2240 1288 2271 vult
1312 2239 1394 2271 illud
1416 2240 1571 2280 proprio?
1628 2240 1750 2269 Annon

979 2287 1156 2318 dicendum
1193 2292 1264 2317 erat
1292 2287 1508 2325 philosophiae
1538 2285 1642 2325 officio
1671 2293 1750 2314 vere

977 2334 1069 2373 frui?
1118 2331 1178 2363 His
1212 2330 1311 2374 igitur
1333 2330 1496 2362 adductus
1526 2328 1647 2361 caussis
1681 2338 1751 2359 non

978 2378 1117 2418 dubito,
1143 2377 1221 2421 quin
1244 2375 1492 2408 rescribendum
1513 2374 1558 2407 sit
1577 2376 1750 2415 fungatur:

979 2435 1076 2467 quam
1097 2423 1276 2454 lectionem
1298 2421 1466 2453 Manutius
1490 2419 1749 2461 Lambinusque,

977 2470 1047 2501 sive
1069 2468 1172 2500 libros
1189 2466 1451 2510 manuscriptos,
1483 2465 1554 2498 sive
1578 2463 1751 2496 coniectu-

978 2526 1048 2546 ram
1070 2513 1187 2552 secuti,
1214 2513 1388 2544 dederunt.
1436 2512 1512 2543 Huc
1535 2508 1664 2542 accedit
1687 2519 1751 2540 au-

979 2559 1114 2591 ctoritas
1140 2558 1375 2590 nonnullorum
1410 2555 1532 2596 codd.,
1565 2554 1598 2586 in
1633 2552 1750 2597 quibus

978 2605 1060 2636 haec
1081 2604 1196 2636 eadem
1217 2603 1317 2635 lectio
1340 2608 1399 2634 est.
1450 2599 1546 2632 Unde
1565 2605 1675 2631 autem
1693 2610 1751 2641 ge-

978 2650 1097 2681 nuinae
1117 2648 1270 2681 lectionis
1293 2646 1480 2689 corruptela
1500 2652 1579 2677 nata
1602 2644 1667 2685 sit,
1693 2646 1750 2677 fa-

978 2694 1038 2726 cile
1062 2694 1271 2737 perspicitur.
1319 2691 1452 2724 Scilicet
1473 2702 1572 2735 quum
1594 2689 1682 2722 haud
1703 2689 1752 2723 ita

977 2740 1078 2782 longo
1099 2739 1276 2771 verborum
1294 2743 1405 2769 tractu
1426 2736 1605 2769 antecedat
1626 2748 1656 2768 v.
1677 2737 1752 2777 sun-

978 2788 1072 2825 9iiur,
1094 2785 1205 2816 nescio
1222 2783 1292 2827 quis
1309 2782 1504 2815 delicatiore
1519 2794 1616 2814 sensu
1631 2780 1752 2814 eodem

979 2830 1091 2874 paullo
1108 2837 1186 2872 post
1201 2829 1321 2861 iterato
1335 2828 1496 2860 vocabulo
1515 2827 1660 2860 offensus
1677 2828 1750 2868 sun-

977 2880 1071 2917 9atur
1104 2876 1136 2906 in
1158 2877 1282 2915 fruatur
1314 2873 1510 2906 mutandum
1541 2871 1751 2906 existimavit.

979 2921 1106 2961 Quodsi
1139 2920 1240 2964 igitur
1265 2922 1417 2961 funyatur
1444 2926 1480 2952 ut
1512 2919 1607 2952 unice
1641 2928 1754 2951 veram

977 2967 1157 3000 lectionem
1169 2966 1406 3007 reduxerimus,
1426 2972 1461 2998 et
1472 2964 1596 2998 latinae
1609 2962 1752 2998 orationi
