1859 3149
572 66 741 100 Lmen
765 63 912 105 1v.37‚
936 62 991 98 79.
1016 62 1072 97 ao.
1530 53 1612 98 267

29 149 99 192 Ex
113 163 190 205 quo
213 148 312 191 illud.
327 147 509 190 laudatur
527 146 735 203 Archytae
748 178 759 198 ,
793 145 857 200 qui
878 159 996 200 quum
1015 142 1148 186 villico
1169 143 1296 184 factus
1320 149 1429 184 esset
1447 142 1612 186 iratior:

36 224 134 277 Quo
164 229 206 266 te
234 223 392 275 modo,
421 221 572 277 inquit,
605 221 891 275 accepissent,
925 220 1010 260 nisi
1038 220 1180 259 iratus
1208 217 1373 259 essem?

145 296 376 341 XXXVII.
423 281 495 340 79.
539 294 618 338 Ubi
644 302 737 336 sunt
764 308 860 348 ergo
894 293 983 345 isti,
1030 292 1096 348 qui
1121 292 1364 344 iracundiam
1391 291 1527 333 utilem
1561 293 1618 333 di·

32 374 154 416 cunt?
181 396 240 404 —-
267 378 399 429 potest
429 371 536 413 utilis
569 384 660 412 esse
692 369 875 410 insania?
905 392 962 399 —
992 374 1060 409 aut
1091 367 1342 408 naturalem?
1410 367 1478 408 An
1510 367 1619 423 quic-

1527 440 1618 496 Quo

31 523 147 564 modo
172 529 327 575 autem,
373 522 406 563 si
427 509 617 564 naturalis
650 526 760 561 esset
788 519 875 570 ira,
923 524 991 560 aut
1023 517 1123 558 alius
1155 516 1232 557 alio
1258 516 1384 571 magis
1407 516 1620 558 iracundus

32 599 169 639 esset?
212 604 281 639 aut
303 597 420 638 finem
443 595 608 637 haberet
629 595 760 651 prius,
808 607 922 649 quam
947 599 1055 633 esset
1081 591 1184 643 ulta,
1230 591 1447 632 ulciscendi
1472 591 1622 632 libido?

32 462 147 504 quam
178 453 241 490 est
273 447 489 488 secundum
526 452 733 497 naturam,
785 443 888 499 quod
923 443 965 484 fit
999 449 1246 498 repugnante
1280 442 1461 482 ratione?

32 679 101 713 aut
135 685 357 728 quenquam
387 670 635 728 poeniteret,
683 669 786 725 quod
810 668 973 709 fecisset
1003 680 1075 723 per
1106 666 1233 707 iram?
1278 674 1320 707 ut
1346 666 1620 707 Alexandrum

33 760 168 803 regem
187 747 382 798 videmus,
416 746 481 801 qui
505 760 619 801 quum
638 744 908 786 interemisset
931 740 1094 792 Clitum,
1128 740 1360 781 familiarem
1388 755 1518 791 suum,
1552 740 1624 782 vix

34 834 58 862 a
89 835 133 863 se
161 835 301 863 manus
333 820 548 872 abstinuit,
594 827 701 861 tanta
734 819 796 861 vis
837 818 911 859 fuit
941 816 1183 873 poenitendi.
1248 814 1403 869 Quibus
1436 815 1621 870 cognitis,

35 895 122 951 quis
148 903 230 949 est,
263 895 329 952 qui
356 895 530 946 dubitet,
564 895 654 949 quin
682 893 743 934 hic
768 906 922 948 quoque
948 899 1075 933 motus
1097 890 1217 932 animi
1243 890 1295 932 sit
1320 897 1424 931 totus
1449 889 1625 946 opinabi-

35 969 84 1012 lis
115 984 162 1012 ac
186 969 463 1012 voluntarius?
523 967 625 1023 Quis
657 968 762 1009 enim
787 967 996 1019 dubitarit,
1045 967 1137 1021 quin
1163 965 1462 1021 aegrotationes
1486 964 1623 1015 animi,

35 1045 164 1100 qualis
189 1053 253 1087 est
275 1045 464 1096 avaritia,
494 1044 644 1099 gloriae
669 1043 860 1099 cupiditas
877 1075 887 1093 ,
923 1056 975 1083 ex
1002 1055 1074 1092 eo,
1108 1041 1210 1096 quod
1236 1040 1367 1095 magni
1394 1039 1628 1080 aestimetur

37 1133 86 1161 ea
101 1134 186 1171 reS,
219 1134 272 1162 ex
292 1134 367 1176 qua
386 1120 541 1161 animus
557 1124 754 1174 aegrotat,
789 1117 994 1158 oriantur?
1053 1114 1169 1157 Unde
1187 1114 1355 1169 intelligi
1372 1113 1503 1165 debet,
1537 1127 1627 1169 per-

1129 1196 1200 1232 80.
1235 1187 1289 1229 Et
1313 1189 1346 1229 si
1373 1188 1555 1239 fidentia,
1587 1187 1628 1229 id

37 1275 100 1310 est
121 1269 233 1310 firma
251 1269 371 1310 animi
394 1268 576 1320 conlisio,
609 1267 776 1309 scientia
797 1267 986 1321 quaedam
1009 1272 1071 1306 est
1091 1272 1131 1306 et
1151 1264 1283 1320 opinio
1305 1264 1441 1318 gravis
1464 1278 1544 1304 non
1570 1270 1628 1304 te-

36 1195 299 1236 turbationem
326 1208 481 1250 quoque
507 1206 664 1234 omnem
688 1205 778 1233 esse
798 1191 837 1232 in
865 1191 1066 1247 opinione.

36 1357 145 1385 mere
165 1342 445 1395 assentientis,
488 1349 616 1384 metus
648 1355 804 1397 quoque
833 1348 896 1382 est
922 1340 1132 1381 diffidentia
1161 1339 1382 1393 exspectati
1413 1345 1453 1379 et
1476 1338 1627 1393 impen-

38 1417 167 1460 dentis
198 1418 315 1470 mali3
361 1425 402 1459 et
430 1417 465 1459 si
494 1431 585 1474 spes
624 1424 686 1458 est
717 1415 965 1472 exspectatio
998 1414 1118 1466 boni,
1165 1413 1258 1454 mali
1286 1412 1628 1469 exspectationem

37 1505 129 1534 esse
147 1506 314 1534 necesse
333 1500 395 1534 est
413 1499 576 1534 metum.
638 1490 692 1534 Ut
708 1492 829 1547 igitur
850 1498 995 1542 metus,
1029 1490 1087 1531 sic
1111 1488 1288 1544 reliquae
1309 1487 1629 1545 perturbationes

42 1607 222 1641 revertitur
255 1618 296 1640 ac
324 1619 401 1639 rura
432 1618 490 1639 sua
522 1606 668 1639 revisere
692 1606 814 1650 coepit,

41 1652 279 1685 animadvertit
303 1652 507 1696 negligentia
532 1652 634 1685 villici
658 1659 816 1696 corrupta

43 1706 78 1731 et
102 1698 255 1743 perdita,
290 1698 489 1743 intuensque
520 1699 607 1731 male
640 1699 815 1732 meritum:

42 1747 264 1786 Sumpsissem,
286 1744 407 1789 inquit,
435 1756 456 1777 α
478 1749 506 1777 te
528 1747 730 1786 supplicium,
755 1746 817 1777 nisi

40 1793 98 1824 tibi
114 1793 216 1823 iratus
235 1800 351 1832 essem,·
375 1791 492 1823 maluit
511 1791 599 1823 enim
617 1790 818 1834 impunitum

42 1836 233 1876 dimittere,
269 1848 368 1880 quam
399 1843 543 1881 propter
575 1836 659 1869 iram
685 1835 817 1879 gravius

41 1881 130 1915 iusto
154 1883 284 1926 punire.

114 1928 192 1960 en.
206 1928 392 1960 XXXVII.
423 1926 477 1961 79.
512 1930 560 1960 An
583 1930 753 1968 quicquam
775 1930 820 1958 est

41 1976 213 2007 secundum
243 1977 414 2013 naturam,
461 1974 546 2013 quod
580 1975 614 2013 fit
639 1972 718 2016 ete]
764 1971 819 2004 Sic

45 2019 164 2064 optimi
181 2018 279 2051 codd.
295 2029 357 2062 pro
371 2018 460 2061 vulg.
476 2020 559 2059 quod
575 2028 589 2050 s
601 2021 610 2050 i
621 2022 641 2050 ί.
676 2019 819 2050 Utrum—

45 2076 109 2110 que
137 2076 199 2108 per
217 2064 467 2108 grammaticam
489 2071 581 2095 recte
606 2063 672 2096 dici
693 2071 817 2108 potest,

44 2111 106 2143 sed
122 2109 165 2142 ad
184 2110 384 2142 sententiam
403 2109 529 2153 aliquid
550 2109 684 2150 differt,
710 2117 820 2142 utrum

45 2155 284 2194 indicativum,
324 2167 367 2188 an
411 2155 660 2188 coniunctivnm
702 2167 819 2199 ponas.

44 2201 115 2234 Ubi
142 2200 340 2234 indicativus
372 2201 529 2245 ponitur,
553 2201 740 2234 enuntiatio
763 2213 821 2234 re-

45 2247 150 2280 lativa
174 2247 314 2291 simplex
335 2247 532 2280 attributum
558 2248 711 2280 vocabuli
735 2251 821 2290 quic-

46 2303 144 2336 quam
164 2300 280 2326 notat:
311 2296 362 2326 An
384 2293 570 2337 quicquam,
596 2293 686 2338 quod
708 2296 743 2336 fit
763 2306 822 2326 re-

46 2345 218 2383 pugnante
249 2339 399 2379 ratione‚
436 2345 487 2371 est
518 2339 695 2371 naturale?
753 2339 821 2371 Ubi

50 2384 280 2417 coniunctivus
312 2385 468 2429 ponitur,
509 2385 699 2418 ⁴enuntiatio
731 2385 822 2418 rela-

47 2430 118 2463 tiva
149 2430 316 2474 significat
350 2430 496 2475 aliquid,
534 2431 625 2475 quod
655 2443 672 2464 e
704 2438 824 2464 natura

47 2476 97 2509 rei
119 2476 278 2509 naturalis
308 2477 538 2520 consequitur:
573 2481 623 2509 An
648 2478 824 2521 quicquam

47 2522 198 2555 naturale
233 2529 283 2554 est
312 2524 359 2555 ita
387 2527 627 2564 comparatum,
650 2527 684 2556 ut
706 2526 745 2556 sit
767 2535 824 2555 re-

48 2574 218 2612 pugnante
236 2568 392 2601 ratione?
418 2569 536 2601 Parad.
553 2570 576 2607 l,
596 2569 625 2612 §.
639 2567 696 2602 14:
719 2569 825 2610 Quic-

51 2624 191 2657 quamne
212 2614 337 2646 bonnm
358 2620 428 2655 est,
452 2616 536 2656 quod
557 2626 626 2646 non
650 2627 743 2655 eum,
770 2614 826 2658 qui

50 2657 87 2690 id
107 2659 256 2702 possidet
269 2685 279 2699 ‚
303 2659 477 2693 meliorem
497 2662 602 2701 facit?
627 2660 660 2693 h.
683 2673 711 2693 e.
729 2661 826 2705 quic-

51 2713 149 2747 quam
163 2730 172 2748 ‚
194 2708 278 2746 quod
299 2718 367 2738 non
389 2726 436 2730 —
453 2706 626 2738 meliorem
647 2709 737 2748 facit,
760 2707 827 2740 bo-

53 2758 132 2781 nnm
164 2750 238 2782 est?
280 2758 416 2784 contra:
452 2754 537 2793 quod
559 2772 605 2777 —
625 2754 724 2793 faciat
757 2759 825 2785 est:

54 2794 272 2838 quicquame
293 2797 420 2830 bouum
445 2805 495 2830 est
526 2800 571 2830 ita
596 2803 827 2839 comparatum,

54 2842 91 2872 ut
113 2850 180 2871 non
204 2851 279 2875 eum
300 2862 347 2867 ——
373 2843 547 2876 meliorem
571 2845 697 2884 faciat?

125 2888 213 2918 tanta
225 2889 275 2919 vis
285 2889 345 2928 fuit
354 2890 547 2931 poenitendi]
564 2891 602 2921 In
616 2889 721 2922 verbo
738 2893 828 2922 tanta

53 2924 142 2962 latet
163 2931 326 2974 particula
355 2944 434 2967 nam
461 2935 516 2967 vel
538 2937 631 2968 enim.
679 2934 828 2978 Euripid.

59 2974 184 3007 Alcest.
207 2973 294 3010 465:

943 1603 1033 1639 τοίαν
1060 1603 1170 1643 &72:23
1195 1603 1348 1637 ‘sa-1:337.

947 1649 1076 1694 μολπὰν
1102 1650 1232 1694 μελέων
1257 1646 1396 1687 ἀοιδοῖς.

852 1698 892 1730 V.
923 1709 982 1729 nos
1016 1697 1048 1728 in
1074 1698 1132 1728 Gr.
1153 1697 1191 1728 L.
1213 1697 1242 1729 G.
1259 1696 1332 1734 1513,
1348 1694 1365 1720 b
1386 1694 1418 1728 3.
1438 1693 1472 1736 b)
1502 1705 1536 1736 p.
1550 1692 1629 1726 353.

921 1746 975 1776 δυ.
1001 1744 1145 1784 fidentia]
1176 1741 1218 1773 de
1235 1743 1308 1773 InV.
1324 1742 1364 1772 ΙΙ.
1388 1738 1450 1779 234,
1478 1739 1559 1773 163:
1587 1741 1630 1780 fi-

853 1791 959 1821 denlia
980 1795 1050 1827 est,
1076 1787 1136 1831 per
1157 1799 1256 1831 quam
1275 1785 1402 1829 magnis
1427 1793 1460 1818 et
1480 1785 1630 1817 honestis

852 1834 887 1866 in
910 1834 1008 1866 rebus
1029 1833 1170 1865 multum
1190 1833 1263 1876 ipse
1285 1832 1412 1864 animus
1433 1831 1465 1863 in
1489 1843 1524 1863 se
1546 1830 1630 1862 fidu-

855 1880 924 1912 ciae
940 1886 1030 1910 certa
1049 1890 1122 1911 cum
1139 1890 1198 1921 spe
1218 1875 1408 1911 collocavit.
1444 1877 1534 1909 Alias
1549 1876 1631 1909 Tul-

852 1926 914 1957 lius
934 1925 1001 1957 hoc
1024 1925 1188 1957 vocabulo
1210 1936 1277 1956 non
1301 1930 1351 1956 est
1375 1935 1470 1962 usus;
1503 1924 1634 1964 confisio

853 1979 964 2003 autem
989 1978 1038 2002 est
1061 1966 1152 2010 ἅπαξ
1172 1968 1370 2013 λεγόμενον,
1398 1969 1475 2000 huic
1494 1968 1633 2013 proprie

853 2018 949 2057 loco,
977 2023 1013 2048 ut
1034 2016 1079 2048 ait
1099 2019 1251 2057 Moserus,
1275 2028 1294 2047 a
1318 2015 1386 2047 Cic.
1410 2015 1570 2051 effictum,
1596 2020 1634 2046 ut

853 2063 886 2096 in
907 2063 1130 2108 explicatione
1147 2064 1294 2104 fidentiae
1312 2061 1450 2094 verbum
1469 2063 1634 2103 confiden-

854 2113 915 2142 t'iae
940 2109 1092 2141 evitaret.

923 2158 1053 2188 scientia
1089 2156 1250 2196 quaedam
1284 2173 1330 2178 —
1365 2156 1471 2194 opinio
1506 2154 1631 2195 ymnis]

859 2203 992 2235 Orellius
1015 2201 1184 2241 observat,
1212 2200 1406 2232 Ciceronem
1427 2199 1460 2231 in
1481 2199 1545 2231 hac
1570 2199 1634 2230 de·-

856 2247 1007 2280 finitione
1041 2246 1189 2279 Platonis
1231 2244 1424 2289 ἐπιστήμην
1463 2253 1497 2277 et
1532 2244 1634 2285 δόξαν

858 2293 1040 2326 contrarias
1075 2292 1233 2336 copulare
1265 2299 1299 2324 et
1330 2291 1537 2324 confundere
1570 2301 1634 2322 vo-

856 2339 966 2371 luisse.
1012 2341 1126 2380 Opinio
1149 2341 1259 2380 gravis
1279 2345 1330 2371 est
1349 2350 1433 2382 quae
1457 2336 1556 2370 certis
1577 2347 1633 2370 arr

859 2384 1024 2429 gumentis
1048 2385 1177 2417 nititur.

935 2435 1035 2463 metus
1063 2441 1183 2472 quoque
1213 2435 1256 2464 es!
1284 2431 1476 2472 diffidentia]
1518 2427 1634 2459 Cicero

859 2477 1043 2520 exprimere
1063 2477 1206 2509 voluisse
1232 2476 1364 2508 videtur
1388 2476 1474 2506 hanc
1495 2479 1634 2505 senten-

858 2523 958 2555 tiam:
997 2522 1055 2554 Uti
1079 2523 1216 2555 fidentia
1247 2521 1385 2554 scientia
1415 2519 1558 2563 quadam
1582 2518 1635 2550 ni-

858 2569 960 2607 titur,
986 2569 1034 2601 ita
1056 2568 1268 2609 diffidentia,
1294 2572 1527 2611 praeterquam
1546 2563 1636 2608 quod

861 2627 902 2648 ex
921 2615 1090 2659 opinionis
1105 2615 1242 2647 levitate
1265 2611 1421 2649 nascitur,
1441 2615 1542 2643 metus
1559 2620 1636 2650 quo-

860 2671 919 2703 que
956 2665 999 2694 est
1036 2662 1206 2701 exspectati
1241 2662 1268 2690 et
1304 2659 1511 2698 impendentis
1548 2657 1636 2688 mali.

862 2706 1038 2740 Obscurius
1070 2707 1135 2738 hoc
1167 2705 1243 2736 loco
1269 2703 1399 2735 locutus
1432 2709 1483 2734 est
1508 2700 1635 2733 Cicero.

862 2752 1006 2785 Omnino
1021 2763 1121 2794 saepe
1144 2750 1176 2781 in
1194 2750 1312 2781 horum
1326 2748 1488 2780 librorum
1501 2745 1636 2779 dicendi

861 2810 984 2841 genere
1013 2810 1051 2830 ea
1074 2795 1282 2828 desideratur
1301 2793 1519 2836 perspicuitas
1550 2792 1635 2825 scri-

861 2844 1027 2887 bendique
1039 2840 1225 2884 diligentia,
1246 2851 1310 2883 qua
1322 2846 1433 2872 cetera
1445 2839 1515 2871 fere
1526 2838 1637 2871 omnia

861 2889 949 2921 illius
974 2888 1098 2931 scripta
1131 2885 1263 2929 egregie
1294 2897 1366 2917 sese
1389 2884 1635 2918 commendant.

863 2934 963 2975 Quod
998 2940 1109 2965 autem
1132 2930 1331 2964 vocabulum
1362 2936 1461 2965 metus
1497 2931 1651 2975 primam-

824 3001 829 3003 -
863 2978 1025 3012 enuntiati
1044 2977 1158 3010 sedem
1177 2977 1364 3021 occupavit,
1390 2984 1569 3022 propterea
1581 2977 1638 3010 fa-
