1811 3053
149 31 199 74 14
758 39 1103 74 PROLEGOMENA.

279 232 891 281 TUSCULANARUM
939 233 1575 284 DISPUTATIONUM

747 335 867 367 LIBRI
891 335 1097 378 SECUNDI,

574 411 643 447 QUI
661 411 740 441 EST
758 412 811 440 DE
831 412 1084 442 TOLERANDO
1103 412 1278 450 DOLORE,

706 485 1137 524 CONSPECTUS.

255 600 282 637 1.
329 599 584 636 Pnoommm.
626 599 883 649 Posteaquam
907 600 1044 637 Cicero
1066 598 1345 651 philosophiae
1366 600 1543 639 studium
1564 608 1704 641 contra

139 668 224 706 eius
255 658 550 717 vituperatores
576 666 752 705 defendit
774 669 1049 718 Romanosque
1077 667 1127 705 ad
1158 668 1260 705 idem
1291 668 1467 706 studium
1499 669 1707 709 colendum
1743 709 1746 710 ⁷

138 735 348 786 latinisque
387 734 527 772 litteris
562 734 844 773 illustrandum
885 735 1118 773 cohortatus
1153 742 1230 784 est,
1272 735 1489 787 docuitque
1522 736 1705 789 philoso-

137 804 270 855 phiam
294 817 315 840 a
337 802 553 840 liberaliter
579 803 769 852 eruditis,
801 803 978 841 adhibita
1000 803 1217 841 disserendi
1244 804 1453 855 elegantia,
1483 805 1639 843 ratione
1668 811 1707 844 et

137 872 205 910 via
224 871 474 909 tractandam
494 884 591 908 esse:
624 871 868 921 colloquium
896 871 952 908 ita
973 871 1199 920 inducitur,
1231 878 1278 910 ut
1296 872 1468 923 primum
1482 903 1493 922 ,
1520 872 1706 911 hesterna

136 939 356 990 disputatio
374 945 558 988 quantam
582 938 662 976 vim
683 939 824 976 habeat
850 939 899 976 ad
922 939 1095 975 animum
1116 939 1254 976 mortis
1287 945 1395 977 metu
1427 947 1466 978 et
1491 954 1535 978 eo
1566 954 1706 991 genere

135 1007 334 1045 molestiae
362 1006 625 1054 liberandum,
654 1006 791 1056 paucis
813 1012 1039 1056 repetatur,
1077 1012 1162 1043 tuni
1193 1006 1402 1044 universae
1427 1007 1706 1060 philosophiae

134 1075 187 1113 ad
211 1074 361 1112 animos
383 1080 522 1111 contra
544 1073 680 1110 inanes
702 1073 1006 1121 sollicitudines,
1023 1073 1258 1124 cupiditates
1280 1074 1519 1126 timoresque
1537 1075 1702 1114 firman-

136 1143 208 1181 dos
238 1141 552 1192 muniendosque
581 1141 641 1180 vis
672 1141 872 1179 laudetur.
917 1155 949 1178 c.
973 1144 1114 1179 1—4.

627 1255 751 1292 PmoR
780 1267 875 1291 PARS
905 1267 1217 1292 DISPUTATIONIS.

249 1346 296 1384 II.
326 1346 583 1383 Pnorosrrm
599 1341 754 1391 (θέσις).
797 1345 933 1381 Dolor
958 1346 1185 1380 maximum
1208 1352 1266 1381 est
1288 1346 1494 1383 malorum
1511 1348 1702 1386 omnium.

135 1415 242 1454 Haec
260 1413 456 1451 sententia
479 1412 609 1450 statim
632 1426 676 1449 eo
698 1418 929 1463 argumento
943 1441 953 1460 ,
985 1412 1094 1462 quod
1117 1411 1286 1450 dedecus
1314 1419 1353 1451 et
1374 1413 1588 1465 turpitudo
1617 1428 1704 1452 ma-

136 1485 198 1522 ius
220 1483 272 1520 sit
289 1481 428 1519 dolore
448 1481 604 1529 malum,
630 1480 839 1529 refellitur,
861 1486 907 1517 ut
928 1479 1004 1516 iam
1026 1480 1228 1517 immutata
1252 1480 1307 1518 sic
1326 1487 1600 1532 proponatur:
1628 1482 1704 1520 do-

139 1554 201 1590 lor
223 1551 381 1588 malum
405 1556 474 1587 est.
507 1562 541 1586 c.
559 1553 598 1586 5.
657 1548 867 1598 Sequitur,
897 1554 944 1585 ut
965 1554 1202 1599 quaeratur,
1234 1548 1350 1586 dolor
1370 1546 1586 1602 (corporis)
1615 1563 1702 1587 ma-

135 1621 268 1658 lumne
286 1619 349 1666 sit,
379 1623 419 1654 et
440 1624 635 1667 quatenus
656 1617 722 1654 sit.
767 1616 827 1653 Ad
847 1615 950 1653 hane
975 1615 1241 1665 quaestionem
1260 1616 1538 1654 illustrandam
1569 1623 1608 1656 et
1629 1631 1702 1656 ex-

135 1687 373 1740 planandam
392 1685 514 1722 trium
533 1685 761 1736 principum
783 1683 1081 1735 disciplinarum
1105 1684 1153 1721 de
1178 1683 1257 1722 hoc
1280 1691 1513 1736 argumento
1541 1692 1702 1724 seuten-

135 1757 211 1794 tiae
240 1759 510 1793 recensentur.

252 1825 295 1872 1)
327 1820 529 1859 Sententia
556 1820 873 1871 Cyrenaicorum
895 1819 1150 1871 (Aristippi)
1178 1825 1217 1857 et
1237 1821 1535 1870 Epicureorum
1554 1821 1702 1858 confu—

136 1897 262 1930 tatur.
303 1903 335 1927 c.
352 1893 392 1927 6.
408 1892 446 1927 7.
469 1886 593 1939 §.17.
653 1888 749 1936 (Hic
775 1887 910 1924 Cicero
931 1900 1040 1925 suam
1061 1887 1145 1938 ipse
1166 1888 1325 1938 profert
1353 1888 1604 1937 sententiam,
1635 1888 1702 1926 di-

137 1973 245 2007 cens,
276 1957 453 1995 dolorem
475 1969 556 1992 rem
581 1968 660 1992 esse
680 1956 843 2003 tristem,
874 1968 1062 2005 asperam,
1094 1968 1277 2003 amaram,
1308 1955 1503 1993 inimicam
1524 1952 1703 2006 naturae,

135 2028 186 2065 ad
213 2024 445 2078 patiendum
472 2022 801 2072 tolerandumque
824 2022 1036 2071 difficilem,
1066 2036 1160 2073 ergo
1182 2022 1298 2060 etiam
1321 2023 1487 2061 malum:
1518 2024 1627 2074 quod
1647 2023 1703 2061 ita

135 2109 228 2143 esse,
258 2092 476 2142 intelligere
500 2090 593 2128 licet
611 2103 660 2127 ex
682 2103 741 2138 e0,
773 2089 882 2140 quod
904 2091 1019 2127 etiam
1040 2090 1276 2128 fortissimos
1298 2091 1409 2129 viros
1430 2091 1582 2129 doloris
1605 2105 1703 2129 cru-

137 2162 305 2202 ciatibus
329 2159 458 2210 frangi
477 2165 514 2196 et
540 2157 746 2195 lamentari
770 2158 962 2195 videmus.
993 2178 1049 2184 ——-
1093 2158 1281 2209 Exempla
1305 2158 1567 2208 Philoctetae,
1596 2159 1703 2197 Her-

137 2231 256 2279 culis,
287 2226 523 2275 Promethei,
554 2239 573 2264 e
595 2225 721 2278 poetis
747 2224 906 2276 tragicis
931 2225 1112 2275 repetita.
1154 2239 1187 2262 c.
1202 2229 1239 2263 7.
1257 2223 1299 2276 §.
1316 2228 1380 2263 18.
1397 2229 1462 2264 19.
1487 2231 1706 2266 c.8—10.

137 2300 241 2339 Hinc
269 2296 444 2335 nascitur
473 2294 605 2333 brevis
639 2293 828 2344 digressio
855 2293 902 2330 de
935 2305 1011 2329 usu
1045 2292 1226 2329 locorum
1259 2305 1278 2328 e
1311 2294 1438 2342 poetis
1471 2293 1704 2344 petitorum,

137 2367 208 2420 qui
236 2362 577 2416 disputationibus
610 2362 658 2399 de
691 2359 945 2412 philosophia
977 2359 1172 2398 institutis
1206 2359 1508 2399 admisceantur.
1563 2362 1707 2399 Poetae

138 2440 365 2486 carpuntur
376 2462 386 2481 ,
418 2430 547 2482 quod,
591 2443 712 2481 quum
738 2428 975 2467 fortissimos
1006 2427 1183 2466 homines
1214 2427 1409 2466 inducant
1438 2429 1706 2478 lamentantes,

138 2503 288 2542 animos
311 2506 470 2539 nostros
491 2498 672 2536 molliant
691 2496 935 2547 virtutisque
957 2509 1100 2534 nervos
1123 2495 1286 2534 elidant.
1317 2510 1351 2534 c.
1369 2499 1434 2534 11.
1471 2497 1599 2535 Multo
1619 2511 1705 2535 ma-

141 2571 196 2621 gis
217 2576 346 2608 autem
366 2566 624 2619 vituperandi
645 2571 740 2603 sunt
758 2563 922 2602 virtutis
941 2563 1126 2615 magistri,
1148 2562 1392 2615 philosophi,
1424 2564 1493 2614 qui
1514 2578 1708 2602 summum

143 2639 287 2675 malum
309 2637 487 2676 dolorem
507 2635 662 2673 dicunt.
701 2634 854 2671 Rursus
874 2631 1157 2684 perstringitur
1172 2631 1337 2683 Epicuri
1351 2631 1562 2670 sententia.
1591 2645 1626 2671 c.
1641 2635 1708 2671 12.

143 2703 183 2756 ς.
204 2706 289 2754 28.)
1567 2746 1573 2748 „

258 2772 306 2821 2)
335 2772 537 2810 Sententia
570 2773 821 2815 Stoicorum,
862 2767 933 2820 qui
967 2767 1067 2805 nihil
1097 2766 1242 2805 malum
1280 2779 1360 2804 esse
1387 2766 1590 2815 dicebant,
1631 2766 1707 2805 nisi

149 2839 257 2890 quod
273 2845 392 2889 turpe
415 2847 532 2890 atque
554 2839 742 2878 vitiosum
765 2843 863 2876 esset
871 2852 881 2887 3
925 2835 1102 2874 dolorem
1120 2835 1244 2887 igitur
1262 2847 1448 2886 asperum
1472 2834 1584 2872 illum
1614 2834 1708 2885 qui-

148 2906 237 2946 dem
262 2919 341 2944 esse
362 2912 401 2943 et
430 2914 571 2945 contra
589 2913 790 2956 naturam,
819 2905 887 2945 sed.
904 2904 1048 2943 malum
1077 2916 1158 2943 esse
1190 2903 1353 2941 omnino
1369 2902 1585 2955 negabant,
1614 2901 1707 2954 quia
