1843 3101
153 52 236 97 198
640 67 809 102 menn
831 69 893 101 111.
920 66 1064 110 18,43.
1090 67 1152 112 19,
1178 68 1232 103 44.

153 151 298 200 ptateS,
331 160 427 202 quas
449 162 567 204 supra
590 148 727 189 dixi.“
790 148 903 204 Quae
925 156 1158 205 sequuntur,
1191 150 1231 192 in
1253 150 1390 192 eadem
1408 152 1606 195 sententia
1624 161 1732 206 sunt,

153 225 338 275 totusque
369 222 494 273 liber,
541 222 606 278 qui
639 230 700 264 est
731 223 778 264 de
807 238 960 265 summo
993 224 1123 276 bono,
1169 226 1338 267 refertus
1372 232 1434 267 est
1466 233 1503 268 et
1527 226 1660 270 verbis
1694 236 1734 270 et

152 295 361 336 sententiis
391 296 547 338 talibus.
611 302 681 338 45.
714 296 778 338 Ad
812 297 1001 340 hanccine
1034 299 1153 354 igitur
1184 300 1306 341 vitam
1329 299 1589 343 Telamonem
1625 302 1731 344 illum

154 369 388 420 revocabis,
445 377 487 410 ut
525 371 634 412 leves
676 372 989 427 aegritudinem?
1042 381 1080 414 et
1122 374 1154 415 si
1198 387 1311 428 quem
1352 382 1506 417 tuorum
1549 377 1732 418 afflictum

153 455 333 484 maerore
365 444 537 497 videris,
592 446 679 487 huic
710 447 981 507 acipenserem
1018 448 1169 503 potius,
1223 462 1335 503 quam
1374 449 1542 505 aliquem
1581 448 1731 493 Socra-

151 515 269 557 ticum
302 517 474 560 libellum
517 520 653 562 dabis?
700 521 875 578 hydrauli
911 522 1121 564 hortabere
1163 530 1204 564 ut
1245 524 1378 565 audiat
1417 539 1538 566 voces
1579 527 1724 580 potius,

150 604 263 644 quam
283 589 490 636 Platonis?
522 609 726 651 expones,
761 611 860 651 quae
884 604 1058 653 spectet,
1094 598 1229 638 llorida
1261 605 1301 639 et
1331 598 1465 640 varia?
1499 599 1728 641 fasciculum

148 664 197 705 ad
241 680 358 708 nares
399 669 654 712 admovebis?
705 671 891 712 incendes
925 672 1094 713 odores?
1147 679 1187 713 et
1215 672 1333 713 sertis
1370 673 1545 714 redimiri
1577 673 1730 715 iubebis

148 747 188 780 et
216 743 340 783 rosa?
382 743 415 784 si
455 758 552 785 vero
591 746 736 801 aliquid
768 747 884 787 etiam
926 771 984 776 —
1015 754 1093 787 tum
1126 747 1240 802 plane
1271 747 1417 788 luctum
1449 762 1605 789 omnem
1643 748 1735 790 abs-

147 816 329 858 terseris.

258 888 384 932 XIX.
432 898 502 934 44.
548 892 658 935 llaec
685 893 856 950 Epicuro
880 895 1099 935 confitenda
1121 903 1236 946 sunt,
1281 903 1350 936 aut
1370 909 1439 947 ea,
1489 910 1589 951 quae
1618 897 1734 938 modo

145 975 340 1019 expressa
366 967 415 1007 ad
442 968 606 1008 verbum
634 969 742 1020 dixi,
789 968 961 1009 tollenda
1000 969 1047 1009 de
1071 969 1196 1020 libro,
1243 970 1308 1010 vel
1344 977 1448 1011 totus
1479 970 1579 1011 liber
1604 971 1732 1026 potius

144 1036 413 1091 abiiciundus;
460 1048 521 1082 est
551 1043 654 1083 enim
686 1044 889 1084 consertus
922 1043 1202 1098 voluptatibus.

1274 1041 1556 1098 Quaerendum
1593 1045 1728 1101 igitur,

145 1114 468 1166 quemadmodum
495 1117 742 1171 aegritudine
771 1118 972 1173 privemus
1004 1132 1115 1169 eum,
1150 1118 1215 1173 qui
1247 1118 1299 1159 ita
1331 1119 1457 1160 dicat:

257 1212 314 1219 —-
344 1193 416 1230 Pol
424 1222 438 1239 ,
473 1194 573 1231 milei
583 1194 750 1246 fortuna
780 1196 907 1243 magis
936 1208 1036 1232 nune
1066 1194 1179 1246 (Ιςβί,
1213 1196 1329 1246 qusint
1356 1209 1493 1246 genus.

257 1265 434 1318 Nquuc
463 1281 621 1317 regnum
653 1269 873 1319 Stlppelebat
902 1271 975 1315 ml,
1010 1270 1052 1306 1'1!
1081 1271 1206 1316 selas,
1241 1276 1381 1320 quanto
1411 1271 1431 1307 ό
1459 1271 1541 1309 loco

259 1341 424 1391 Qetdnle’s
454 1342 607 1393 opibus,
644 1343 779 1394 qm'bzis
809 1345 854 1380 de
883 1343 995 1381 rebus
1027 1344 1137 1394 lapsa
1156 1344 1323 1396 sortema
1353 1343 1515 1382 a'cce'dat.

144 1407 279 1464 Quid?
318 1413 406 1455 huic
435 1416 539 1456 calix
560 1416 674 1456 mulsi
697 1416 970 1470 impingendus
997 1423 1079 1468 est,
1114 1424 1156 1457 ut
1178 1416 1334 1472 plorare
1357 1418 1538 1459 desinat?
1568 1424 1637 1459 aut
1657 1417 1728 1459 ati-

144 1485 235 1540 quid
266 1486 486 1529 eiusmodi?
544 1488 651 1531 Ecce
682 1490 751 1530 tibi
784 1504 836 1531 ex
867 1490 991 1531 altera
1023 1498 1132 1546 parte
1163 1491 1210 1532 ab
1243 1492 1382 1533 eodem
1413 1497 1552 1548 poe'ta:

257 1564 322 1601 Ex
353 1565 484 1616 opibus
513 1568 666 1604 summis
698 1568 778 1617 (ipis
808 1580 922 1617 egens
937 1596 947 1612 ,

983 1568 1126 1605 Hech'n·
1140 1596 1149 1613 ‚
1185 1574 1285 1606 letae.

142 1633 248 1676 Huic
278 1637 492 1680 subvenire
524 1639 738 1680 debemus:
775 1640 930 1694 quaerit
959 1640 1061 1680 enim
1093 1640 1308 1681 auxilium:

143 1744 285 1777 virtutes
308 1752 342 1778 et
362 1747 542 1790 sapientias
564 1746 703 1779 ebullire
724 1747 860 1790 volent,
887 1760 922 1780 re

145 1790 324 1834 diligenter
345 1792 552 1832 examinata,
592 1793 673 1825 nihil
697 1793 787 1825 aliud
811 1794 922 1825 dicere

144 1837 373 1880 reperientur,
399 1839 459 1871 sed
479 1846 609 1871 tantum
633 1840 718 1871 viam
738 1839 922 1883 voluptatis

148 1884 392 1926 comparandae
406 1892 609 1918 monstrare:
632 1897 669 1917 ea
689 1892 739 1917 est
757 1886 844 1917 enim
862 1886 921 1928 (οἳ.

145 1928 218 1960 Fin.
240 1931 265 1968 Ι,
290 1930 329 1962 13
343 1931 430 1975 sqq.)
458 1931 506 1963 vis
533 1938 565 1963 et
592 1931 716 1963 utilitas
739 1931 922 1975 sapientiae

146 1979 181 2005 et
202 1974 354 2013 virtutis,
392 1984 427 2009 ut
458 1977 501 2009 ad
529 1977 739 2020 voluptatem
775 1977 920 2009 certissi-

145 2030 232 2051 mam
254 2031 315 2051 nos
337 2021 482 2062 ducant,
519 2034 585 2055 non
613 2030 647 2054 ut
672 2035 730 2066 per
755 2035 790 2054 se
817 2035 921 2065 expe-

143 2070 294 2097 tantur.“
328 2069 464 2101 Ebullire
481 2071 612 2101 virtutes
629 2068 784 2100 dicuntur
808 2069 918 2111 philo-

145 2110 264 2154 sophi,
291 2112 346 2155 qui
365 2114 528 2146 vocabula
547 2117 676 2147 virtutes
697 2122 729 2146 et
748 2118 922 2155 sapientius

148 2167 221 2188 cum
240 2157 327 2189 fastu
347 2164 379 2189 et
397 2160 623 2192 ostentatione
640 2160 920 2203 disputationibus

145 2201 213 2234 suis
234 2202 361 2235 iactant
385 2210 418 2235 et
440 2217 519 2247 prae
543 2217 578 2237 se
601 2206 724 2237 ferunt.
775 2206 920 2249 Elegan—

146 2252 199 2280 ter
220 2249 379 2281 Kernius:
411 2249 466 2281 die
487 2252 608 2282 Worte
637 2252 826 2295 .,Tugend“
853 2252 919 2283 und

148 2293 363 2331 „Weisheiv‘
383 2296 597 2338 entsprudeln
619 2296 735 2328 lassen.
772 2297 827 2329 Sic
847 2298 919 2329 Fin.

147 2339 189 2370 V.
211 2338 276 2379 27,
301 2339 365 2373 80:
397 2340 525 2372 Dixerit
546 2341 612 2373 hoc
635 2342 724 2374 idem
750 2343 919 2386 Epicurus,

147 2385 289 2428 Semper
304 2385 439 2418 beatum
452 2397 523 2418 esse
538 2387 723 2429 sapientem
737 2400 743 2418 t
760 2408 806 2413 —-
830 2389 921 2432 quod

148 2430 282 2473 quidem
304 2430 392 2463 solet
409 2434 537 2464 ebullire
557 2443 803 2476 nonuunquam.
840 2435 921 2466 Cum

148 2475 235 2509 salsa
258 2476 401 2521 quadam
432 2477 537 2510 ironia
563 2477 723 2520 Epicurus
751 2482 922 2519 sapientias

149 2522 303 2565 (σοφίας)
330 2535 467 2556 numero
492 2523 609 2567 plurali
634 2522 737 2563 dixit,
775 2524 830 2566 qui
854 2537 923 2556 non

147 2566 226 2601 ideo
249 2568 282 2601 h.
303 2569 325 2601 l.
348 2569 478 2612 positus
502 2575 571 2608 est,
597 2568 688 2612 quod
712 2569 822 2611 plures
844 2570 923 2612 phi-

148 2612 283 2658 losophi
296 2614 342 2647 ita
355 2614 538 2659 loquuntur
553 2616 597 2658 (v.
611 2625 673 2646 nos
690 2614 733 2646 ad
745 2616 800 2645 IV.
816 2615 847 2653 ¹2,
862 2615 921 2655 3.),

147 2658 208 2691 sed
241 2660 333 2704 quod
366 2672 487 2693 nomen
523 2659 707 2703 sapientiae
740 2670 862 2700 semper
889 2659 923 2691 in

147 2715 206 2738 ore
229 2712 330 2750 atque
354 2717 509 2739 sermone
532 2706 667 2738 habent.

214 2748 271 2784 43.
294 2752 519 2797 acipenserem]
546 2751 611 2784 Hic
630 2750 728 2796 piscis
751 2750 840 2794 apud
859 2762 923 2783 an-

147 2795 257 2841 tiquos
281 2797 473 2837 Romanos,
510 2810 577 2831 non
601 2797 683 2830 item
708 2796 921 2842 posteriores,

147 2840 180 2873 in
201 2841 398 2876 lautioribus
414 2850 449 2876 et
462 2843 712 2876 delicatioribus
734 2842 840 2887 epulis
858 2842 922 2875 ha-

147 2884 299 2920 bebatur.
347 2890 388 2923 V.
415 2891 578 2931 Heindorf.
597 2889 640 2922 ad
656 2890 777 2922 Horat.
794 2889 865 2921 Sat.
881 2890 923 2920 ΙΙ.

146 2929 188 2970 2,
213 2928 269 2964 47.
319 2933 371 2967 cf.
391 2934 467 2966 Fin.
487 2936 531 2967 11.
554 2937 600 2974 ὅ,
624 2932 679 2970 24.

215 2978 377 3023 hydrauli]
418 2981 604 3020 Hydraulus
639 2992 664 3013 s.
691 2979 924 3025 hydraulicum

958 1759 1105 1789 organon
1131 1749 1368 1791 (Wasseroryel)
1394 1749 1459 1781 suit
1477 1749 1732 1782 instrumentum

957 1794 1135 1834 musicum,
1161 1794 1267 1826 simile
1289 1794 1330 1831 ei,
1359 1794 1448 1838 quod
1471 1807 1531 1828 nos
1556 1797 1648 1837 Oryel
1667 1807 1731 1828 vo-

958 1851 1088 1875 camus,
1127 1839 1189 1871 nisi
1213 1840 1303 1884 quod
1324 1840 1358 1872 in
1382 1841 1448 1873 hoc
1470 1840 1606 1873 follibus
1634 1841 1734 1874 infla-

957 1892 1011 1917 tur
1034 1886 1167 1929 spiritus
1193 1886 1305 1925 tibiis,
1340 1886 1374 1918 in
1400 1887 1460 1919 illo
1492 1894 1602 1919 autem
1626 1898 1733 1931 aquae

956 1938 1127 1963 tormento
1156 1932 1290 1975 spiritus
1321 1939 1378 1964 aut
1400 1939 1518 1965 ventus
1552 1932 1650 1965 tibias
1675 1933 1731 1966 in-

956 1983 1046 2009 trare
1067 1978 1256 2020 coge-batur.

1011 2025 1134 2065 odores,
1150 2024 1190 2055 H.
1202 2035 1229 2055 e.
1245 2025 1436 2065 suffimenta.
1452 2024 1493 2056 V.
1505 2023 1548 2057 ad
1557 2025 1597 2057 V.
1610 2023 1664 2063 21,
1675 2023 1730 2058 62.

1013 2072 1102 2101 serlis
1124 2071 1267 2102 redimiri
1290 2089 1335 2094 —
1359 2074 1386 2102 et
1406 2072 1495 2113 rosa]
1522 2070 1577 2103 Sic
1599 2070 1730 2102 Curtius

957 2115 1012 2146 IV.
1038 2120 1078 2153 -t,
1102 2116 1143 2148 5:
1180 2118 1302 2148 coronis
1332 2117 1530 2157 floribusque.
1577 2117 1615 2148 In
1640 2115 1733 2148 eius-

957 2160 1047 2191 modi
1083 2160 1163 2193 locis
1197 2172 1263 2193 non
1296 2168 1347 2193 est
1384 2161 1595 2204 agnoscenda
1630 2161 1733 2205 figura

956 2205 1110 2243 dicendi,
1148 2218 1232 2250 quae
1262 2204 1298 2240 ἓν
1333 2204 1389 2241 διὰ
1419 2209 1510 2242 δυοῖν
1533 2207 1732 2251 appellatur.

956 2252 1007 2283 De
1032 2255 1120 2284 sertis
1140 2259 1197 2284 aut
1219 2255 1360 2293 coronis,
1385 2252 1534 2285 laetitiae
1553 2253 1660 2297 signo,
1686 2252 1731 2286 cf.

955 2297 999 2329 ad
1016 2299 1042 2329 Ι.
1062 2298 1115 2331 35).
1141 2297 1202 2331 >soz
1229 2300 1370 2330 coronati
1393 2317 1437 2322 —-
1460 2300 1596 2340 suerunt.
1625 2301 1628 2305 ’

1024 2346 1051 2375 si
1083 2354 1156 2376 vero
1190 2345 1312 2384 aliquid
1344 2346 1452 2387 etiam]
1502 2346 1558 2377 Est
1592 2345 1735 2377 honesta

957 2388 1184 2432 aposiopesis.
1223 2400 1287 2432 qua
1320 2389 1504 2422 reticentur
1536 2387 1732 2433 ἀφροδίσια.

1026 2434 1106 2466 Car.
1127 2435 1224 2466 XIX.
1253 2432 1308 2467 44.
1342 2444 1491 2476 expressa
1520 2438 1565 2468 ad
1587 2436 1730 2477 verbum]

957 2481 997 2513 V.
1023 2492 1122 2523 supra
1148 2479 1190 2512 ad
1215 2492 1243 2511 c.
1268 2477 1308 2519 4,
1334 2480 1366 2514 7.

1019 2535 1101 2565 eum,
1123 2528 1178 2566 qul
1191 2528 1235 2557 ita
1250 2525 1349 2569 dicat]
1373 2526 1519 2564 „Rursus
1536 2524 1730 2558 Telamonis

958 2570 1060 2602 verba
1082 2582 1100 2602 e
1121 2570 1293 2613 tragoedia
1307 2596 1315 2609 ,
1342 2571 1458 2613 quibus
1482 2569 1615 2602 exilium
1637 2582 1734 2603 suum

959 2615 1132 2658 deplorat,
1159 2616 1193 2647 in
1214 2615 1305 2659 quod
1324 2616 1367 2647 ob
1388 2616 1527 2648 fratrem
1548 2616 1693 2648 Phocum
1713 2628 1734 2650 a

957 2672 992 2692 se
1010 2660 1228 2693 intersectum
1248 2661 1357 2704 pulsus
1377 2660 1497 2694 fuerat.
1534 2661 1587 2693 Cf.
1609 2662 1637 2705 ᾗ.
1651 2661 1733 2695 39.“

1027 2708 1099 2749 Pol]
1127 2709 1210 2738 Sunt
1230 2718 1341 2738 rursus
1362 2706 1548 2739 tetrametri
1570 2706 1733 2740 trochaici

962 2751 1158 2783 catalectici.
1191 2754 1272 2793 Desit
1289 2751 1426 2795 antique
1444 2764 1505 2796 pro
1522 2752 1646 2786 deficit.
1681 2754 1733 2786 De

957 2796 1247 2840 pronuntiationes
1267 2797 1444 2830 verborum
1463 2801 1574 2840 quibus
1592 2804 1627 2831 et
1642 2801 1735 2832 rebus

960 2844 1089 2887 (quibu,
1114 2843 1201 2882 reba)
1227 2854 1258 2874 v.
1283 2842 1327 2875 ad
1348 2845 1373 2875 Ι.
1397 2844 1438 2879 9.
1463 2846 1514 2878 lei.

1027 2898 1067 2921 ex
1091 2889 1216 2932 opibus]
1243 2890 1303 2921 Est
1326 2889 1473 2922 senarius
1497 2889 1667 2924 iambicus.

1026 2934 1123 2979 Huic]
1149 2934 1228 2966 Scil.
1241 2934 1523 2974 Andromachae„
1542 2947 1627 2980 quae
1648 2935 1734 2968 haec

958 2979 1061 3012 verba
1080 2980 1215 3024 profert
1234 2980 1324 3025 apud
1340 2981 1492 3017 Ennium.
1525 2982 1650 3015 Versus
1669 2992 1733 3014 au—
