1859 3149
1609 39 1692 85 317

93 152 211 195 quam
234 138 386 195 opimos
410 137 562 187 boves,
598 142 679 176 tum
702 134 901 189 intelliges
919 166 929 186 ‚
965 133 1030 189 qui
1056 132 1301 188 voluptatem
1324 130 1501 172 maxime
1524 145 1695 187 sequan-

93 220 184 267 tur,
219 228 289 256 cos
313 213 475 255 minime
500 209 714 266 consequi,
749 209 1111 264 iucunditatemque
1138 208 1266 249 victus
1290 219 1382 248 csse
1410 206 1451 247 in
1477 206 1692 259 desiderio,

625 52 792 86 mann
819 48 1157 94 v.35,1o1.102.

94 303 175 331 non
207 290 247 332 in
278 289 477 330 satietate.

210 362 401 406 XXXV.
465 361 748 424 Timotheum,
796 360 944 402 clarum
976 358 1173 399 hominem
1205 358 1379 400 Athenis
1409 366 1448 400 et
1479 358 1698 416 principem

97 439 286 492 civitatis,
320 439 468 491 serunt,
502 449 620 494 quum
643 435 898 478 coenavisset
919 434 1018 491 apud
1038 432 1245 476 Platonem
1267 448 1395 490 eoque
1420 433 1606 476 convivio
1630 436 1699 477 ad-

96 516 254 558 modum
278 515 498 558 delectatus
519 521 629 556 esset
643 513 888 567 vidissetque
914 525 1002 552 cum
1028 510 1244 566 postridie,
1287 511 1462 552 dixisse:
1541 510 1702 554 'estrae

96 591 268 648 quidem
293 604 459 633 coenae
485 603 573 632 non
597 590 734 631 solum
763 589 807 629 in
831 588 1115 642 pmesente'a,
1156 585 1235 627 sed
1261 587 1392 627 etiam
1422 592 1605 642 postero
1630 587 1702 629 dic

95 667 315 710 iucundae
343 671 457 709 sunt.
522 664 658 720 Quid?
699 664 801 719 quod
834 677 882 704 ne
913 669 1044 703 mcntc
1074 661 1231 717 quidem
1265 669 1373 704 recte
1406 663 1459 703 uti
1491 676 1701 719 possumus

99 743 223 785 multo
254 743 342 785 cibo
373 749 415 784 ct
444 741 605 798 potione
637 738 852 795 completi?
901 736 976 779 Est
1007 737 1211 794 praeclara
1244 738 1411 794 epistola
1442 737 1621 780 Platonis
1653 739 1702 780 ad

99 816 244 860 Dionis
268 820 535 875 propinquos,
570 816 608 858 in
635 831 711 872 qua
733 816 921 872 scriptum
945 821 1005 855 est
1027 814 1086 855 his
1112 815 1193 855 scre
1218 813 1378 855 verbis:
1427 812 1557 869 „Quo
1584 830 1703 870 quum

99 894 328 946 venissem,
360 893 443 935 vita
467 893 532 934 illa
562 892 704 944 beata,
740 906 841 948 quae
870 890 1098 941 serebatur,
1133 891 1249 946 plena
1277 889 1502 932 Italicarum
1527 889 1705 947 Syracu-

97 969 328 1026 siarumque
348 982 600 1020 mensarum,
648 968 755 1009 nullo
790 967 907 1008 modo
933 966 1024 1008 mihi
1053 966 1222 1022 placuit,
1269 966 1329 1008 bis
1365 967 1405 1008 in
1438 967 1502 1008 dic
1526 974 1705 1008 saturum

100 1045 186 1087 fieri
215 1059 288 1087 nec
315 1059 483 1101 unquam
509 1051 745 1101 pernoctare
773 1044 898 1084 solum
928 1049 1166 1097 ceteraque,
1212 1056 1312 1098 quae
1341 1042 1586 1083 comitantur
1615 1042 1705 1083 huic

98 1121 234 1176 vitae,
266 1121 306 1163 in
328 1134 403 1177 qua
429 1120 587 1177 sopiens
609 1134 726 1161 nemo
754 1118 948 1160 efficietur
973 1132 1143 1172 unquam
1161 1150 1171 1167 ,
1206 1118 1434 1158 moderatus
1456 1132 1558 1160 vero
1583 1118 1706 1159 multo

100 1197 247 1239 minus.
314 1202 411 1238 101.
446 1194 561 1251 Quae
583 1195 689 1236 enim
720 1202 860 1236 natura
890 1202 967 1235 tam
1001 1193 1236 1235 mirabiliter
1263 1193 1476 1250 temperari
1508 1194 1706 1250 potest?“

102 1269 196 1327 Quo
213 1272 330 1314 modo
348 1272 472 1328 igitur
492 1254 661 1312 iucunda
685 1271 766 1312 vita
787 1277 917 1327 potest
941 1283 1047 1320 esse,
1083 1283 1105 1310 a
1127 1283 1201 1324 qua
1221 1269 1323 1310 absit
1344 1269 1569 1324 prudentia,
1605 1268 1711 1311 absit

99 1347 354 1390 moderatio?
393 1346 461 1389 Ex
484 1362 563 1404 quo
588 1345 876 1402 Sardanapali,
922 1344 1211 1401 opulentissimi
1241 1344 1388 1401 Syriae
1415 1345 1548 1401 regis,
1595 1360 1711 1388 error

101 1423 357 1480 agnoscitur,
391 1423 457 1479 qui
489 1422 607 1465 incidi
639 1421 755 1464 iussit
784 1421 824 1463 in
856 1421 998 1462 busto:

308 1502 414 1540 Haec
444 1499 584 1547 habeo,
621 1513 718 1552 quae
747 1500 812 1537 edi
838 1512 1008 1551 quaeque
1037 1505 1263 1537 exsaturata
1297 1498 1413 1536 libido

310 1577 475 1623 Hausit,·
509 1581 554 1614 at
581 1576 650 1613 illa
680 1577 806 1614 iacent
835 1576 954 1613 multa
985 1581 1023 1613 et
1047 1574 1254 1626 praeclara
1286 1575 1439 1612 relicta.

104 1647 231 1706 (Quid
253 1649 381 1702 aliud,
413 1649 542 1705 inquit
560 1648 830 1700 Aristoteles,
866 1649 905 1690 in
931 1649 1068 1699 bovis,
1104 1663 1183 1690 non
1209 1648 1247 1689 in
1272 1648 1403 1703 regis,
1441 1649 1626 1704 sepulcro
1650 1649 1712 1691 in-

103 1724 351 1778 scriberes?)
397 1723 510 1767 Haec
541 1724 689 1767 habere
720 1739 764 1767 se
792 1732 989 1766 mortuum
1020 1724 1138 1775 (licit,
1186 1737 1287 1779 quae
1320 1737 1369 1764 ne
1402 1724 1520 1765 vivus
1553 1725 1711 1780 quidem

105 1788 253 1843 diutius
286 1794 502 1853 habebat‚'
528 1814 643 1856 quam
675 1800 895 1842 fruebatur.
962 1805 1060 1841 102.
1096 1796 1181 1841 Cur
1208 1799 1328 1855 igitur
1361 1799 1526 1841 divitiae
1556 1800 1713 1842 deside-

41 2180 43 2184 ·
105 2169 311 2204 veniendum
340 2170 585 2204 iudicaverunt.

107 1892 154 1938 (h.
170 1904 200 1928 e.
217 1903 419 1937 quocunque
432 1886 465 1925 in
484 1892 562 1925 loco
579 1891 698 1936 aliquis
715 1898 777 1929 est,
802 1895 889 1934 quis-

104 1941 176 1982 quis
191 1939 262 1982 est).
281 1951 314 1983 p.
331 1939 462 1971 cluent.
474 1939 573 1975 XIX.
599 1938 663 1973 59:
688 1942 723 1970 ut
737 1940 889 1980 quicquid

105 1997 170 2029 ego
185 1984 488 2029 apprehenderam,
510 1984 625 2018 statim
640 1991 815 2018 accusator
832 1996 888 2016 ex-

103 2031 289 2075 torquebat
307 2043 327 2064 e
349 2031 501 2064 manibus
527 2032 571 2076 (h.
588 2043 616 2064 e.
639 2030 776 2075 aliquid,
803 2034 891 2072 quic-

106 2079 185 2119 quid
205 2077 299 2121 erat).
347 2079 454 2122 Supra
474 2078 532 2110 IV.
555 2078 612 2117 19,
634 2076 697 2111 44:
724 2079 778 2110 ubi
801 2077 890 2110 enim

105 2126 258 2166 quicquid
289 2131 398 2161 esset,
441 2123 533 2169 quod
564 2123 648 2157 disci
676 2130 807 2168 posset.
847 2135 887 2156 eo

645 2172 680 2203 Iu
716 2170 888 2214 exemplis,

107 2216 205 2260 quale
223 2224 275 2250 est
295 2217 369 2250 Liv.
389 2218 494 2257 XLI,
513 2220 554 2250 ὅτ
579 2216 703 2249 liberos
721 2228 798 2249 suos
819 2219 891 2258 qui·

109 2264 282 2305 busquibus
301 2263 460 2296 Romanis
477 2263 646 2307 mancipio
665 2263 803 2303 dabant,
834 2270 889 2294 at-

106 2309 230 2342 tractio
255 2316 306 2342 est
330 2309 529 2342 statuenda:
567 2310 746 2349 Romanis,
781 2312 891 2351 quiqui

106 2359 207 2396 erant,
232 2356 281 2388 uti
305 2356 429 2389 dicitur
452 2368 484 2388 v.
503 2368 531 2389 c.
553 2366 740 2398 quacunque
762 2356 891 2388 ratione

107 2412 191 2444 pro:
216 2402 366 2441 ratione,
409 2414 627 2447 quaecunque
651 2410 712 2435 est.
762 2403 802 2434 V.
829 2414 889 2434 nos

107 2447 140 2480 in
165 2447 224 2480 Gr.
236 2449 276 2481 L.
297 2446 412 2483 §.t-16.
436 2449 518 2481 Not.
534 2449 561 2482 1.
581 2461 615 2493 p.
627 2448 705 2483 396.
728 2448 781 2481 ed.
796 2451 829 2481 2.

177 2493 234 2528 2⁴9.
260 2505 281 2526 α
300 2496 516 2538 Xenophonte]
542 2495 666 2539 Cyrop.
688 2496 711 2527 Ι.
730 2498 809 2534 ζ’,δζ
838 2495 890 2527 Cf.

110 2539 183 2572 Fin.
207 2541 249 2572 ΙΙ.
271 2543 335 2577 ⁸225,
353 2540 410 2573 92.

170 2585 385 2632 ’uastat-tium]
409 2585 595 2630 κάρδαμον.
619 2588 660 2620 V.
679 2587 826 2620 Fischer.
848 2587 890 2619 ad

108 2631 364 2713 ᾗεηῖτέρὶιρίἶςτ.
385 2633 408 2666 l.
426 2633 459 2666 d.
478 2646 510 2678 p.
527 2634 578 2668 14.
615 2633 666 2666 Cf.
689 2633 723 2666 C.
739 2633 780 2666 de
792 2633 888 2666 Finn.

144 2702 154 2711 .
229 2704 238 2718 ,
281 2679 314 2712 2.

179 2727 366 2769 siccitatem]
385 2726 637 2761 salubritatem:
659 2738 747 2766 nam,
770 2726 816 2758 uti
832 2737 891 2758 re—

113 2775 167 2803 ete
185 2778 302 2804 monet
323 2774 486 2806 Ernestius
508 2773 599 2805 Clav.
620 2772 653 2805 h.
668 2785 720 2812 νη,
747 2784 891 2816 corpora

111 2815 200 2848 sicca
227 2817 443 2854 saluberrima
465 2827 500 2852 et
523 2819 709 2852 firmissima
732 2827 828 2858 sunt,
854 2825 889 2850 et

110 2860 244 2894 siccitas
267 2863 372 2896 oritur
390 2876 409 2896 e
431 2865 642 2898 continentia
663 2872 698 2897 et
718 2865 834 2897 labore
856 2870 890 2896 et

111 2907 414 2946 exercitationibus.
439 2911 483 2944 de
500 2914 634 2945 Senect.
656 2923 683 2944 c.
706 2913 765 2944 10:
795 2921 888 2942 sum-

110 2953 256 2986 mamin
281 2964 322 2986 eo
344 2966 417 2988 esse
439 2957 590 3001 corporis
609 2957 807 2989 siccitatem.
836 2956 889 2988 Cf.

110 2999 272 3043 Xenoph.
296 3000 374 3045 Gyr.
395 3003 421 3034 Ι.
443 3001 485 3037 2,
510 3002 561 3036 16.

993 1892 1072 1924 (ἸΛΡ.
1086 1892 1238 1924 XXXV.
1260 1892 1333 1925 100.
1357 1893 1565 1934 Timotheum,
1585 1896 1712 1926 clarum

922 1941 1078 1972 hominem
1101 1940 1242 1980 Athenis]
1268 1938 1444 1971 Ablativus
1478 1941 1607 1972 Athenis
1630 1946 1711 1972 tan-

925 1997 1024 2029 quam
1048 1985 1246 2017 attributum
1272 1997 1346 2018 cum
1369 1985 1481 2017 verbis
1505 1988 1629 2018 clarum
1652 1987 1713 2018 ho-

923 2035 1041 2065 minem
1064 2031 1251 2075 iungendus
1275 2039 1337 2064 est.
1385 2032 1425 2063 V.
1450 2042 1512 2064 nos
1534 2032 1570 2064 in
1595 2032 1654 2065 Gr.
1670 2032 1711 2065 L.

926 2081 954 2124 §.
974 2077 1049 2112 109.
1069 2078 1152 2110 Not.
1170 2080 1221 2111 10.
1245 2090 1276 2122 p.
1292 2078 1365 2112 175.
1387 2077 1488 2112 ed.'.¹.

993 2126 1126 2166 epistola
1152 2126 1309 2166 Platonis]¹
1347 2125 1408 2168 Ep.
1430 2124 1460 2158 7.
1493 2124 1542 2169 [p.
1555 2123 1634 2158 326.
1657 2124 1710 2169 B.]

925 2172 1024 2204 Tom.
1040 2171 1102 2202 IX.
1119 2182 1152 2214 p.
1165 2171 1220 2205 97.
1234 2170 1286 2203 ed.
1307 2170 1375 2214 Bip.
1402 2171 1539 2215 Scripta
1558 2177 1610 2203 est
1627 2171 1712 2203 haec

926 2217 1070 2261 epistola
1100 2223 1179 2261 post
1202 2224 1349 2250 mortem
1373 2216 1492 2250 Dionis
1515 2217 1646 2262 patriae
1665 2217 1710 2249 h·—

926 2263 1103 2296 beratoris.
1153 2265 1323 2296 Ernestius.

996 2313 1042 2342 bis
1068 2312 1101 2342 in
1127 2311 1178 2342 die
1207 2315 1352 2343 saturum
1382 2310 1466 2355 fieri]
1501 2309 1712 2353 praepositio

926 2360 959 2389 in
982 2356 1130 2389 ablativo
1161 2356 1333 2389 nominum
1356 2364 1490 2400 tempus
1514 2356 1712 2399 significan—

926 2403 1008 2435 tium
1034 2414 1167 2445 semper
1191 2402 1347 2439 additur,
1384 2415 1485 2447 quum
1512 2401 1602 2434 actio
1625 2405 1711 2434 intra

925 2450 1056 2491 aliquod
1078 2452 1226 2490 temporis
1253 2452 1393 2490 spatium
1416 2451 1515 2489 repeti
1537 2448 1711 2490 significa-

927 2503 990 2528 tur.
1037 2497 1077 2529 V.
1103 2508 1165 2527 uos
1198 2496 1232 2528 in
1262 2498 1320 2528 Gr.
1344 2496 1382 2527 L.
1404 2496 1432 2538 (i.
1450 2495 1522 2526 115.
1551 2495 1635 2526 Not.
1653 2493 1710 2527 23.

925 2554 958 2586 p.
971 2542 1048 2575 231.
1072 2541 1170 2575 ed.'2.
1197 2555 1247 2586 pr.
1262 2542 1360 2573 Rosc.
1377 2545 1449 2573 Am.
1463 2541 1600 2577 XLVI,
1626 2539 1709 2572 132:

926 2589 980 2621 vix
1004 2593 1051 2621 ter
1073 2592 1105 2621 in
1130 2599 1214 2621 anno
1238 2587 1354 2619 audire
1377 2586 1530 2618 numium
1557 2591 1710 2629 possunt.

994 2638 1185 2668 comitantur
1203 2636 1274 2666 huic
1296 2635 1392 2674 vitae]
1416 2633 1457 2663 V.
1477 2632 1520 2664 ad
1539 2630 1637 2671 0:34,
1653 2628 1710 2664 68.

999 2683 1071 2714 101.
1097 2679 1280 2722 temperari]
1307 2678 1449 2710 misceri.

998 2728 1126 2767 Syriae]
1155 2724 1323 2757 Ernestius
1346 2731 1486 2756 anctore
1502 2723 1653 2756 Corrado
1675 2724 1710 2757 in

928 2775 1065 2813 Quaest.
1087 2772 1211 2815 9355.
1227 2770 1361 2813 scripsit
1383 2773 1558 2810 Assyriam
1582 2777 1616 2802 et
1627 2772 1710 2803 Sar-

927 2818 1111 2862 danapalus
1134 2823 1203 2847 erat
1227 2828 1284 2847 rex
1308 2816 1487 2860 Assyriae·;
1523 2816 1583 2848 sed
1607 2828 1710 2861 saepe

925 2865 1016 2908 apud
1040 2870 1170 2895 veteres
1193 2862 1376 2905 scriptores
1402 2865 1570 2902 Assyriam
1592 2870 1627 2895 et
1647 2865 1710 2904 Sy-

924 2913 1008 2943 riam
1034 2914 1237 2953 permutatas
1264 2907 1422 2951 reperiri,
1464 2908 1710 2942 demonstravit

924 2959 1085 2989 Davisius.
1136 2954 1188 2985 Cf.
1205 2953 1276 2985 Fin.
1294 2955 1336 2986 11.
1352 2954 1396 2987 32
1411 2980 1420 2994 ,
1443 2954 1520 2988 106.

993 3004 1079 3034 Haec
1102 2999 1216 3042 habeo]
1254 3000 1332 3032 Hoc
1364 3000 1574 3044 epigramma
1603 3008 1638 3035 et
1665 3001 1707 3035 ab
