1827 3117
179 69 233 111 78

175 158 317 216 plebeii
349 157 593 215 philosophi,
635 156 710 211 (sic
732 155 836 197 enim
868 155 924 206 ii,
966 155 1031 210 qui
1058 170 1081 197 a
1103 154 1273 198 Platone
1304 164 1344 197 et
1366 153 1535 199 Socrate
1566 165 1608 200 et
1631 158 1681 200 ab
1712 172 1762 201 ea

174 234 320 275 familia
345 233 560 283 dissident,
594 231 813 287 appellandi
845 231 1077 285 videnturg)
1109 245 1188 272 non
1212 232 1328 272 modo
1357 231 1454 273 nihil
1485 246 1656 288 unquam
1682 241 1761 276 tam

174 309 378 364 eleganter
401 306 676 362 explicabunt,
711 306 781 346 sed
807 319 856 346 ne
880 305 952 346 hoc
977 305 1130 360 quidem
1154 305 1278 360 ipsum
1307 320 1423 361 quam
1444 306 1642 348 subtiliter
1665 321 1762 349 oon-

753 378 885 422 Sentit
908 380 1027 435 igitur
1057 380 1211 421 animus
1231 394 1274 421 se
1302 381 1480 422 moveri:
1515 381 1618 436 quod
1642 396 1760 437 quum

776 73 1171 118 L113En1.24,56.

174 384 323 424 clusum
343 383 417 433 sit,
452 380 687 435 intelligent.

172 458 317 508 sentit,
350 456 441 496 illud
468 469 544 496 una
567 455 711 506 sentit,
746 468 788 496 se
812 455 961 504 visua,
995 469 1076 495 non
1103 455 1232 495 aliena
1262 455 1442 507 moveri,
1475 469 1550 497 nec
1578 456 1760 498 accidere

172 546 314 587 posse,
349 538 390 571 ut
419 531 503 585 ipse
531 543 698 584 unquam
724 543 746 570 a
771 543 815 570 se
842 529 1062 571 deseratur.
1124 528 1192 570 Ex
1221 543 1296 584 quo
1329 529 1495 572 efficitur
1518 530 1757 583 aeternita53

170 608 247 648 nisi
279 606 369 661 quid
402 605 524 646 habes
557 605 605 645 ad
643 604 752 645 haec.
825 604 882 644 A.
916 602 1006 659 Ego
1040 618 1138 645 vero
1167 603 1282 645 facile
1313 617 1398 645 sum
1426 617 1591 660 passus,
1635 619 1686 646 ne
1719 605 1760 647 in

169 689 340 723 mentem
364 680 519 735 quidem
544 678 636 719 mihi
656 679 797 734 aliquid
822 686 958 720 contra
979 679 1144 730 venire,
1177 678 1232 718 ita
1254 678 1320 719 isti
1345 678 1462 720 faveo
1487 679 1727 722 sententiae.

281 752 448 796 XXIV.
484 760 554 795 56.
606 753 674 794 M.
722 752 856 808 Quid?
897 753 961 794 illa
986 754 1140 794 tandem
1162 767 1253 794 num
1277 752 1430 794 leviora
1452 767 1620 806 censes,
1655 767 1756 809 quae

167 831 370 872 declarant
395 831 527 869 inesse
554 828 594 868 in
619 828 758 868 animis
782 828 980 868 hominum
1007 828 1138 869 divina
1167 828 1390 883 quaedam?
1432 841 1532 882 quae
1556 828 1590 869 si
1615 841 1756 869 cerne-

165 919 249 947 rem
272 903 596 960 quemadmodum
623 902 731 942 nasci
757 910 943 958 possent,
985 903 1100 943 etiam
1118 934 1128 954 ,
1172 902 1497 957 quemadmodum
1523 902 1752 955 interirent,

165 981 357 1023 viderem.
419 977 525 1019 Nam
551 977 807 1031 sanguinem,
837 977 982 1027 bilem,
1017 976 1217 1032 pituitam,
1253 990 1370 1027 ossa,
1403 989 1577 1028 nervos,
1608 990 1751 1028 venas,

165 1068 320 1096 omnem
351 1053 519 1106 denique
550 1051 814 1091 membrorum
841 1057 881 1091 et
918 1051 1036 1091 totius
1066 1050 1243 1106 corporis
1274 1050 1439 1106 liguram
1467 1050 1607 1092 videor
1634 1064 1754 1106 posse

165 1130 320 1179 dicere,
356 1127 457 1168 unde
480 1133 666 1167 concreta
689 1132 728 1166 et
749 1140 825 1180 quo
848 1125 963 1166 modo
991 1126 1093 1166 facta
1117 1125 1218 1176 sint3
1253 1124 1425 1166 animum
1450 1125 1600 1181 ipsum,
1634 1126 1667 1166 si
1693 1125 1752 1166 ni-

165 1205 219 1246 hil
240 1210 347 1245 esset
366 1203 403 1243 in
428 1216 476 1242 eo
492 1234 502 1253 ,
546 1200 621 1241 nisi
645 1201 708 1251 id,
745 1207 788 1240 ut
812 1214 882 1255 per
907 1214 995 1241 eum
1022 1200 1273 1250 viveremus,
1313 1206 1389 1240 tam
1413 1201 1554 1241 natura
1573 1207 1753 1255 putarem

164 1278 333 1320 hominis
355 1277 475 1317 vitam
497 1274 728 1325 sustentari,
764 1288 877 1328 quam
897 1274 1006 1325 vitis,
1041 1288 1154 1329 quam
1180 1272 1355 1325 arboris3
1391 1272 1486 1314 haec
1508 1273 1612 1314 enim
1633 1274 1751 1315 etiam

164 1354 329 1395 dicimus
354 1351 507 1391 vivere.
552 1347 651 1389 Item
674 1349 707 1389 si
725 1349 817 1389 nihil
843 1348 1005 1390 haberet
1029 1349 1183 1389 animus
1209 1347 1395 1399 hominis,
1429 1347 1505 1389 nisi
1529 1354 1572 1389 ut
1592 1354 1753 1404 appete-

165 1445 199 1477 in
236 1443 349 1488 primis
372 1441 436 1474 hac
458 1440 660 1484 repetitione
685 1439 788 1471 utitur
813 1439 939 1478 Cicero,

165 1491 220 1523 ubi
245 1487 411 1522 contraria
444 1486 602 1519 orationis
636 1486 784 1517 membra
816 1486 941 1517 maiore

165 1537 198 1569 vi
216 1536 335 1569 efferre
357 1533 438 1565 vult.
480 1534 520 1564 V.
540 1534 567 1571 1,
590 1534 622 1564 2.
646 1531 750 1575 princ.
774 1538 807 1562 et
827 1531 939 1574 paullo

165 1589 262 1626 post:
289 1580 412 1612 famula
430 1579 585 1611 fortunae
605 1582 668 1617 esi,
695 1589 755 1608 nec
774 1584 941 1608 tantarum

164 1628 283 1660 virium
308 1631 361 1658 cst.
411 1637 438 1657 c.
461 1625 501 1663 Τ,
531 1626 591 1657 1³5:
629 1622 940 1655 mathematicorum

164 1674 228 1706 iste
250 1684 321 1705 mos
346 1676 409 1712 est,
435 1682 502 1702 non
525 1674 567 1702 est
590 1669 880 1713 philosophorum.

231 1720 286 1752 ὁὸ.
333 1722 399 1749 lum
429 1719 598 1757 eleyssnlerj
639 1716 680 1748 H.
712 1725 740 1745 e.
774 1714 940 1746 subtiliter

165 1772 198 1798 et
221 1772 336 1802 acute,
375 1770 408 1795 et
431 1774 502 1793 curn
527 1761 659 1792 delectu
685 1760 837 1804 quodam.
886 1760 940 1792 Sic

163 1812 296 1843 Fin.11.
318 1810 357 1843 9:
396 1808 429 1839 in
465 1808 527 1840 hac
559 1806 722 1838 divisione
751 1809 939 1847 elegantiam

163 1856 329 1890 desidero.
389 1854 477 1886 Hinc
506 1856 661 1894 elenanlia
691 1851 873 1883 disserendi
897 1854 939 1884 ll.

163 1904 203 1943 ’2,
230 1902 262 1935 6.
321 1904 483 1933 Accurate
515 1900 633 1931 horum
665 1897 842 1929 verborum
872 1898 940 1929 vim

163 1947 348 1980 enucleavit
382 1948 542 1978 Erneslius
576 1944 667 1975 Clav.
704 1944 770 1975 Cic.
804 1943 859 1975 hh.
884 1955 938 1975 vv.

164 1996 300 2034 Elegans
324 1991 445 2023 dicitur
466 1991 513 2027 is,
551 1990 605 2033 qui
631 1992 741 2029 eliyere
763 1990 846 2028 scit,
885 1989 940 2034 qui

165 2044 355 2071 accuratum
373 2049 412 2068 ac
431 2036 626 2078 diligentem
644 2047 753 2066 rerum
773 2035 940 2067 delectum

162 2085 276 2117 habet.

231 2132 297 2170 1390
325 2138 398 2161 vero
429 2128 520 2167 facile
551 2136 618 2157 sum
639 2125 768 2169 passus]
804 2125 868 2157 Alii
900 2137 939 2158 ex

163 2174 330 2209 nonnullis
367 2172 464 2205 codd.
500 2171 677 2204 ediderunt
707 2174 786 2202 sim
813 2181 940 2212 passus,

164 2219 413 2254 coniunctivum
436 2217 580 2260 perfecti
603 2216 803 2259 deponentis
824 2227 940 2257 passus

164 2270 224 2300 sim
244 2265 360 2298 eadem
386 2263 418 2295 vi
441 2263 567 2295 dictum
590 2263 672 2301 rati,
709 2274 771 2305 qua
796 2262 939 2294 coniun—

164 2313 270 2345 ctivus
302 2310 387 2354 perf.
412 2316 498 2347 act.‚
535 2307 582 2339 uti
611 2310 830 2347 concesserim,
864 2307 938 2339 fre-

166 2357 381 2403 quentissime
406 2361 591 2397 usurpatur.
648 2358 691 2385 At
714 2353 855 2396 primum
881 2353 938 2384 ille

164 2403 368 2437 dubitativus
381 2412 455 2432 usus
469 2399 611 2443 perfecti
623 2399 866 2443 (concesserims)
881 2410 938 2430 en-

163 2450 292 2483 tentiae
326 2447 420 2480 huius
458 2445 524 2478 loci
563 2456 748 2488 repugnare
783 2444 936 2482 videtur;

163 2508 241 2529 nam
270 2494 405 2527 auditor
435 2502 501 2523 non
528 2490 721 2522 dubitanter
744 2489 937 2533 respondet,

164 2541 225 2574 sed
248 2544 478 2574 asseveranter
498 2536 609 2580 potius
632 2536 798 2574 affirmat,
835 2547 870 2567 se
894 2534 937 2567 ad

162 2587 338 2620 Platonica
362 2583 464 2617 verba
494 2594 562 2615 non
586 2581 688 2614 modo
712 2580 793 2612 nihil
814 2580 937 2613 habere

164 2633 255 2678 quod
275 2632 374 2670 dicat,
397 2628 457 2662 sed
474 2635 605 2673 gratnm
622 2627 723 2659 etiam
741 2626 802 2658 sibi
822 2626 935 2665 fuisse,

164 2678 274 2722 quod,
311 2688 410 2722 quum
435 2687 475 2707 ea
495 2673 644 2712 audiret,
669 2684 711 2704 ne
731 2671 766 2703 in
789 2678 936 2703 mentem

163 2724 298 2768 quidem
316 2722 378 2755 sibi
396 2720 521 2765 aliquid
542 2725 658 2753 contra
672 2716 817 2750 ueniret.
854 2718 937 2749 Ver-

162 2769 222 2802 ba:
247 2774 292 2802 ita
307 2772 359 2802 isti
376 2770 468 2809 faveo
481 2767 648 2800 sententiae
665 2762 827 2797 auditoris
843 2774 937 2794 men-

164 2821 233 2847 tem
263 2823 333 2847 tam
355 2812 549 2857 simpliciter
568 2818 703 2855 tamque
732 2814 849 2852 aperte
871 2807 934 2840 de-

165 2859 309 2899 clarant,
349 2867 404 2897 ut,
442 2857 612 2903 quomodo
644 2867 716 2889 cum
746 2853 934 2886 dubitativo

164 2902 223 2936 illo
243 2904 454 2938 coniunctivo
475 2902 646 2937 conciliari
663 2900 812 2946 possint,
839 2899 935 2932 diffi-

165 2948 229 2980 cile
246 2949 290 2981 sit
306 2951 349 2982 ad
365 2949 630 2993 intelligendum.
673 2946 787 2980 Altera
806 2956 933 2986 caussa,

165 3004 224 3027 eur
254 2994 434 3028 lectionem
464 2998 543 3028 sim
568 3003 686 3036 passus
719 2991 935 3026 reiiciendam

978 1451 1147 1476 censeam.
1183 1439 1218 1471 in
1253 1450 1293 1470 eo
1327 1438 1438 1481 posita
1469 1445 1540 1478 est,
1578 1439 1668 1483 quod
1699 1438 1756 1472 hic

979 1497 1052 1517 usus
1067 1485 1272 1517 dubitativus
1291 1484 1490 1516 coniunctivi
1506 1485 1650 1528 perfecti
1667 1496 1752 1528 paSS.

977 1538 1033 1563 aut
1050 1531 1249 1575 deponentis
1270 1530 1349 1562 alias
1369 1530 1460 1573 apud
1475 1530 1669 1563 Ciceronem
1685 1542 1752 1563 non

976 1577 1151 1621 reperitur.
1212 1577 1251 1609 V.
1278 1586 1338 1608 nos
1360 1576 1396 1608 in
1421 1576 1480 1609 Gr.
1502 1577 1541 1609 L.
1566 1577 1596 1621 ᾗ.
1616 1576 1692 1617 108,
1717 1578 1751 1610 5.

976 1635 1007 1666 p.
1026 1622 1098 1656 164.
1121 1623 1172 1654 ed.
1186 1623 1219 1656 2.

1046 1670 1123 1701 cip,
1139 1668 1268 1700 XXIV.
1291 1666 1345 1701 56.
1370 1670 1578 1709 sanguinem,
1603 1670 1694 1700 bilem
1708 1686 1752 1693 —

973 1716 1080 1746 videor
1108 1724 1197 1755 posse
1232 1715 1354 1754 dicere,
1389 1715 1472 1746 unde
1501 1717 1643 1746 concreta
1673 1712 1749 1757 sini]

977 1761 1034 1792 Est
1055 1751 1261 1792 constructio
1274 1784 1282 1798 ‚
1307 1759 1515 1792 attractionis
1534 1759 1668 1791 nomine
1685 1770 1752 1791 no-

974 1813 1008 1837 ta
1024 1831 1031 1845 ‚
1069 1817 1132 1850 qua
1157 1805 1341 1837 subiectum
1366 1804 1604 1837 enuntiationis
1627 1816 1752 1838 secun-

976 1851 1088 1883 dariae
1112 1852 1148 1883 fit
1173 1851 1340 1884 obiectum
1361 1850 1598 1883 enuntiationis
1622 1851 1748 1894 prima-

974 1897 1061 1936 riae,
1089 1897 1135 1929 uti
1157 1896 1190 1928 h.
1216 1897 1238 1929 l.
1265 1907 1345 1940 pro:
1385 1899 1539 1937 sanyuis,
1565 1898 1752 1929 bilis—vi-

975 1945 1050 1975 deor
1066 1953 1155 1984 posse
1175 1944 1275 1975 dicere
1293 1943 1376 1974 unde
1393 1946 1536 1974 concreta
1553 1944 1625 1974 sini.
1659 1942 1753 1974 Haec

976 1988 1182 2021 constructio
1199 1987 1469 2031 frequentissima
1486 1995 1538 2019 est
1549 1986 1640 2030 apud
1657 1987 1752 2020 Plau-

975 2041 1044 2066 tum
1065 2041 1099 2067 et
1120 2033 1333 2072 Terentium,
1357 2032 1447 2077 apud
1468 2033 1666 2076 posterioris
1688 2045 1748 2064 ae-

975 2081 1052 2112 tatis
1074 2080 1255 2124 scriptores
1271 2079 1378 2111 rarior
1395 2085 1457 2111 est.
1497 2079 1607 2111 Verba
1625 2085 1750 2118 autem,

974 2126 1007 2157 in
1033 2126 1149 2169 quibus
1179 2125 1214 2157 id
1237 2124 1445 2158 attractionis
1469 2135 1572 2168 genus
1595 2124 1749 2157 obtinere

974 2171 1071 2207 solet,
1095 2170 1255 2214 imprimis
1273 2177 1351 2202 sunt
1369 2182 1418 2209 ea,
1442 2181 1526 2214 quae
1544 2172 1750 2212 intelligendi,

973 2219 1108 2256 dicendi,
1129 2219 1271 2256 optandi,
1291 2217 1448 2249 metuendi
1463 2216 1671 2249 notationem
1687 2216 1752 2248 ha—

973 2262 1065 2293 bent.
1131 2262 1236 2293 Cicer.
1262 2262 1300 2293 N.
1330 2264 1366 2293 t).
1390 2263 1414 2293 I.
1435 2261 1498 2295 26:
1534 2263 1622 2295 Istud
1656 2261 1749 2306 quasi

973 2317 1086 2347 corpus
1109 2313 1141 2338 et
1162 2306 1254 2350 quasi
1272 2309 1458 2347 sanguinem
1469 2331 1480 2347 ,
1505 2307 1585 2351 qnid
1605 2306 1668 2347 sit,
1693 2307 1750 2339 in-
1811 2342 1818 2348 ,

974 2352 1123 2395 telligis'?
1172 2353 1263 2383 Fam.
1280 2353 1379 2391 Vlll,
1407 2353 1468 2384 10:
1494 2352 1595 2384 Nosti
1616 2355 1751 2385 Marcel-

973 2400 1050 2438 lum,
1071 2409 1170 2440 quam
1185 2398 1298 2429 tardus
1312 2397 1365 2429 sit.
1416 2396 1467 2429 Cf.
1480 2399 1620 2430 Kahner.
1635 2398 1673 2430 L.
1688 2399 1746 2431 Gr.

973 2444 1003 2487 §.
1021 2442 1103 2481 10⁴4,
1133 2447 1160 2476 1.
1182 2455 1216 2486 p.
1233 2441 1310 2477 460.
1325 2442 1377 2475 ed.
1393 2442 1425 2475 2.

1041 2491 1185 2521 animum
1212 2488 1332 2533 ipsum]
1366 2488 1432 2522 Hic
1458 2488 1665 2522 accusativus
1684 2501 1749 2522 an-

971 2534 1156 2567 tecedentis
1198 2533 1435 2567 enuntiationis
1478 2535 1749 2568 conformatione

972 2580 1064 2624 quasi
1087 2586 1249 2612 attractus
1283 2587 1318 2613 et
1349 2579 1392 2612 ad
1421 2592 1494 2613 eam
1517 2581 1748 2613 conformatus

971 2633 1031 2658 est.
1081 2625 1206 2658 Eadem
1229 2625 1438 2658 attractionis
1459 2625 1546 2658 ratio
1568 2626 1748 2659 statuenda

970 2671 1104 2704 videtur
1124 2671 1213 2704 infra
1237 2672 1280 2703 ΙΙ.
1303 2671 1366 2710 16,
1391 2671 1455 2705 37:
1491 2673 1640 2704 Militiam
1661 2682 1746 2713 vero,

972 2717 1026 2749 ubi
1039 2729 1070 2750 v.
1083 2716 1265 2756 Adnotata,
1288 2723 1322 2748 et
1334 2717 1472 2749 Homer.
1487 2715 1606 2760 Odyss.
1619 2728 1651 2750 α.
1665 2717 1744 2751 275.

972 2761 1104 2806 μητέρα
1126 2758 1156 2796 δ’
1170 2787 1178 2802 ,
1217 2763 1249 2796 εἴ
1276 2762 1306 2796 οἱ
1330 2760 1440 2804 θυμὸς
1464 2759 1656 2805 ἐφορμᾶται
1678 2773 1743 2806 γα-

971 2807 1115 2851 μέεσξῐαι
1131 2802 1184 2848 ἂψ
1199 2808 1260 2841 ἰ’τω
1280 2806 1328 2845 εἰς
1346 2807 1511 2851 μέγαρονε
1536 2806 1592 2839 ubi
1605 2819 1745 2840 accusa-

968 2853 1056 2885 tivus
1071 2853 1203 2896 μητέρα
1218 2852 1310 2896 quasi
1323 2852 1502 2885 attrahitur
1513 2852 1744 2896 antecedentis

969 2910 1082 2931 versus
1102 2898 1369 2931 constructione:
1392 2911 1418 2942 μ
1427 2910 1442 2932 ν
1453 2909 1476 2941 η
1488 2908 1509 2931 σ
1520 2909 1539 2932 τ
1548 2897 1573 2942 ἥ
1585 2909 1603 2942 ρ
1613 2910 1636 2933 α
1646 2910 1664 2938 ς
1683 2897 1743 2942 μὲν

968 2943 1025 2979 ἐπὶ
1042 2944 1191 2988 σφέτερα
1208 2943 1412 2979 σκίδνασθαι
1425 2938 1566 2988 ἄνωχθι.
1614 2944 1666 2977 Cf.
1682 2954 1743 2976 nos

967 2990 1002 3024 in
1019 2990 1164 3024 Gramm.
1179 2990 1307 3023 Graeca
1319 2991 1360 3024 T.
1373 2990 1415 3023 11.
1428 2990 1458 3034 ᾗ.
1469 2988 1548 3031 566,
1563 2987 1593 3024 1.
1613 3001 1649 3034 p.
1662 2989 1741 3024 231.
