1843 3101
188 66 274 111 204

192 167 327 216 capta,
376 174 474 216 quae
500 158 729 201 Carneades
765 167 901 201 contra
934 160 1105 214 dixerit,
1152 161 1297 218 scripta
1329 169 1436 204 sunt.
1497 160 1629 204 Tanta
1649 161 1770 218 igitur

191 234 422 275 calamitatis
443 233 660 289 praesentis
687 233 892 274 adhibetur
914 248 935 274 a
959 234 1187 291 philosopho
1214 236 1404 277 medicina
1421 267 1432 288 ,
1477 244 1622 291 quanta
1641 237 1684 278 in
1708 238 1767 278 in-

730 80 898 113 LIBER
920 81 981 114 111.
1005 78 1070 121 23,
1095 81 1150 115 55.
1173 80 1227 115 56.

189 314 368 349 veterata
403 321 452 348 ne
478 308 723 349 desideratur
745 308 924 363 quidem3
972 322 1044 350 nec
1075 309 1109 350 si
1135 309 1283 366 aliquot
1312 311 1425 352 annis
1459 317 1548 366 post
1568 311 1671 351 idem
1700 311 1766 352 ille

188 381 288 422 liber
314 381 477 436 captivis
508 382 652 423 missus
682 389 811 434 esset,
857 383 1086 424 vulneribus
1114 384 1363 435 mederetur,
1408 385 1477 425 sed
1501 384 1764 426 cicatricibus.

188 453 346 496 Sensim
379 455 481 496 enim
517 462 556 496 et
588 456 822 511 pedetentim
849 457 1108 512 progrediens
1133 464 1373 498 extenuatur
1397 458 1530 510 dolor3
1578 473 1656 500 non
1690 473 1765 514 quo

185 528 269 584 ipsa
293 543 358 570 res
378 530 573 570 immutari
592 530 719 571 soleat
740 537 804 571 aut
825 531 971 586 possit,
1005 531 1074 571 sed
1092 531 1153 582 id,
1188 531 1290 586 quod
1311 532 1410 573 ratio
1433 532 1637 585 debuerat,
1670 546 1765 574 usus

186 602 321 654 docet,
355 603 505 644 minora
532 618 620 645 esse
643 618 712 655 ea,
747 619 846 659 quae
871 605 950 645 sint
970 605 1053 646 fisa
1076 605 1241 646 maiora.

301 675 468 718 XXIII.
512 684 582 718 55.
636 676 740 732 Quid
769 693 863 734 ergo
901 693 997 735 opus
1034 688 1116 731 est,
1161 680 1265 721 dicet
1301 679 1464 734 aliquis,
1510 679 1664 721 ratione
1699 687 1767 721 aut

187 750 346 792 omnino
379 752 649 793 consolatione
681 752 767 803 illa,
825 768 901 807 qua
933 753 1105 794 solemus
1142 754 1222 805 uti,
1275 768 1390 808 quum
1423 754 1557 795 levare
1591 754 1765 795 dolorem

184 826 444 866 maerentium
464 826 672 867 volumus?
730 825 817 867 Hoc
844 827 945 867 euim
968 828 1051 868 fere
1079 834 1157 868 tum
1176 827 1362 868 habemus
1380 827 1637 884 inpromptu,
1670 828 1766 869 nihil

185 906 369 955 oportere
408 900 647 955 inopinatum
690 900 829 940 videri.
907 900 991 941 Aut
1029 900 1095 955 qui
1125 902 1369 942 tolerabilius
1410 903 1511 943 seret
1548 901 1763 943 incommo-

185 973 297 1025 dum,
331 973 395 1028 qui
417 974 660 1028 cognoverit,
696 987 861 1014 necesse
883 987 972 1014 esse
993 974 1136 1014 homini
1157 975 1233 1016 tale
1256 974 1398 1029 aliquid
1417 975 1623 1016 accidere?
1653 975 1763 1016 Haec

185 1048 287 1088 enim
316 1048 442 1087 oratio
476 1048 521 1088 de
551 1048 634 1102 ipsa
657 1062 807 1087 sumina
841 1048 930 1088 mali
964 1048 1058 1089 nihil
1079 1048 1271 1100 detrahit,
1319 1055 1465 1089 tantum
1489 1049 1604 1090 modo
1627 1049 1758 1101 affert,

183 1121 279 1162 nihil
300 1122 506 1172 evenisse,
550 1122 649 1176 quod
674 1136 751 1161 non
779 1122 1014 1177 opinandum
1038 1122 1193 1163 suisset.
1253 1120 1397 1177 Neque
1422 1130 1551 1164 tamen
1573 1137 1698 1178 genus
1725 1123 1763 1163 id

185 1195 374 1236 orationis
410 1196 449 1236 in
473 1195 712 1236 consolando
747 1210 824 1236 non
848 1196 975 1248 valet,
1028 1196 1097 1237 sed
1126 1197 1162 1237 id
1200 1197 1300 1237 haud
1321 1197 1441 1238 sciam
1465 1211 1516 1238 an
1535 1197 1756 1251 plurimum.

183 1268 292 1324 Ergo
323 1270 399 1310 ista
432 1270 664 1325 necopinata
697 1284 774 1310 non
804 1270 948 1310 habent
982 1277 1129 1311 tantam
1163 1270 1266 1322 vim,
1313 1278 1356 1311 ut
1386 1271 1591 1326 aegritudo
1623 1285 1676 1312 ex
1710 1271 1759 1312 iis

184 1345 312 1384 omnis
339 1345 512 1395 oriatur,
546 1344 691 1385 feriunt
713 1344 814 1384 enim
836 1345 1002 1384 fortasse
1024 1344 1208 1398 gravius;
1243 1359 1320 1385 non
1344 1345 1378 1385 id
1403 1345 1599 1395 efficiunt,
1633 1351 1675 1386 ut
1696 1358 1757 1396 ea,

185 1431 285 1472 quae
319 1418 520 1468 accidant,
566 1417 717 1458 maiora
749 1417 977 1471 videantur,
1028 1418 1175 1458 maiora
1206 1418 1413 1470 videntur,
1461 1418 1552 1473 quia
1583 1418 1761 1460 recentia

184 1498 300 1542 sunt,
346 1506 425 1532 non
461 1491 549 1546 quia
573 1491 792 1547 repentina.
856 1499 925 1534 56.
959 1491 1118 1548 Duplex
1157 1500 1217 1533 est
1247 1492 1366 1548 igitur
1397 1493 1498 1533 ratio
1530 1492 1616 1534 veri
1647 1506 1761 1547 repe-

181 1565 308 1606 riendi
329 1580 406 1605 non
426 1565 465 1605 in
490 1565 537 1606 iis
558 1566 681 1606 solum
698 1598 708 1617 ,
754 1580 852 1620 quae
875 1566 1002 1618 mala,
1046 1568 1113 1607 sed
1143 1567 1183 1607 in
1203 1567 1249 1607 iis
1273 1567 1411 1618 etiam,
1454 1580 1554 1621 quae
1578 1566 1681 1606 bona
1702 1565 1760 1607 vi-

183 1639 338 1681 dentur.
415 1638 521 1680 Nam
554 1646 621 1680 aut
653 1640 773 1695 ipsius
810 1641 869 1681 rei
902 1648 1040 1681 natura
1073 1641 1196 1695 qualis
1227 1649 1264 1681 et
1303 1647 1446 1695 quanta
1476 1640 1549 1691 sit,
1604 1639 1798 1694 quaeri-*³

180 1728 291 1764 mus,
324 1721 367 1754 ut
392 1714 438 1754 de
463 1720 690 1768 paupertate
717 1728 1016 1769 nonnunquam,
1050 1715 1160 1754 cuius
1185 1728 1284 1754 onus
1306 1714 1537 1769 disputando
1561 1714 1755 1764 levamus,

182 1788 369 1829 docentes
394 1801 507 1842 quam
531 1801 652 1843 parva
678 1795 717 1828 et
738 1802 850 1843 quani
875 1803 997 1844 pauca
1020 1788 1120 1839 sint,
1156 1802 1253 1842 quae
1278 1795 1417 1828 natura
1441 1787 1658 1838 desideret3
1692 1794 1761 1828 aut
1793 1834 1796 1835 ⁷

181 1876 205 1903 a
229 1862 448 1917 disputandi
481 1862 693 1902 subtilitate
726 1862 942 1902 orationem
981 1863 1027 1903 ad
1057 1862 1236 1917 exempla
1264 1861 1519 1902 traducimus.
1579 1860 1656 1901 Hic
1683 1858 1759 1902 So-

183 1943 312 1977 crates
340 1943 693 1987 commemoratur,
728 1936 788 1976 hic
817 1935 1042 1991 Diogenes,
1077 1937 1138 1977 hic
1163 1934 1431 1977 Caecilianum
1453 1935 1569 1976 illud:
1739 1939 1746 1945 '

251 2021 437 2065 mederetur]
464 2021 698 2063 Imperfectum
723 2021 866 2064 positum
891 2029 949 2060 est,

183 2067 260 2111 quia
285 2066 420 2097 verbum
449 2069 593 2098 ‘medendi
619 2079 637 2098 a
658 2067 816 2098 Cicerone
842 2068 951 2099 refer—

182 2119 238 2145 tur
268 2111 310 2143 ad
331 2111 412 2142 illud
434 2119 584 2154 tempus,
621 2123 684 2155 quo
714 2112 870 2155 loquitur.
911 2114 952 2144 V.

184 2157 354 2191 Adnotata
377 2157 410 2187 in
434 2158 459 2188 Ι.
488 2159 546 2194 12,
570 2157 631 2191 27:
657 2160 805 2189 haereret.

251 2203 414 2243 debuerat]
440 2201 495 2233 Sic
515 2201 635 2233 dicitur
657 2215 696 2233 ex
719 2203 848 2244 linguae
870 2202 952 2234 lati-

185 2260 249 2282 nae
271 2248 411 2280 ratione.
457 2248 497 2277 V.
523 2247 566 2278 ad
590 2249 614 2278 Ι.
641 2245 704 2285 41⁴,
730 2249 802 2281 llo.

255 2294 333 2326 Cn.
348 2293 478 2324 XXIII.
498 2293 552 2324 55.
581 2294 662 2331 Ouid
675 2303 746 2333 ergo
761 2304 838 2333 opus
853 2297 895 2325 est
906 2313 952 2317 -—

182 2351 245 2373 non
268 2341 344 2380 quia
362 2338 537 2378 repentina]
575 2337 609 2368 Si
629 2344 758 2379 ternpus
772 2364 779 2376 ‚
816 2339 952 2370 obiiciet

184 2385 311 2429 aliquis,
339 2394 471 2416 omnem
487 2381 727 2424 aegritudinem
748 2383 847 2422 levat,
873 2384 951 2427 quid

186 2443 269 2475 opus
297 2437 347 2461 est
377 2427 541 2460 consolari
565 2426 707 2470 aliquem
740 2427 788 2458 his
821 2429 948 2460 verbis:

182 2479 268 2510 Nihil
299 2477 353 2507 tibi
385 2475 583 2514 inopinatum
616 2474 789 2504 videatur?
832 2475 953 2505 Nonne

183 2521 273 2554 idem
292 2520 484 2553 effecturum
502 2518 601 2550 fuerit
618 2517 775 2559 tempus?
802 2520 874 2550 Hoc
890 2531 952 2550 ve—

183 2579 256 2600 rum
278 2565 431 2610 quidem,
466 2564 526 2596 sed
547 2575 606 2595 usu
631 2575 738 2595 rerum
763 2563 950 2604 edocemur,

183 2612 272 2645 hanc
313 2609 574 2643 consolationem
614 2608 723 2640 valere
763 2608 950 2650 plurimum.

184 2657 322 2690 Feriunt
347 2656 433 2688 enim
458 2655 591 2699 quidem
615 2653 786 2696 inopinata
810 2654 953 2685 fortasse

184 2703 336 2746 gravius,
378 2701 438 2733 sed
473 2699 645 2743 aegritudo
683 2699 788 2730 omnis
824 2699 952 2730 exsistit

184 2760 252 2781 non
273 2747 372 2787 inde,
397 2746 473 2789 quia
491 2746 662 2788 inopinata
685 2751 773 2785 sunt,
797 2744 856 2775 sed
877 2744 951 2787 quia

184 2793 343 2825 recentia.
398 2791 499 2823 Utilis
530 2791 629 2834 igitur
660 2790 722 2822 erit
755 2789 951 2828 consolatio,

185 2838 213 2869 si
235 2838 368 2881 quidem
386 2837 484 2869 dolor
504 2843 553 2869 est
572 2846 685 2869 recens.
717 2837 855 2868 Neidz'us.
888 2838 953 2867 Ra-

183 2885 298 2915 tionem
328 2883 414 2915 bene
435 2881 606 2914 Nissenius
635 2881 873 2925 interpretatur
896 2893 953 2913 ra-

187 2927 318 2959 tionum
343 2927 636 2960 enumerationem.

253 2974 456 3015 tolerabilius]
495 2973 640 3005 Fin.111.
657 2971 718 3012 13,
741 2969 803 3005 42:
839 2971 866 3004 si
891 2971 954 3004 do—

987 2022 1074 2054 lores
1102 2022 1236 2053 eosdem
1265 2020 1470 2053 tolerabilius
1491 2020 1673 2063 patiuntur.
1713 2019 1755 2052 ad

987 2068 1078 2099 Fam.
1094 2068 1180 2106 XV,
1206 2067 1268 2099 20:
1299 2078 1363 2110 quo
1384 2065 1588 2107 tolerabilius
1612 2065 1756 2098 seramus

986 2113 1163 2155 igniculum
1189 2112 1341 2144 desiderii
1363 2112 1422 2144 tui.
1445 2131 1490 2137 —
1515 2111 1608 2144 Prius
1631 2113 1685 2152 qui
1706 2117 1757 2143 est

986 2161 1148 2199 quomodo.

1055 2204 1159 2247 affers]
1188 2205 1226 2235 V.
1251 2203 1422 2235 Adnotata
1445 2202 1479 2234 in
1506 2203 1529 2234 I.
1554 2201 1616 2245 29,
1642 2201 1696 2236 70.

1054 2262 1141 2293 haud
1175 2263 1275 2292 sciam
1311 2271 1353 2292 an
1384 2260 1574 2301 plurimu-m]
1621 2258 1757 2289 Urbane

986 2317 1069 2349 pro:
1105 2307 1137 2337 id
1158 2316 1253 2346 {jerias
1274 2308 1423 2337 orationis
1453 2305 1524 2336 sine
1547 2303 1648 2336 dubio
1675 2306 1757 2336 valet

983 2354 1166 2392 plurimum.
1214 2352 1254 2383 V.
1289 2350 1459 2382 Adnotata
1491 2349 1526 2381 in
1555 2351 1612 2381 ΙΙΙ.
1635 2348 1677 2388 8,
1704 2348 1755 2381 16.

986 2398 1025 2428 Iu
1042 2397 1104 2428 hac
1120 2396 1260 2427 soi-mula
1278 2395 1505 2427 couiunctivus
1527 2394 1674 2438 ponitur,
1699 2393 1754 2424 ubi

986 2454 1038 2473 res
1063 2441 1266 2473 dubitantius
1292 2441 1393 2472 etiam
1417 2441 1563 2472 effertur.
1740 2445 1743 2451 ¹

1055 2498 1108 2531 56.
1135 2500 1234 2537 Saepe
1265 2500 1323 2539 est]
1362 2499 1420 2529 Est
1449 2500 1646 2529 tetrameter
1677 2499 1753 2525 tro-

990 2543 1122 2575 chaicus
1149 2543 1369 2574 catalecticus.
1444 2548 1446 2551 ’

1054 2599 1107 2632 57.
1134 2601 1214 2631 Huic
1233 2601 1322 2630 alteri
1340 2597 1458 2640 =qeneri]
1485 2598 1537 2628 Sc.
1560 2607 1620 2639 per
1640 2606 1754 2627 exem-

987 2644 1041 2686 pla
1058 2643 1212 2675 docendi.
1252 2644 1338 2674 Nam
1358 2644 1430 2674 fere
1448 2642 1536 2673 idem
1553 2647 1604 2672 est
1623 2640 1752 2673 dicere:

987 2689 1041 2720 hic
1057 2688 1110 2719 vel
1128 2688 1184 2720 ille
1206 2689 1308 2720 homo
1325 2687 1443 2719 infelix
1460 2693 1520 2724 est,
1543 2693 1618 2718 aut:
1642 2686 1754 2717 omni·-

987 2733 1046 2765 bus
1080 2733 1268 2765 hominibus
1302 2733 1424 2765 malum
1450 2731 1600 2764 accidere
1626 2738 1752 2774 potest,

988 2790 1067 2821 ergo
1093 2779 1192 2810 etiam
1215 2778 1288 2810 tibi.
1333 2780 1472 2811 Neidius.

1054 2838 1257 2876 c09nilionem
1287 2837 1407 2876 generis
1426 2834 1570 2878 humani]
1604 2834 1646 2866 H.
1663 2845 1693 2866 e.
1718 2839 1754 2865 ut

989 2892 1241 2924 cognoscamus,
1266 2880 1352 2912 hanc
1375 2891 1446 2912 esse
1468 2879 1603 2912 humani
1622 2879 1753 2923 generis

989 2926 1234 2966 conditionem,
1269 2932 1306 2957 ut
1329 2925 1468 2958 miseriis
1496 2932 1531 2958 et
1554 2923 1753 2959 calamitati-

988 2972 1048 3004 bus
1073 2972 1252 3004 obnoxium
1274 2971 1328 3004 sit.
