1859 3117
678 47 848 82 LIBER
872 49 900 81 1.
928 46 992 89 13,
1018 47 1077 82 30.
1629 41 1686 85 59

84 145 153 176 res
175 128 376 174 Graeciae
407 128 690 186 prodiderunt,
729 142 873 170 eruere
897 143 1042 182 coner3
1075 128 1151 186 ipsi
1172 129 1252 182 illi,
1284 129 1480 172 maiorum
1506 133 1683 186 gentium

35 226 45 235 =
87 206 141 249 dii
163 206 230 263 qui
248 205 460 257 habentur,
490 204 580 246 hinc
600 218 624 246 a
641 203 756 246 nobis
777 205 946 260 profecti
967 205 1008 246 in
1028 205 1180 247 caelum
1200 205 1467 262 reperientur.
1503 205 1682 261 Quaere,

82 296 250 338 quorum
276 281 599 323 demonstrantur
637 279 819 335 sepulcra
852 279 893 320 in
925 278 1122 332 Graecia3
1170 280 1452 333 reminiscere,
1498 283 1685 338 quoniam

83 370 129 399 es
156 356 356 408 initiatus,
390 369 492 410 quae
519 354 724 396 tradantur
754 354 980 411 mysteriis:
1029 363 1110 396 tum
1137 356 1303 411 denique
1320 388 1331 407 ,
1365 371 1482 412 quani
1507 357 1582 399 hoc
1606 358 1685 400 late

84 437 242 487 pateat,
273 430 489 486 intelliges.
552 427 635 472 Sed
662 430 727 486 qui
760 429 930 471 nondum
957 443 1029 482 ea,
1063 445 1163 485 quac
1186 431 1318 472 multis
1342 438 1432 487 post
1464 433 1577 474 annis
1607 441 1685 475 tra-

84 505 182 548 ctari
225 512 366 562 coepta
405 504 730 562 sunt,·physica
769 504 1026 557 didicissent,
1074 512 1223 546 tantum
1266 506 1342 547 sibi
1381 516 1682 563 persuaserant,

85 588 271 638 quantum
303 588 445 623 natura
477 580 715 622 admonente
747 587 1043 636 cognoverant,
1092 581 1268 622 rationes
1294 588 1334 622 et
1358 597 1523 625 caussas
1548 598 1683 626 rerum

86 671 167 699 non
207 657 415 708 tenebant,
461 656 560 698 visis
599 656 831 712 quibusdam
861 669 980 712 saepe
1015 655 1301 707 movebantur,
1347 657 1474 713 iisque
1510 660 1684 702 maxime

1525 741 1597 776 50.
1631 733 1687 778 Ut

86 820 206 863 porro
236 806 505 849 firmissimum
550 807 625 849 hoc
670 806 807 848 afferri
839 805 1020 857 videtur,
1076 821 1148 848 cur
1189 808 1286 849 deos
1336 821 1427 849 esse
1459 810 1683 862 credamus,

85 731 317 785 nocturnis,
357 738 401 774 ut
424 731 658 774 viderentur
691 731 744 783 ii,
783 730 849 786 qui
876 731 959 772 vita
986 738 1272 783 excesserant,
1307 732 1461 775 vivere.

86 881 191 936 quod
221 881 327 923 nulla
361 896 461 938 gens
496 889 574 923 tam
607 883 713 933 fera,
760 895 877 922 nemo
906 882 1079 923 omnium
1116 889 1193 923 tam
1229 883 1280 923 sit
1316 883 1525 936 immanis,
1574 885 1687 926 cuius

87 963 260 998 mentem
284 971 365 999 non
385 957 572 998 imbuerit
594 957 757 998 deorum
779 956 935 1012 opinio:
956 981 1013 987 —
1043 957 1154 998 multi
1177 957 1223 999 de
1241 958 1314 999 diis
1341 972 1464 1014 prava
1485 960 1686 1012 sentiunt3

90 1053 221 1088 factum
244 1054 400 1095 videtur,
438 1054 529 1099 quod
550 1054 639 1087 inter
661 1053 799 1086 verbum
821 1063 871 1087 re-

89 1103 252 1134 miniscere
283 1107 318 1134 et
340 1101 516 1134 relativum
539 1101 641 1133 verba
665 1103 817 1142 quoniam
840 1110 872 1133 es

90 1149 234 1181 initiatus
256 1146 433 1181 interiecta
457 1154 546 1180 sunt.

157 1203 240 1235 quac
270 1195 441 1226 tradantur·
470 1193 642 1236 mysteriis]
683 1192 802 1224 Cicero
837 1197 872 1224 et

87 1238 161 1284 ipse
191 1239 360 1283 mysteriis
389 1239 540 1272 initiatus
574 1251 612 1271 ea
645 1237 870 1282 compluribus

88 1284 171 1318 locis
201 1285 336 1318 summis
359 1285 465 1319 >effert
483 1284 646 1318 laudibus.
695 1286 800 1328 Legg.
828 1285 868 1316 11.

90 1329 146 1372 14,
166 1330 232 1366 36:
258 1332 339 1364 mihi
359 1344 460 1377 quum
478 1331 581 1364 multa
600 1331 720 1364 eximia
735 1331 870 1363 ‹livina—

88 1389 156 1422 que
173 1376 351 1411 videantur
367 1378 519 1411 Athenae
538 1384 617 1410 tuae
633 1378 803 1422 peperisse
819 1383 870 1409 at-

89 1434 156 1468 que
177 1423 212 1456 in
237 1424 307 1457 vita
328 1424 501 1457 hominum
523 1424 696 1462 attulisse,
722 1431 792 1456 tum
815 1423 869 1456 ni-

89 1469 139 1502 hil
156 1469 274 1502 melius
292 1469 358 1503 illis
371 1471 551 1515 mystei·ii8‚
574 1471 692 1514 quibus
715 1483 755 1502 ex
777 1481 871 1513 agre-

91 1515 135 1548 sti
154 1515 356 1560 immanique
379 1517 447 1549 vita
469 1516 593 1549 exculti
614 1517 657 1550 ad
680 1516 872 1549 humanita—

91 1567 162 1594 tem
185 1568 219 1594 et
241 1561 387 1606 mitigati
409 1575 540 1602 sumus3
565 1563 725 1607 initiaque
748 1570 784 1595 ut
807 1574 871 1607 ap-

89 1607 268 1653 pellantur,
293 1608 341 1642 ita
362 1621 399 1642 re
419 1621 497 1642 vera
517 1609 681 1654 principia
702 1609 791 1641 vitae
810 1620 871 1641 co-

90 1654 296 1698 gnovimus»,
311 1667 420 1700 neque
441 1656 549 1689 solum
571 1668 644 1688 cum
667 1655 797 1689 laetitia
817 1655 873 1687 vi-

90 1699 192 1733 §rendi
226 1700 393 1734 rationem
427 1702 615 1744 accepimus
628 1729 636 1743 ‚
673 1702 734 1735 sed
770 1701 873 1734 etiam

93 1758 168 1779 cum
192 1758 252 1791 spe
276 1747 416 1781 meliore
438 1748 616 1781 moriendi.

161 1796 229 1826 tum
249 1794 396 1839 denique]
423 1794 564 1828 Gravius
597 1806 695 1839 quam
729 1799 795 1828 tum
818 1796 874 1827 de-

90 1848 190 1871 mum.
227 1840 321 1873 Infra
337 1852 366 1873 c.
382 1842 438 1882 31,
462 1841 516 1875 75.
544 1842 605 1874 ΙΙΙ.
621 1841 677 1881 31,
701 1841 762 1876 75:
790 1852 874 1884 quae

91 1888 159 1917 tum
175 1886 308 1927 denique
328 1898 396 1919 non
417 1887 606 1932 appellatur
624 1899 751 1927 recens,
773 1898 875 1930 quum

92 1937 263 1964 vetustate
285 1933 424 1965 exaruit.

34 2001 36 2005 y
162 1980 216 2018 qui
238 1997 286 2003 ·—
308 1980 505 2022 didicissent]
533 1980 585 2012 De
611 1977 826 2011 coniunctivo
842 1989 873 2011 v.

93 2023 232 2063 Kiihner.
246 2025 286 2056 L.
301 2025 357 2057 Gr.
378 2026 407 2068 β.
428 2023 500 2064 1-16,
526 2024 557 2058 3.
573 2025 604 2066 e)
630 2036 662 2068 p.
677 2022 754 2057 400.
770 2023 822 2056 etl.
839 2023 872 2057 2.

95 2069 148 2100 De
170 2069 354 2112 praemisso
377 2080 414 2102 ea
438 2082 468 2101 v.
489 2069 532 2102 ad
555 2081 582 2102 c.
601 2070 634 2104 3.
659 2069 733 2101 init.

161 2117 293 2146 tractari
313 2120 422 2156 coepta
438 2116 524 2160 sunt]
547 2116 602 2148 Sic
620 2115 662 2148 de
680 2117 872 2148 coniectura

96 2160 193 2192 Keilii
215 2166 248 2192 et
269 2163 426 2203 Made-imi
446 2161 574 2205 scripsi.
622 2163 662 2194 R.
680 2163 767 2195 Gud.
787 2162 873 2195 1.11.

93 2204 205 2238 Marb.
227 2205 330 2238 Vind.
347 2206 380 2239 ⁴2.
415 2207 483 2241 ‹luo
509 2210 591 2240 Oxx.
625 2208 784 2241 exhibent
808 2213 874 2241 lra-

94 2254 180 2284 ctare
198 2254 368 2293 coepissent
376 2264 388 2295 ,·
413 2255 468 2286 Or.
492 2266 520 2287 c.
537 2254 672 2298 reliquis
694 2255 787 2288 libris
809 2259 875 2287 tra-

94 2300 176 2330 clari
194 2301 372 2339 coepissent.
421 2300 720 2335 COEPTASVNT
740 2301 840 2334 facile
855 2313 875 2333 a

95 2342 238 2376 librariis
256 2345 448 2388 permisceri
468 2347 581 2391 potuit
601 2359 676 2380 curn
701 2349 875 2380 COEPIS-

95 2390 226 2423 SENT.
273 2391 420 2425 Primum
443 2393 524 2436 quid
541 2394 606 2426 sibi
626 2394 708 2426 velit
731 2393 875 2427 coniun—

95 2434 202 2481 ctivus
225 2440 416 2479 coepissent,
439 2438 579 2472 difficile
603 2446 655 2473 est
679 2440 722 2474 ad
745 2440 876 2473 intelli-

99 2481 263 2524 gendum:
284 2483 361 2516 >nisi
385 2485 476 2518 forte
498 2494 640 2530 propter
660 2498 802 2531 sequens
826 2489 877 2520 ἀι·-

95 2529 246 2561 dicissent
266 2540 328 2571 per
349 2532 584 2566 attractionem
608 2533 774 2576 quandam
787 2559 795 2570 ,
834 2533 877 2566 de

94 2584 162 2617 qua
183 2586 215 2607 v.
240 2574 285 2606 ad
310 2587 336 2608 c.
361 2576 424 2619 16,
448 2577 528 2618 37„
563 2579 672 2611 dictus
697 2580 875 2612 statuitur:

95 2630 182 2663 quae
201 2626 317 2654 tamen
339 2623 427 2656 ratio
454 2625 496 2657 ab
517 2625 550 2659 h.
566 2625 602 2665 l.,
626 2626 684 2658 ubi
706 2638 759 2659 res
787 2626 878 2659 facta

98 2665 297 2710 simpliciter
309 2677 600 2712 commemoratur,
619 2671 818 2705 alienissima
829 2672 880 2704 vi-

98 2710 200 2745 detur
221 2724 303 2745 esse.
341 2715 473 2749 Deinde
495 2717 714 2751 vehementer
735 2718 880 2751 offendit

96 2756 212 2810 for-ma
228 2759 336 2793 activa
349 2765 519 2803 coepissent
536 2776 610 2796 cnm
625 2764 791 2797 infinitivo
804 2777 881 2809 pas-

99 2813 165 2835 sivi
177 2807 310 2838 tractari
324 2809 526 2842 consociata.
560 2811 600 2842 V.
615 2813 754 2844 Kahner.
767 2812 806 2844 L.
822 2812 881 2843 Gr.

104 2848 136 2891 §-
155 2848 228 2902 127.
251 2851 332 2886 Not.
347 2852 382 2887 3.
404 2866 438 2898 p.
459 2855 527 2889 22⁴6
547 2868 597 2899 sq.
620 2856 673 2888 ed.
687 2857 721 2890 2.
787 2858 882 2890 Con—

105 2898 208 2945 staptl
229 2896 320 2930 enim
348 2910 408 2932 usu
435 2900 552 2934 Cicero
576 2902 778 2936 infinitivum
800 2915 881 2948 pas-

107 2949 170 2970 sm
181 2940 352 2986 coniungit
363 2957 437 2978 cum
448 2947 604 2991 perfecto
615 2949 749 2992 passivo
759 2954 885 2991 coeptus

109 2993 191 3017 sum.
226 2987 320 3021 Unus
337 2990 519 3025 infinitivus
539 2996 608 3035 fieri
627 2994 784 3028 adsciscit
802 3007 885 3040 per-

907 1054 1034 1087 fectum
1050 1055 1148 1088 activ.
1171 1059 1269 1096 coepi,
1295 1056 1371 1099 quia
1391 1056 1528 1089 verbum
1546 1060 1588 1099 fio
1603 1069 1688 1101 pro-

906 1102 978 1145 prie
996 1114 1063 1134 non
1084 1109 1135 1134 cst
1152 1102 1329 1146 passivum.
1370 1102 1405 1134 C.
1424 1104 1514 1135 Brut.
1528 1103 1583 1142 ΖΠ,
1600 1103 1686 1138 106;

905 1148 1003 1180 Plura
1020 1150 1088 1189 fieri
1103 1148 1221 1180 iudicia
1238 1155 1431 1191 coeperunt.
1473 1150 1588 1182 Altera
1606 1162 1688 1183 vero

906 1193 1007 1225 lectio
1029 1199 1165 1226 tractare
1185 1198 1366 1236 coepissent,
1388 1207 1487 1239 quum
1509 1207 1576 1228 non
1597 1196 1689 1229 aliud

905 1240 1091 1272 subiectum
1114 1240 1215 1272 statui
1239 1241 1365 1284 possit,
1403 1241 1465 1273 nisi
1488 1242 1580 1286 quod
1601 1242 1688 1275 latet

904 1286 939 1318 in
961 1288 1164 1322 didicissent.
1189 1286 1332 1319 absurda
1356 1294 1417 1319 est.

972 1334 1120 1374 physica,
1150 1333 1190 1363 H.
1207 1344 1234 1366 c.
1252 1333 1468 1377 philosophia
1487 1340 1542 1366 aut
1558 1346 1596 1367 ea
1609 1334 1687 1379 phi-

905 1378 1082 1421 losophiae
1104 1391 1200 1421 pars,
1227 1391 1310 1422 quae
1334 1380 1577 1423 posterioribus
1598 1388 1688 1414 tem-

906 1425 1042 1469 poribus
1060 1427 1275 1465 metaphysica
1296 1426 1443 1459 vocitata
1466 1434 1525 1459 est.
1563 1429 1692 1468 Physica·

907 1471 996 1504 cuim
1028 1471 1286 1515 appellabantur
1320 1473 1447 1517 antiqui
1483 1473 1689 1517 philosophi,

906 1529 1049 1561 quorum
1078 1517 1342 1562 philosophandi
1374 1519 1459 1551 ratio
1485 1520 1691 1553 consistebat

906 1564 941 1596 in
965 1564 1037 1608 ipsa
1062 1571 1182 1596 natura
1208 1564 1336 1608 (ptiust)
1361 1566 1611 1610 perscrutanda.

974 1615 1100 1643 tantum
1124 1631 1169 1634 —
1192 1612 1360 1656 quanlum]
1400 1613 1493 1645 Haec
1526 1612 1690 1645 vocabula

907 1669 1009 1701 saepe
1031 1657 1095 1688 vim
1119 1656 1334 1689 deminuendi
1355 1658 1545 1691 adiunctam
1562 1658 1690 1691 habent

911 1708 985 1747 (nur
1003 1714 1037 1736 so
1054 1705 1126 1743 viel,
1147 1704 1221 1741 αἰεὶ.
1266 1704 1359 1736 Infra
1379 1706 1420 1736 ΙΙ.
1439 1704 1489 1744 19,
1515 1702 1577 1737 -1-13
1605 1705 1687 1748 Epi-

909 1761 1006 1783 curus
1028 1756 1159 1781 tantum
1177 1755 1312 1788 monet,
1338 1757 1499 1792 quantum
1520 1750 1689 1794 intelligit.

977 1796 1034 1829 30.
1083 1795 1314 1839 firmissimum]
1342 1796 1434 1827 idem
1457 1804 1690 1840 argumentum

909 1842 950 1875 ab
984 1841 1074 1873 omni
1098 1841 1247 1883 gentium
1274 1852 1436 1874 consensu
1459 1842 1604 1886 petitum
1637 1843 1691 1876 le—

909 1888 998 1931 gitur
1021 1887 1063 1918 de
1086 1887 1191 1930 Legg.
1208 1888 1230 1920 Ῐ.
1245 1888 1278 1925 Η,
1304 1886 1359 1920 24.
1397 1889 1439 1921 N.
1457 1890 1495 1921 D.
1513 1890 1538 1922 Ῐ.
1557 1888 1609 1928 16,
1633 1887 1688 1922 43.

912 1933 972 1973 17,
998 1930 1054 1965 44.
1102 1934 1143 1964 V.
1168 1944 1230 1965 nos
1251 1932 1285 1965 in
1308 1932 1328 1965 l.
1353 1933 1385 1966 d.
1413 1936 1450 1967 de
1477 1938 1539 1968 Cio.
1564 1937 1596 1967 in
1617 1937 1690 1976 phi-

908 1981 964 2011 los.
985 1981 1085 2011 merit.
1106 1990 1137 2022 p.
1156 1980 1230 2012 182.
1284 1979 1484 2013 coniunctio
1508 1983 1593 2022 quod
1617 1992 1691 2014 cum

911 2025 1124 2057 coniunctjvo
1148 2027 1187 2057 sit
1209 2032 1402 2059 constructa
1424 2034 1484 2063 est,
1511 2028 1588 2071 quia
1609 2039 1691 2060 sen-

908 2071 1017 2103 tentia
1043 2083 1082 2103 ex
1105 2070 1188 2102 alius
1211 2079 1323 2104 mente
1347 2073 1481 2117 prolata
1505 2081 1568 2106 est.

977 2120 1107 2150 deorum
1131 2120 1251 2161 opinio]
1288 2119 1331 2150 H.
1356 2131 1385 2152 e.
1411 2120 1526 2164 opinio
1549 2120 1591 2152 de
1615 2119 1690 2152 diis.

908 2165 949 2196 V.
975 2176 1037 2196 nos
1062 2164 1095 2196 iu
1123 2164 1270 2196 Grumm.
1295 2166 1369 2198 Lat.
1394 2169 1422 2208 χῖ.
1446 2166 1529 2206 111,
1554 2168 1587 2199 9.
1637 2166 1693 2198 Sic

908 2210 997 2242 infra
1011 2211 1053 2242 Il.
1071 2208 1127 2249 26,
1152 2210 1214 2244 63:
1242 2211 1366 2249 evenit,
1392 2208 1429 2244 iit
1447 2213 1480 2244 in
1503 2213 1620 2257 vulgus
1636 2213 1692 2245 in-

908 2256 1101 2301 sipientium
1125 2259 1230 2297 opinio
1254 2257 1364 2290 valcat
1388 2261 1568 2292 Izonestalis.

979 2305 1070 2335 mulli
1104 2305 1142 2335 de
1174 2305 1237 2336 diis
1255 2315 1362 2344 prava
1384 2308 1541 2339 sentiunt:
1566 2324 1610 2329 —
1631 2316 1693 2346 pu-

909 2351 1011 2383 tanda
1032 2349 1090 2393 est]
1117 2350 1224 2382 Totus
1247 2350 1302 2383 hic
1325 2351 1416 2383 locus
1439 2351 1694 2393 παρενὲετικῶς

909 2395 1125 2440 accipiendus
1157 2402 1228 2436 est,
1264 2404 1301 2428 ut
1332 2398 1572 2430 sententiarum
1606 2396 1690 2428 ordo

909 2443 958 2475 ita
981 2442 1223 2474 constituatur:
1251 2444 1324 2483 „Ut
1342 2455 1446 2487 porro
1470 2441 1692 2475 firmissimum

910 2489 979 2522 hoc
996 2487 1110 2520 afferri
1130 2488 1263 2521 videtur
1279 2509 1325 2514 —-
1345 2491 1434 2522 cuius
1453 2496 1601 2521 mentem
1622 2499 1692 2520 non

911 2534 1068 2568 imbuerit
1091 2534 1232 2567 deorum
1257 2535 1390 2578 opinio:
1429 2535 1500 2578 quis
1525 2541 1596 2572 est,
1635 2533 1691 2577 qui

913 2593 1049 2614 suorum
1071 2588 1216 2613 mortem
1236 2583 1380 2625 primum
1401 2593 1469 2613 non
1502 2591 1542 2612 eo
1566 2579 1691 2622 lugeat,

914 2626 1006 2672 quod
1035 2639 1092 2659 eos
1119 2628 1256 2661 orbatos
1280 2629 1369 2660 vitae
1394 2625 1576 2659 commodis
1600 2626 1693 2658 arbi—

913 2673 1078 2706 tretur?⁴‘
1125 2673 1366 2706 Adnotandum
1385 2679 1436 2705 est
1453 2679 1585 2712 autem,
1613 2683 1693 2706 ora-

912 2720 1043 2753 tionem
1077 2716 1317 2758 οἷνακολούῖως
1351 2730 1422 2751 csse
1454 2717 1693 2754 continuatam.

914 2767 1133 2810 Praegressae
1165 2766 1254 2798 enim
1279 2764 1461 2808 particulae
1492 2768 1527 2796 ut
1549 2776 1690 2809 respon-

916 2812 997 2844 dere
1031 2812 1176 2844 debebat
1211 2811 1372 2854 particula
1407 2810 1606 2844 correlativa
1636 2814 1694 2845 ita.

917 2858 1082 2891 Omissum
1105 2864 1156 2890 est
1177 2857 1278 2900 igitur
1301 2856 1443 2888 alterurn
1465 2858 1694 2900 comparatio-

917 2904 968 2937 nis
997 2904 1194 2936 membrum.
1243 2901 1387 2934 Omnino
1418 2903 1622 2945 tenendum,
1658 2904 1694 2937 in

917 2957 1071 2983 veterum
1094 2947 1384 2993 philosophorum,
1410 2955 1447 2981 ut
1469 2950 1628 2992 Platonis,
1657 2957 1695 2983 ut

921 2995 1111 3031 Ciceronis,
1137 2993 1278 3037 dialogis
1304 2994 1492 3028 orationem
1511 3008 1580 3030 non
1602 3009 1693 3029 sem-
