1811 3069
158 23 214 64 50

161 124 322 166 quaeso.
403 109 515 152 Haec
549 109 652 152 enim
689 108 913 164 spinosiora
950 109 1081 167 prius,
1129 115 1172 150 ut
1207 108 1421 160 confitear,
1463 121 1527 150 me
1565 116 1724 165 cogunt,

161 199 276 240 quam
301 191 344 226 ut
365 184 574 226 assentiar.
637 181 717 226 Sed
743 197 841 238 quae
867 190 958 225 sunt
980 197 1027 224 ea
1042 215 1054 235 ,
1098 196 1198 238 quae
1221 183 1317 224 dicis
1342 189 1382 224 te
1402 182 1553 224 maiora
1572 183 1728 224 moliri?

163 259 228 301 M.
259 257 312 301 Ut
333 258 492 299 doceam
509 289 520 308 ,
556 257 589 298 si
614 257 783 312 possim,
816 271 896 298 non
919 258 1034 298 modo
1057 257 1201 298 malum
1234 271 1315 298 non
1342 270 1457 309 esse,
1490 256 1561 297 sed
1583 256 1728 297 bonum

163 334 279 375 etiam
305 346 395 374 esse
418 338 600 372 mortem.
662 331 715 372 Α.
746 329 842 372 Non
869 331 1023 386 postulo
1052 331 1091 371 id
1117 331 1269 385 quidem
1285 361 1296 382 ,
1342 343 1442 374 aveo
1467 337 1600 372 tamen
1621 330 1730 371 audi-

161 421 220 448 re.
281 404 336 448 Ut
360 406 461 446 enim
495 419 574 446 non
595 405 765 456 efficias,
809 405 910 460 quod
939 404 1027 457 vis3
1071 411 1227 457 tamen,
1269 418 1376 446 mors
1404 412 1447 446 ut
1474 405 1618 446 malum
1649 418 1730 445 non

161 481 237 531 sit,
271 479 430 520 efficies.
485 476 567 520 Sed
590 479 686 520 nihil
711 486 748 520 te
774 479 1055 534 interpellabo3
1091 478 1356 519 continentem
1376 467 1598 520 orationem
1619 478 1727 519 audi-

161 568 203 594 re
225 554 343 593 malo.
407 559 475 594 17.
525 553 589 594 M.
627 551 756 606 Quid?
792 553 825 594 si
850 560 888 593 te
910 566 1102 607 rogavero
1126 552 1293 606 aliquid,
1335 566 1415 592 non
1443 551 1726 607 respondebis?

159 628 210 667 Α.
245 625 466 682 Superbum
489 626 527 667 id
551 626 704 681 quidem
729 633 811 679 est3
855 627 947 675 sed,
981 626 1059 667 nisi
1085 627 1176 681 quid
1199 639 1363 667 nec-esse
1387 625 1486 678 erit,
1526 625 1628 666 malo
1647 639 1726 666 non

158 715 291 755 roges.

270 772 348 815 IX.
398 773 461 815 M.
497 772 640 814 Geram
668 773 736 813 tihi
760 787 910 814 morem
931 781 971 814 et
997 787 1068 826 ea,
1102 787 1201 828 quae
1226 774 1308 825 vis,
1342 780 1385 814 ut
1406 779 1569 829 potero,
1585 760 1727 828 *expli-

157 849 280 901 cabo,
324 862 397 889 nec
426 855 556 887 tamen
582 847 692 902 quasi
720 846 885 902 Pythius
911 848 1078 903 Apollo,
1113 854 1220 888 certa
1250 854 1293 888 ut
1321 847 1401 888 sint
1425 854 1464 887 et
1487 847 1592 898 fixa,
1627 859 1726 901 quae

157 923 320 974 dixero,
353 922 422 963 sed
447 929 487 962 ut
514 921 770 962 homunculus
802 934 902 960 unus
927 934 948 960 e
976 921 1132 973 multis,
1165 921 1381 976 probabilia
1408 920 1634 961 coniectura
1663 933 1727 961 se-

758 29 925 62 LIBER
951 30 976 61 1.
1001 26 1043 70 8,
1071 26 1123 62 17.

223 1018 413 1061 spinosiora]
441 1016 632 1059 Respondet
648 1022 763 1048 nostro
783 1017 922 1056 spilzfin-

157 1067 221 1105 dig.
270 1066 324 1095 Or.
337 1063 390 1101 32,
421 1064 499 1094 ll-l:
529 1070 655 1105 postea,
681 1062 736 1104 qui
758 1060 921 1093 dialectici

157 1110 329 1147 dicuntur,
370 1111 543 1148 spinosiora
577 1107 678 1138 multa
710 1113 920 1150 pepererunt.

157 1155 228 1186 Fin.
247 1155 303 1187 Ill.
321 1154 349 1191 1,
374 1155 413 1186 ὂῑ
442 1153 628 1184 Stoicorum
648 1152 767 1183 subtile
788 1152 840 1183 vel
857 1154 922 1191 spi-

156 1211 267 1232 nosum
298 1199 406 1241 potius
441 1198 629 1241 disputandi
660 1209 772 1240 genus.
831 1197 920 1229 Infra

158 1246 213 1277 IV.
229 1258 269 1283 ο,
293 1244 334 1277 9ε
362 1243 597 1286 (Ρεῑίριιῖεῖὶοῆ
623 1246 730 1283 spinas
754 1241 920 1285 partiendi

157 1298 191 1322 et
216 1289 394 1321 deliniendi
417 1289 697 1329 praetermittunt.

221 1334 382 1375 confitear]
400 1335 543 1374 Confiteri
556 1340 604 1364 est
621 1331 836 1373 necessitatis,
847 1342 921 1371 pro-

157 1382 236 1421 fiteri
256 1379 447 1411 voluntatis.
496 1378 581 1409 ilinc
606 1380 645 1409 ll.
666 1378 715 1415 19,
741 1378 801 1410 -15ῑ
828 1388 920 1417 coya-

154 1435 283 1465 musque
316 1426 462 1464 confiteri.
521 1425 709 1463 Confitemur
745 1421 815 1465 (wir
847 1422 922 1468 sind

157 1469 361 1508 iiberredetl,
384 1469 411 1500 si
426 1468 599 1500 veritatem
616 1467 749 1511 quidem
763 1479 830 1499 non
846 1479 921 1510 per-

157 1516 332 1559 speximus,
352 1514 434 1545 nihil
451 1521 561 1545 tamen
582 1521 697 1545 contra
716 1513 847 1544 alterius
864 1525 918 1544 ar-

157 1559 370 1603 gumentandi
390 1559 553 1591 rationem
583 1559 703 1590 ail‘erre
726 1570 918 1601 possumus,

156 1616 300 1638 assensus
317 1604 361 1648 td.
380 1605 650 1647 Ueberzeugung)
668 1604 728 1635 nisi
746 1610 920 1647 perspecta

157 1652 297 1684 veritate
321 1662 392 1682 esse
415 1661 482 1681 non
506 1656 628 1692 potest.

222 1706 302 1737 quae
324 1697 403 1727 dicis
423 1699 449 1727 te
470 1698 592 1727 maiora
615 1694 732 1737 moliri]
758 1696 801 1726 Et
819 1706 917 1737 prae·

156 1749 345 1785 ponuntur,
384 1747 418 1772 et
443 1747 689 1783 postponuntur
722 1740 919 1782 pronomina

154 1786 342 1830 personalia
372 1786 405 1817 in
426 1793 589 1817 structura
610 1785 786 1816 accusativi
809 1797 836 1817 c.
858 1785 918 1817 inf.

154 1832 262 1863 verbis
286 1831 417 1863 dicendi
441 1838 474 1862 et
497 1829 674 1872 sentiendi,
698 1830 828 1862 diversa
851 1830 919 1863 sci-

153 1876 233 1908 licet
251 1876 434 1907 sententiae
467 1877 510 1907 vi.
559 1875 643 1906 lllud
674 1875 731 1917 fit,
766 1875 820 1907 ubi
843 1887 917 1907 ma-

154 1932 254 1964 gnum
282 1921 412 1964 pondus
446 1921 479 1952 in
500 1920 750 1963 pronominibus
773 1921 919 1964 positum

154 1972 224 2005 est,
249 1972 285 1997 ut
304 1966 338 1997 in
357 1965 579 2008 oppositione,
605 1966 645 1996 cf.
662 1966 748 1997 infra
762 1978 789 1998 c.
802 1966 834 2005 9,
858 1966 916 2000 17:

153 2021 184 2043 se
207 2010 372 2053 sapientes
394 2022 464 2041 esse
485 2013 679 2050 profitentur.
712 2013 769 2044 Ill.
783 2009 838 2051 34,
853 2009 917 2044 <⁴⁸24:

154 2055 243 2096 Quid
276 2063 387 2087 autem
410 2055 613 2098 praeclarum
644 2066 711 2086 non
741 2056 829 2087 idem
861 2068 917 2087 ar-

154 2100 280 2132 duum?
306 2111 337 2132 se
359 2107 470 2132 tamen
492 2100 527 2131 id
549 2100 741 2132 effecturam
765 2101 918 2143 philoso-

153 2146 231 2190 phia
249 2148 419 2186 profitetur.
462 2145 563 2176 Acad.
579 2147 603 2176 Ι.
618 2150 649 2182 4,
677 2144 716 2178 16
732 2158 738 2176 :
762 2145 804 2177 ob
825 2157 919 2178 eam-

154 2202 218 2235 que
236 2202 304 2222 rem
323 2200 354 2222 se
373 2193 522 2222 arbitrari
539 2190 579 2221 ab
598 2190 752 2233 Apolline
772 2191 918 2223 omnium

152 2235 429 2280 sapientissimum
457 2247 527 2267 esse
555 2235 700 2273 dictum,
737 2235 827 2278 quod
851 2243 916 2268 etc.

155 2281 279 2313 Contra
299 2288 545 2324 postponuntur
563 2280 691 2323 regenti
712 2281 815 2313 verbo
828 2306 836 2321 ‚
861 2281 919 2313 ubi

151 2326 348 2370 pronomina
367 2325 489 2357 nullam
511 2325 577 2357 vim
597 2326 731 2364 habent,
756 2325 803 2357 uti
826 2327 859 2357 h.
874 2326 915 2357 l.:

151 2372 284 2416 itaque,
308 2370 363 2402 ubi
386 2383 481 2414 pron.
505 2382 592 2413 pers.
613 2371 796 2402 subiectum
817 2370 915 2402 inde-

153 2417 281 2449 finitum
306 2417 405 2460 (man)
427 2415 593 2453 indicant,
627 2423 663 2447 ut
685 2416 719 2447 in
741 2416 914 2448 sententiis

152 2461 370 2506 generalibus,
380 2461 414 2492 in
428 2460 684 2499 definitionibus,
698 2467 734 2492 ut
745 2462 769 2492 I.
783 2460 838 2499 36,
851 2461 912 2495 ὕῗῑ

153 2508 249 2551 quia,
284 2518 383 2551 quum
412 2505 448 2537 id
470 2517 538 2537 non
559 2505 701 2545 habeas,
740 2505 829 2549 quod
851 2506 914 2538 tibi

152 2564 213 2585 nec
234 2565 314 2592 usu,
337 2563 398 2584 nec
417 2558 534 2582 natura
552 2550 595 2582 sit
615 2558 740 2594 aptum,
764 2562 831 2582 non
854 2563 913 2583 ca-

151 2610 234 2638 reaS,
256 2599 356 2630 etiam
369 2597 397 2629 si
412 2599 526 2629 sentias
541 2600 567 2628 te
583 2607 650 2627 non
663 2595 794 2627 habere.
828 2596 912 2629 Ibid.

151 2642 214 2676 88:
249 2643 283 2675 in
304 2642 380 2675 vivo
403 2641 544 2684 intelligi
564 2647 675 2672 tamen
698 2647 830 2683 potest,
854 2653 912 2673 re—

151 2699 217 2730 gno
237 2693 264 2721 te
282 2700 413 2725 carere3
438 2698 540 2730 porro
562 2686 616 2718 ubi
637 2697 736 2717 unum
760 2686 811 2717 vel
831 2686 908 2728 plu-

150 2744 186 2764 ra
215 2734 375 2766 vocabula
397 2732 522 2765 maiore
554 2731 587 2764 vi
621 2730 789 2763 efferenda
821 2739 908 2771 sunt,

150 2783 187 2808 ut
206 2779 246 2810 II.
274 2778 331 2817 14,
364 2777 428 2812 33:
468 2776 595 2821 Ecquid
627 2779 687 2809 scis
723 2775 841 2819 igitur,
880 2777 908 2808 si

957 1028 1030 1048 cum
1053 1016 1418 1054 infinitivoverbortun
1440 1018 1569 1056 sciendi,
1593 1017 1724 1048 audien-

957 1065 990 1094 di
1013 1063 1139 1094 Tullius
1161 1062 1272 1094 dicere
1294 1062 1380 1094 solet
1402 1072 1463 1105 pro
1483 1064 1585 1102 cupio.
1631 1062 1723 1094 Infra

957 1119 985 1139 c.
1000 1106 1062 1145 47,
1091 1109 1172 1140 112:
1199 1119 1281 1139 aveo
1308 1107 1394 1139 enim
1414 1107 1538 1139 audire.

1028 1155 1065 1185 Ut
1091 1173 1130 1177 —
1155 1163 1216 1185 non
1237 1153 1371 1196 efficias]
1399 1154 1449 1184 De
1473 1151 1665 1184 concessivo
1687 1155 1723 1183 ut

955 1209 985 1229 v.
1001 1198 1044 1228 ad
1063 1199 1120 1229 lV.
1140 1198 1190 1236 17,
1213 1198 1272 1230 39:
1300 1197 1343 1230 de
1365 1204 1528 1229 structura
1551 1209 1581 1229 v.
1603 1199 1721 1238 efficere

954 1242 996 1274 ad
1014 1246 1036 1275 Ι.
1055 1243 1095 1275 31
1109 1268 1118 1281 ,
1144 1243 1196 1276 77.

1022 1298 1106 1320 mors
1130 1292 1161 1319 ul
1183 1290 1303 1319 malum
1327 1298 1389 1320 non
1411 1289 1463 1329 sit]
1492 1287 1580 1319 [nfra
1599 1285 1632 1325 9,
1660 1287 1720 1321 17:

956 1339 1045 1364 certa
1069 1339 1103 1364 ut
1128 1333 1194 1365 sint
1218 1340 1250 1364 et
1275 1333 1348 1364 fixa.
1394 1332 1457 1371 42,
1481 1332 1543 1365 8²9:
1580 1331 1663 1364 nihil
1685 1339 1722 1364 ut

954 1378 1109 1409 affirmet.
1146 1380 1202 1409 Ill.
1221 1377 1273 1417 17,
1294 1380 1355 1410 55:
1381 1378 1463 1409 nihil
1482 1384 1517 1409 ut
1536 1378 1641 1421 possit
1657 1389 1721 1409 ne-

955 1424 1035 1466 gari.
1064 1425 1113 1463 15,
1128 1421 1189 1455 42:
1211 1423 1316 1465 quivis
1337 1429 1371 1454 ut
1389 1423 1567 1465 intelligat.
1592 1422 1646 1462 21,
1660 1423 1721 1455 51:

955 1469 1080 1500 nullum
1101 1475 1135 1500 ut
1157 1475 1323 1500 certamen
1341 1467 1522 1500 instituam.
1562 1469 1619 1500 IV.
1633 1470 1665 1506 2,
1681 1468 1719 1500 5:

956 1515 1054 1545 facile
1077 1521 1112 1545 ut
1136 1520 1305 1556 appareat.
1352 1514 1391 1545 V.
1406 1515 1470 1553 20,
1494 1514 1556 1547 00:
1582 1513 1664 1545 nihil
1684 1519 1722 1545 ut

954 1560 1067 1591 tulerit
1101 1560 1242 1602 gravius.
1290 1558 1449 1598 Divin.I,
1473 1557 1537 1595 40⁴:
1575 1558 1655 1591 deus
1685 1565 1722 1590 ut

953 1605 1141 1636 haberetur.
1184 1604 1318 1636 Scilicet
1339 1603 1607 1643 coniunctiones,
1633 1603 1724 1636 rela-

954 1651 1022 1681 tiva
1056 1657 1089 1681 et
1121 1650 1358 1692 interrogativa
1386 1657 1651 1692 postponuntur,
1686 1655 1723 1680 ut

953 1707 1179 1738 praegressum
1198 1695 1394 1727 vocabulum
1408 1695 1532 1727 maiore
1549 1694 1581 1726 vi
1597 1694 1722 1726 effera-

952 1748 1018 1773 tur.
1064 1741 1104 1771 V.
1118 1751 1179 1772 nos
1191 1739 1226 1771 in
1242 1741 1299 1772 Gr.
1313 1741 1352 1772 L.
1369 1739 1490 1784 (5167,
1507 1739 1535 1773 1.
1548 1751 1582 1783 Ρ.
1593 1736 1661 1774 465
1672 1750 1721 1783 sq.

955 1786 1006 1818 ed.
1022 1788 1054 1818 2.

1019 1833 1220 1863 continentem
1239 1832 1422 1872 orationem]
1452 1830 1535 1862 Inde
1555 1842 1574 1862 a
1595 1841 1666 1873 cap.
1679 1831 1720 1864 V.

953 1887 1054 1920 usque
1084 1876 1127 1908 ad
1148 1875 1180 1907 h.
1205 1875 1225 1906 l.
1251 1875 1365 1907 Cicero
1386 1876 1583 1907 socraticam
1605 1881 1722 1908 contra

952 1922 1084 1954 alterius
1118 1920 1310 1964 opinionem
1332 1920 1515 1952 disserendi
1538 1928 1720 1953 consuetu-

953 1968 1065 1999 dinem
1087 1972 1217 1998 secutus
1239 1972 1291 1997 est
1314 1965 1373 2009 (cf.
1394 1978 1493 2009 supra
1516 1978 1543 1998 c.
1561 1964 1592 1998 4.
1609 1969 1718 2008 extr.).

952 2015 1041 2051 Iam,
1077 2012 1140 2044 hac
1162 2010 1326 2043 subtiliter
1346 2010 1573 2054 interrogandi
1603 2018 1638 2043 et
1661 2023 1716 2043 re-

951 2057 1140 2100 spondendi
1153 2056 1280 2088 ratione
1291 2056 1415 2095 relicta,
1441 2056 1625 2099 copiosiore
1638 2067 1720 2100 quo-

953 2103 1028 2135 dam
1058 2109 1092 2134 et
1117 2102 1270 2134 uberiore
1290 2101 1484 2145 atque-fuso
1504 2113 1626 2144 genere
1650 2101 1719 2134 uti—

951 2155 1023 2179 tur:
1050 2147 1105 2191 qni
1128 2154 1198 2179 erat
1219 2159 1290 2179 mos
1311 2144 1570 2189 ἅριστοτέλειοςτ
1595 2147 1629 2179 in
1651 2158 1718 2191 quo

951 2204 1060 2224 sermo
1084 2192 1131 2224 ita
1153 2192 1339 2232 inducitur,
1366 2199 1402 2224 ut
1424 2204 1526 2235 penes
1551 2203 1650 2224 unum
1672 2192 1717 2224 sit

950 2237 1164 2280 principatus.
1212 2238 1252 2268 V.
1267 2248 1327 2268 nos
1348 2237 1384 2269 in
1402 2236 1488 2269 libro
1510 2237 1543 2270 d.
1559 2239 1598 2270 de
1622 2239 1718 2271 Cicer.

951 2284 983 2314 z'n
1013 2285 1125 2322 philos.
1155 2283 1255 2313 merit.
1285 2293 1318 2324 p.
1336 2279 1544 2314 149—151.
1569 2288 1604 2314 et
1635 2294 1720 2326 quae

948 2327 982 2358 in
1004 2326 1251 2370 Prolegomenis
1274 2329 1320 2370 (p.
1340 2324 1362 2358 7
1377 2326 1440 2370 sq.)
1467 2326 1510 2358 ad
1532 2326 1594 2359 hos
1614 2327 1718 2361 libros

950 2383 1171 2416 exposuimus.

1019 2417 1070 2451 17.
1103 2428 1164 2450 non
1193 2418 1391 2457 respondebis
1401 2415 1433 2460 ?]
1468 2416 1564 2449 Licet
1583 2417 1717 2461 plurimi

949 2469 983 2494 et
1011 2462 1129 2505 optimi
1154 2462 1230 2494 libri
1261 2472 1360 2494 nonne
1382 2468 1558 2502 tueantur,
1590 2470 1715 2504 tamen,

949 2514 985 2539 ut
1013 2508 1050 2539 id
1081 2507 1283 2551 reciperem,
1318 2507 1496 2550 impetrare
1521 2519 1541 2539 a
1562 2520 1615 2540 me
1645 2520 1714 2541 non

947 2553 1052 2595 potui.
1092 2554 1156 2585 Res
1179 2554 1227 2585 sic
1246 2563 1319 2584 sese
1338 2553 1450 2585 hahet.
1488 2553 1716 2598 Negatio'non

948 2597 1073 2641 duplici
1092 2598 1194 2630 modo
1216 2598 1250 2629 in
1276 2597 1541 2641 interrogatione
1573 2610 1713 2642 usurpa-

945 2649 1019 2679 tur;
1053 2655 1129 2675 nam
1157 2650 1214 2675 aut
1242 2642 1332 2674 idem
1358 2643 1466 2683 valet,
1500 2643 1590 2686 quod
1613 2654 1721 2676 nonne

948 2687 1022 2730 (nisi
1055 2689 1144 2731 quod
1175 2687 1305 2731 gravius
1338 2694 1409 2728 est,
1455 2699 1552 2731 quam
1584 2689 1711 2730 nonne),

943 2732 978 2764 h.
1010 2744 1038 2764 e.
1077 2733 1233 2776 ponitur,
1277 2743 1377 2775 quum
1413 2732 1711 2776 interrogationem

942 2784 1091 2809 nostram
1113 2779 1154 2810 ab
1180 2778 1285 2810 altero
1316 2777 1517 2810 affirmatum
1539 2777 1579 2810 iri
1602 2778 1711 2811 confi-

1723 2099 1768 2117 θ’

149 2821 228 2863 quid
259 2823 300 2855 de
321 2822 500 2856 Corinthiis
529 2822 593 2854 tuis
621 2823 785 2861 amiseris,
818 2832 908 2862 posse
942 2821 1047 2854 dimus
1082 2823 1187 2866 (nicht
1208 2821 1322 2855 wahr?
1368 2822 1427 2855 das
1457 2823 1607 2856 versteht
1637 2823 1710 2857 sich

147 2866 257 2898 habere
275 2874 310 2900 te
328 2869 492 2912 reliquam
512 2866 752 2911 supellectilem
770 2866 905 2900 salvam.
941 2866 1028 2899 doch
1040 2867 1070 2910 ?)
1122 2868 1173 2900 Cf.
1198 2879 1296 2911 supra
1318 2879 1346 2900 c.
1367 2868 1408 2907 7,
1434 2868 1495 2902 13:
1524 2868 1710 2912 pugnantia

209 2921 286 2943 aveo
308 2932 352 2938 —-
375 2914 500 2957 audire]
536 2918 618 2946 Aveo
653 2911 744 2957 (hinc
775 2912 903 2956 avidus)
938 2918 973 2945 te
995 2912 1088 2957 loqui
1119 2924 1183 2948 non
1211 2911 1333 2946 vides?
1370 2914 1411 2948 V.
1432 2913 1493 2956 27,
1519 2913 1582 2949 79:
1619 2913 1709 2955 Quid
