1859 3149
1628 35 1707 79 167

106 148 239 183 tamen
264 139 338 181 hoc
361 137 521 189 evenit,
564 141 608 177 ut
629 134 670 175 in
695 133 840 188 yulgus
863 130 1134 187 insipientium
1156 106 1447 185 opinio'valeat
1469 126 1706 178 honestatis,

921 205 1060 261 Itaque
1092 206 1193 248 sama
1218 210 1259 245 et
1278 200 1538 244 multitudiuis
1564 200 1709 241 iudicio

697 50 867 86 mnan
892 51 935 84 ιι.
960 46 1026 91 26,
1050 46 1107 83 64.

104 229 224 272 quum
249 215 375 272 ipsam
401 212 539 255 videre
569 223 648 251 non
675 208 845 265 possint.

103 297 341 341 moventur,
393 301 510 343 quum
544 285 583 327 id
621 284 829 326 honestum
865 288 1028 338 putent,
1083 280 1185 336 quod
1221 294 1244 320 a
1276 278 1475 335 plerisque
1510 276 1705 317 laudetur.

105 364 171 408 Te
188 372 336 416 autem,
369 363 402 405 si
425 363 464 404 in
485 360 610 403 oculis
629 359 686 401 sis
702 357 979 408 multitudinis,
1015 363 1147 398 tamen
1167 354 1254 396 eius
1274 352 1420 395 iudicio
1440 360 1549 394 stare
1569 351 1708 403 nolim,

104 454 203 492 nec,
250 439 353 496 quod
388 438 452 480 illa
483 443 618 493 putet,
662 434 765 476 idem
796 440 935 490 putare
963 430 1286 487 pulcherrimum.
1349 427 1441 470 Tuo
1470 427 1539 470 tibi
1565 427 1711 469 iudicio

104 523 169 559 est
200 515 414 566 utendum3
461 513 530 555 tibi
563 511 597 553 si
631 517 742 552 recta
779 507 963 565 probanti
1001 505 1199 562 placebis,
1247 512 1326 545 tuni
1359 518 1439 545 non
1476 503 1593 545 modo
1629 508 1711 543 tete

102 591 267 643 viceris,
294 590 396 646 quod
417 589 543 646 paullo
559 593 651 628 ante
671 583 976 642 praecipiebam,
1006 581 1075 623 sed
1093 593 1232 622 omnes
1249 586 1289 620 et
1305 579 1452 620 omnia.
1515 584 1587 620 64.
1623 575 1711 619 Hoc

104 669 227 725 igitur
260 666 327 708 tibi
362 677 560 721 propone:
608 659 902 717 amplitudinem
939 657 1061 699 animi
1095 663 1136 698 et
1169 655 1282 711 quasi
1314 654 1509 709 quandam
1533 665 1711 708 exagge-

105 744 299 786 rationem
331 754 445 797 quam
480 737 713 780 altissimam
747 734 889 783 animi,
938 747 1038 788 quae
1073 732 1248 773 maxime
1281 729 1430 771 eminet
1452 735 1711 769 contemnen-

105 819 166 862 dis
191 825 233 860 et
257 815 520 872 despiciendis
542 811 770 863 doloribus,
817 824 935 852 unam
961 822 1051 850 csse
1076 807 1250 850 omnium
1279 820 1364 847 rem
1388 803 1709 860 pulcherrimam.

105 908 234 951 eoque
251 881 542 950 pulchriorem,
587 887 619 929 si
653 894 771 928 vacet
798 885 941 942 populo
969 898 1097 940 neque
1125 883 1301 939 plausum
1324 888 1486 937 captans
1517 892 1561 920 sc
1581 886 1711 920 tamen

105 971 194 1027 ipsa
217 969 404 1010 delectet.
467 963 575 1019 Quin
613 963 730 1005 etiam
765 961 858 1002 mihi
885 961 1041 1016 quidem
1064 959 1325 1001 laudabiliora
1350 956 1536 998 videntur
1560 954 1708 1005 omnia,

105 1059 208 1103 quae
243 1044 330 1086 sine
361 1039 631 1084 venditatione
665 1045 705 1079 et
735 1037 822 1078 sinc
852 1036 994 1093 populo
1030 1041 1131 1076 teste
1169 1034 1288 1085 liunt,
1335 1047 1415 1073 non
1448 1045 1525 1086 quo
1556 1029 1710 1085 sagien-

176 1154 232 1190 63.
272 1156 306 1186 in
328 1153 426 1184 oculis
444 1153 488 1182 sis
505 1149 731 1189 ηιιιΙΙῐΙυιίἰηίςῇΔ
759 1148 794 1180 ln
815 1157 889 1178 ocu-

106 1206 146 1236 lis
177 1211 242 1234 esse
263 1211 290 1231 s.
324 1200 400 1240 ferri
430 1199 463 1230 in
496 1197 594 1228 oculis
620 1194 795 1231 dicuntur,
833 1192 887 1236 qni

105 1249 149 1283 ab
178 1247 251 1280 aliis
283 1256 411 1277 summa
446 1242 586 1275 caritate
608 1239 801 1282 diliguntur.
846 1238 889 1270 ad

106 1293 266 1331 Att.V1‚
291 1294 333 1324 2:
366 1290 547 1332 publicanis
581 1290 612 1319 in
643 1288 741 1318 oculis
769 1295 889 1316 sumus.

105 1340 151 1376 ad
173 1341 215 1381 Q.
241 1339 295 1371 Fr.
318 1337 385 1377 111,
411 1336 447 1370 l:
475 1337 611 1368 Balbum
636 1335 668 1365 in
693 1334 790 1365 oculis
811 1333 888 1371 [vro.

108 1386 209 1428 Quod
234 1384 369 1418 Plautus
392 1380 503 1426 lepide
528 1378 690 1423 expressit
727 1390 787 1422 por
809 1388 887 1409 ocu-

105 1436 180 1468 litus
201 1441 322 1465 amare.
369 1428 514 1462 Omnino
536 1426 647 1458 variae
672 1424 762 1468 apud
790 1430 888 1455 γυῖα)-

104 1492 158 1514 res
177 1479 360 1522 scriptores
377 1473 588 1519 reperiuntur
610 1471 776 1504 formulae
794 1481 887 1501 sum-

106 1526 153 1559 mi
173 1522 366 1558 declarandi
387 1520 509 1553 amoiis
523 1545 530 1554 .
557 1530 641 1563 quac
661 1517 788 1562 petitae
811 1523 887 1548 sunt

107 1574 150 1606 ab
180 1570 304 1609 ocutis,
340 1566 582 1613 pretiosissima
608 1563 756 1608 corporis
781 1563 886 1595 nostri

107 1625 213 1665 parte.
263 1617 303 1648 V.
324 1616 470 1655 Doeriny.
491 1612 534 1645 ad
560 1611 762 1651 Catull.111,
788 1610 819 1642 Ξ».

174 1667 242 1698 eius
258 1663 378 1696 iudicio
395 1660 493 1704 stare]
525 1659 568 1691 H.
588 1670 618 1690 e.
641 1657 701 1689 uiti
715 1683 722 1696 ‚
749 1655 887 1700 acquiv-

106 1723 201 1746 scere
219 1710 288 1743 eius
307 1707 441 1741 indicio.
485 1706 538 1738 Cf.
562 1705 651 1737 inlra
672 1704 714 1735 V.
741 1702 796 1742 27,
821 1703 861 1735 ,Ἢ
879 1715 885 1734 :

89 1757 223 1792 ¹omnia
254 1754 298 1788 ad
320 1766 417 1787 suum
439 1751 614 1786 arbitrium
638 1749 786 1788 referre,
822 1748 888 1780 suis

106 1811 196 1838 stare
229 1801 372 1835 iudiciis.
417 1799 516 1833 offic.
535 1799 593 1830 ΙΙΙ.
613 1798 678 1837 30,
708 1796 789 1830 11οῑ
827 1807 888 1828 suo

107 1849 233 1884 iudicio
253 1847 361 1882 stetit.

175 1894 232 1931 64.
253 1892 545 1936 exayqerationem]
571 1891 612 1922 V.
634 1888 677 1921 ad
699 1889 738 1920 V.
757 1887 808 1922 κ,
835 1886 888 1919 51.

171 1953 272 1976 unam
287 1943 428 1974 omnium
440 1949 505 1971 rem
517 1934 780 1978 pulcherrimam]
806 1934 892 1965 Unus

107 1987 315 2034 superlativo
335 1986 486 2018 iunctum
510 1982 554 2015 ad
576 1980 810 2014 excellentiam
833 1990 889 2009 ro—

108 2036 218 2068 fertur
241 2033 300 2075 (cl'.
323 2031 496 2065 Adnotata
518 2029 552 2060 in
578 2040 607 2060 c.
624 2029 685 2065 115,
711 2025 795 2066 455).
835 2023 890 2056 Sic

107 2081 199 2114 infra
223 2081 282 2112 111.
310 2077 368 2116 lo,
405 2074 468 2110 34:
509 2086 593 2118 quae
629 2071 791 2114 cogitatio
823 2080 890 2103 una

108 2129 250 2161 maxime
280 2122 451 2157 molestias
485 2132 600 2154 omues
631 2116 801 2150 extenuat.
847 2116 889 2148 de

78 2213 80 2215 Ι
110 2175 167 2206 Or.
183 2172 245 2204 111.
263 2171 303 2209 ὅ,
328 2169 391 2204 31:
434 2167 615 2200 verborum
650 2177 688 2197 ea
724 2163 890 2207 gravitate

110 2226 146 2252 et
169 2217 267 2261 copia
291 2222 363 2255 est,
402 2221 438 2247 ut
461 2224 544 2246 unus
566 2211 608 2244 ad
631 2210 810 2243 dicendum
834 2212 888 2242 in·-

109 2266 336 2299 sanctissimus
354 2273 374 2294 a
388 2267 508 2294 natura
523 2270 595 2292 esse
611 2257 773 2290 videatur.
800 2256 888 2299 Nep.

94 2309 258 2344 'Miltiad.
279 2310 319 2348 Ι,
343 2307 381 2340 1:
421 2308 531 2347 Quum
554 2325 598 2329 —
627 2316 687 2337 sua
718 2302 908 2342 modestia,

108 2367 193 2390 unus
225 2354 374 2388 omnium
405 2355 545 2386 maxime
578 2351 733 2384 floreret:
772 2348 827 2381 ubi
855 2361 886 2381 v.

106 2405 282 2438 Bremium.
331 2400 385 2433 Cf.
407 2399 497 2432 infra
518 2398 654 2437 11L33,
679 2400 735 2431 δ1.
771 2396 814 2428 V.
829 2395 885 2428 23.

109 2449 256 2484 Tirones
276 2447 475 2487 observent,
499 2457 562 2490 per
581 2455 665 2489 qnos
687 2442 809 2486 gradus
827 2454 887 2473 su-

109 2494 268 2540 perlativi
288 2493 337 2526 vis
359 2491 474 2537 augeri
493 2498 594 2536 atque
615 2489 747 2523 intendi
768 2487 887 2532 possit.

109 2543 152 2577 V.
166 2553 195 2575 c.
211 2539 409 2585 simpliciter
423 2538 547 2571 dicitur
560 2536 760 2570 doctissimus
777 2537 890 2575 hom05

109 2594 184 2620 tum
201 2589 321 2628 multo,
345 2589 456 2628 longe,
478 2595 575 2626 quam
588 2609 597 2624 ,
619 2586 668 2617 vel
689 2584 890 2615 doctissimus

110 2635 214 2675 homo,
236 2643 320 2667 unus
341 2634 542 2666 doctissimus
566 2631 618 2674 Ν.
634 2629 691 2668 23,
714 2628 783 2668 oo„
808 2637 890 2660 unus

112 2683 252 2712 mxime
277 2680 469 2712 detestabilis
499 2677 588 2710 infra
623 2676 680 2708 IV.
701 2676 768 2713 25,
793 2672 889 2716 55.);

113 2735 218 2768 porro
236 2728 376 2758 omnium
389 2726 611 2764 doctissimus,
646 2731 729 2754 unus
749 2722 891 2753 omnium

113 2771 312 2804 dodissimus
335 2772 408 2814 (ΠΙ.
424 2770 491 2811 33,
515 2767 571 2804 81.
603 2770 637 2801 id
658 2777 757 2810 genus
781 2768 892 2807 aeyri-

113 2817 246 2858 ῐὶιᾶίπίε,
262 2819 346 2858 quod
356 2827 457 2850 unum
470 2820 514 2849 est
526 2817 667 2848 omnium
678 2812 871 2854 maximum)
885 2822 896 2852 ,-

116 2859 260 2906 denique
286 2873 368 2896 unus
398 2865 541 2896 omnium
569 2863 659 2902 longe
683 2861 894 2893 doctissimus.

117 2906 161 2941 V.
180 2917 243 2940 nos
262 2907 298 2940 in
319 2908 379 2942 Gr.
392 2909 433 2941 L.
454 2907 579 2945 §.152
598 2907 681 2940 Not.
698 2906 754 2939 20.
776 2917 811 2949 p.
826 2902 895 2938 436

117 2962 170 2997 sq.
191 2951 244 2985 ed.
256 2951 291 2986 2.

187 2999 216 3032 si
235 3001 325 3032 vacet
339 2998 474 3043 populo]
509 2999 554 3031 Η.
574 3009 603 3030 e.
626 2998 653 3030 si
672 3009 777 3031 vacua
799 3003 832 3028 et
852 2995 897 3028 li-

924 1145 1005 1178 bera
1031 1144 1073 1176 sit
1100 1143 1214 1187 populi
1241 1141 1385 1181 iudicio,
1423 1139 1450 1172 si
1484 1139 1554 1172 sine
1581 1138 1709 1183 populo

924 1199 1013 1224 teste
1040 1198 1131 1223 recte
1155 1196 1243 1231 agat.

994 1241 1059 1270 sine
1080 1235 1306 1278 venditatione]
1333 1234 1375 1265 11.
1391 1245 1419 1264 c.
1435 1232 1508 1264 sine
1526 1230 1708 1263 iactatione

923 1298 948 1315 s.
975 1282 1216 1315 ostentatione.
1266 1279 1321 1312 Sic
1342 1279 1474 1311 Lamnus
1493 1278 1557 1311 23:
1584 1290 1602 1309 a
1624 1277 1708 1309 mul-

923 1331 966 1363 tis
988 1330 1058 1373 ipsa
1083 1329 1186 1360 virtus
1213 1325 1441 1359 contemnitur
1464 1332 1497 1356 ct
1520 1323 1708 1356 venditatio

924 1376 1087 1422 quaedam
1113 1383 1212 1418 atquc
1239 1371 1424 1405 ostentatio
1450 1382 1522 1402 csse
1548 1369 1683 1402 dicitur.

996 1434 1057 1455 non
1080 1433 1141 1463 quo
1161 1421 1331 1462 suyt'endus
1359 1420 1412 1461 sit]
1447 1418 1538 1449 Infra
1570 1418 1627 1448 111.
1653 1417 1708 1455 22,

923 1470 978 1504 54.
1002 1481 1064 1502 non
1086 1480 1147 1510 quo
1168 1467 1237 1511 ipsa
1259 1479 1311 1498 ros
1334 1463 1502 1497 immutari
1523 1463 1631 1495 soleat
1652 1469 1710 1494 aut

923 1516 1048 1561 possit:
1086 1514 1144 1545 scd
1169 1514 1200 1545 id
1224 1532 1269 1537 —-
1303 1523 1379 1544 usus
1414 1511 1538 1547 docet,
1580 1509 1708 1541 minora

924 1576 996 1596 essc-
1010 1575 1060 1599 ea,
1086 1573 1170 1605 quac
1190 1560 1257 1591 sint
1275 1559 1344 1590 visa
1363 1557 1504 1590 maiora.
1536 1557 1627 1588 Inter
1646 1565 1706 1588 ηοη

921 1621 983 1652 quo
1006 1616 1038 1640 ct
1071 1620 1133 1641 non
1165 1608 1248 1648 quod
1274 1606 1339 1637 linc
1371 1603 1550 1636 discrimen
1577 1601 1709 1634 videtur

923 1654 1154 1688 interc‹·d¹·1·c:
1182 1655 1205 1685 Ι.
1231 1655 1299 1685 Non
1320 1662 1381 1692 quo
1406 1663 1433 1682 c.
1458 1648 1544 1681 coni.
1570 1647 1707 1691 ponitur

926 1704 979 1745 1),
1019 1701 1073 1733 ubi
1098 1703 1170 1742 finis
1196 1712 1225 1730 x.
1258 1700 1423 1730 consilium
1453 1693 1709 1739 significandum

923 1756 994 1781 est:
1020 1756 1090 1780 tum
1114 1747 1146 1778 in
1170 1745 1279 1777 altero
1305 1742 1456 1775 membro
1482 1740 1576 1784 sequi
1600 1740 1705 1773 solet:

923 1797 977 1828 sed
1006 1799 1060 1833 ul,
1096 1794 1150 1825 sed
1181 1802 1238 1827 ne,
1276 1797 1311 1821 ut
1339 1788 1440 1821 Acad.
1466 1789 1505 1819 Π.
1530 1784 1684 1829 42‚v131

923 1839 1161 1873 introducebat
1192 1837 1293 1868 ctiam
1319 1833 1529 1873 Carneades,
1564 1844 1627 1866 non
1647 1843 1708 1873 quo

921 1889 1069 1928 probaret
1098 1885 1131 1927 tl·
1149 1896 1176 1915 c.
1201 1894 1266 1914 non
1294 1894 1334 1914 eo
1360 1880 1520 1920 consilio,
1547 1880 1595 1918 nt')
1611 1905 1618 1918 ‚
1653 1879 1707 1911 sed

926 1937 958 1965 ut
987 1936 1178 1975 opponeret
1203 1927 1346 1966 Stoicis,
1382 1938 1548 1959 summum
1582 1925 1708 1957 bonum

925 1990 997 2011 esse
1028 1985 1093 2009 etc.
1124 1995 1169 2000 ——·
1215 1975 1250 2017 2)
1282 1973 1337 2005 nbi
1372 1973 1469 2005 notio
1501 1970 1707 2015 significatur

923 2024 1181 2069 particularum:
1208 2032 1270 2053 non
1290 2022 1394 2062 quasi,
1419 2021 1502 2052 nicht
1523 2021 1572 2051 als
1597 2020 1645 2059 ob,
1671 2024 1700 2048 ιιῑ

925 2071 968 2104 de
990 2073 1080 2102 Orat.
1102 2071 1143 2101 ΙΙ.
1172 2068 1233 2108 15,
1260 2066 1322 2100 Τ4τ
1363 2077 1426 2098 non
1446 2076 1507 2106 quo
1531 2077 1604 2097 mea
1627 2064 1702 2108 qui--

925 2117 1002 2150 dem
1036 2118 1155 2149 intersit
1183 2121 1305 2158 tneque
1329 2112 1418 2145 enim
1446 2118 1538 2144 aetas
1570 2110 1605 2143 id
1631 2122 1704 2142 mea

922 2163 1093 2196 desiderat
1113 2161 1185 2202 -Ἰ,
1207 2160 1266 2191 sod
1282 2166 1396 2202 tamen
1410 2159 1475 2190 ista
1491 2165 1548 2190 tna
1568 2177 1613 2181 —-
1629 2164 1702 2189 tan-

922 2217 994 2242 tum
1017 2206 1246 2253 cognoscendi
1266 2205 1380 2238 studio
1405 2204 1568 2237 adductus
1591 2202 1705 2247 requi—

923 2268 972 2289 ro.
1006 2276 1050 2280 —-
1091 2256 1133 2287 II.
1167 2255 1236 2287 Non
1265 2253 1350 2294 quod
1383 2263 1410 2283 e.
1437 2251 1524 2284 coni.
1556 2249 1704 2294 ponitur,

921 2303 976 2335 ubi
999 2301 1097 2334 notio
1120 2299 1311 2332 declaratur
1332 2297 1586 2342 particularum:
1623 2296 1705 2328 nicht

921 2350 1087 2388 desshalb,
1121 2349 1213 2387 u·eil,·
1248 2353 1322 2377 tum
1354 2344 1388 2376 in
1420 2344 1528 2376 altero
1553 2342 1703 2374 membro

921 2395 1015 2440 sequi
1033 2393 1140 2426 solet:
1166 2394 1222 2425 sed
1241 2393 1337 2433 quod,
1362 2392 1417 2423 sed
1437 2392 1526 2432 quia,
1550 2395 1586 2420 ut
1601 2386 1702 2419 Acztd.

922 2444 952 2474 ΙΙ
985 2442 1050 2479 40,
1081 2440 1160 2473 125:
1197 2450 1250 2470 me
1272 2449 1428 2476 accusas,
1453 2447 1515 2469 non
1538 2436 1620 2475 quod
1643 2432 1704 2464 tuis

921 2487 1108 2521 rationibus
1128 2496 1197 2517 non
1216 2487 1394 2524 assentiar,
1417 2484 1472 2516 sed
1491 2482 1574 2522 quod
1597 2477 1704 2511 nullis.

923 2537 1032 2578 Supra
1046 2534 1086 2565 II.
1101 2533 1158 2571 23,
1180 2530 1224 2564 56
1238 2543 1243 2562 ;
1269 2530 1399 2574 pugiles
1413 2549 1457 2553 —
1470 2525 1702 2568 ingemiscunt,

922 2592 986 2614 non
1019 2580 1103 2621 quod
1133 2580 1280 2617 doleant,
1318 2578 1463 2608 animove
1488 2572 1705 2610 succumbant,

924 2629 980 2660 sed
1001 2629 1078 2668 quia
1098 2622 1336 2668 profundenda
1359 2632 1442 2653 voce
1463 2629 1562 2651 omne
1585 2627 1705 2660 corpus

923 2672 1121 2706 intenditur.
1185 2670 1274 2702 Hinc
1306 2678 1438 2710 semper
1467 2663 1607 2695 dicitur:
1643 2671 1707 2694 τιοη

924 2721 1054 2759 idcirco,
1077 2719 1163 2759 quod
1181 2735 1246 2756 ——,
1270 2725 1332 2746 non
1350 2714 1440 2752 ideo,
1463 2710 1548 2751 quod
1564 2728 1621 2750 —‚
1644 2718 1707 2740 non

925 2777 972 2807 eo,
995 2767 1080 2806 quod
1091 2783 1148 2805 ——,
1163 2772 1225 2795 non
1239 2763 1276 2793 ob
1291 2769 1362 2792 eam
1376 2765 1536 2796 caussam,
1557 2755 1643 2796 quod
1650 2773 1707 2795 —,

926 2823 989 2845 non
1008 2812 1044 2844 id
1071 2812 1117 2854 (v.
1140 2821 1168 2841 c.
1191 2806 1329 2849 indigne
1349 2802 1453 2845 fero),
1477 2803 1574 2842 quod.
1606 2799 1701 2833 Nun-

929 2869 1029 2903 quam
1054 2867 1116 2889 non
1141 2854 1226 2895 quod
1245 2852 1293 2884 ita
1312 2849 1453 2889 dicitur,
1488 2853 1526 2879 ut
1548 2847 1611 2880 sit:
1637 2857 1707 2879 non

930 2915 971 2936 eo
1008 2905 1073 2947 (eo
1107 2898 1295 2940 consilio),
1332 2902 1380 2928 ut.
1435 2894 1478 2927 V.
1511 2893 1666 2936 exempla
1688 2903 1707 2924 a

931 2949 1029 2982 nobis
1041 2948 1075 2980 in
1095 2948 1154 2979 Gr.
1170 2946 1210 2977 L.
1233 2944 1264 2987 §-
1279 2942 1354 2976 153.
1380 2940 1464 2974 Not.
1479 2939 1512 2973 2.
1532 2952 1566 2984 p.
1580 2937 1648 2974 413
1659 2950 1709 2983 sq.

933 2995 1031 3028 ed.2.
1051 2993 1164 3026 allata.
1210 2992 1279 3023 Non
1296 2998 1358 3031 quo
1374 2986 1447 3021 sine
1460 2985 1564 3020 dubio
1581 2998 1643 3031 per
1662 2993 1713 3019 at-
