1859 3117
1578 46 1632 88 47

39 152 140 187 ⁴esse
173 138 287 180 verbi
321 150 461 179 caussa
489 134 551 176 M.
577 133 794 188 Crassum,
839 136 903 191 qui
929 136 1016 177 illas
1053 137 1230 178 fortunas
1260 143 1386 178 morte
1417 136 1635 186 dimiserit3

652 55 822 88 LIBER
846 57 872 91 1.
896 53 938 97 6,
966 54 1019 89 13.

47 213 234 254 miserum
257 210 335 257 Cn.
355 209 610 266 Pompeium,
659 210 724 265 qui
759 218 865 251 tanta
891 212 1015 267 gloria
1049 212 1102 253 sit.
1131 211 1316 264 orbatus;
1364 225 1501 253 omnes
1527 211 1637 253 deni-

49 301 125 343 que
158 288 353 338 miseros,
398 285 463 340 qui
496 285 569 326 hac
601 285 688 326 luce
717 292 896 326 careant.
1545 284 1639 328 Sint

49 362 154 404 euim
178 368 357 418 oportet,
391 360 426 401 si
447 359 580 400 miseri
607 366 724 411 sunt,
771 367 812 400 tu
835 367 965 400 autem
989 361 1103 401 modo
1128 361 1299 416 negabas
1325 375 1394 402 eos
1419 374 1509 402 esse
1525 393 1536 412 ,
1570 361 1637 416 qui

961 286 1028 327 M,
1061 285 1302 327 Revolveris
1329 286 1483 327 eodem.

51 436 195 478 mortui
219 442 370 476 essent.
435 432 479 476 Si
505 435 624 489 igitur
647 447 724 474 non
751 441 863 486 sunt,
898 434 992 474 nihil
1016 443 1182 490 possunt
1204 450 1316 488 esse3
1349 435 1403 476 ita
1428 450 1478 477 ne
1500 436 1637 477 miseri

49 511 203 566 quidem
227 517 334 550 sunt.
396 508 453 550 A.
490 508 585 550 Non
608 509 694 549 dico
717 510 886 549 fortasse
908 509 1024 549 ctiam
1042 541 1053 561 ,
1097 510 1199 564 quod
1222 510 1375 563 sentiog
1419 524 1508 551 nam
1535 510 1636 552 istuc

1295 591 1361 626 15.
1397 584 1464 626 M.
1501 583 1636 638 Quid?

49 658 258 711 miserius,
302 673 418 713 quam
447 658 606 699 omnino
634 671 832 713 nunquam
859 658 1011 700 fuisse?
1049 658 1102 699 ita
1131 657 1195 713 qui
1219 659 1391 699 noudum
1422 661 1503 700 nati
1528 668 1635 711 sunt,

47 585 172 640 ipsum
187 616 198 636 ,
243 599 321 625 non
345 598 435 625 esse
450 615 460 634 ‚
507 598 621 638 quum
644 583 790 634 l'ueris‘,
835 584 1098 624 miserrimum
1120 591 1229 638 puto.

51 733 188 775 miseri
207 733 286 774 iam
308 740 426 785 sunt,
469 733 557 787 quia
586 747 663 774 nou
688 740 806 784 sunt,
852 740 892 774 et
916 747 988 773 nos
1005 764 1015 783 ,
1057 732 1090 773 si
1114 739 1204 788 post
1227 739 1394 774 mortem
1420 734 1555 775 miseri
1579 736 1640 776 fu-

51 799 127 848 iuri
148 821 308 859 sumus,
342 807 477 848 miseri
500 807 669 859 fuimus,
704 815 912 862 antequam
941 807 1036 848 nati.
1098 805 1187 862 Ego
1209 815 1340 848 autem
1366 822 1445 848 non
1468 823 1640 851 comme-

51 881 172 934 mini,
215 890 425 937 antequam
453 896 538 922 sum
567 889 706 934 natus,
748 896 810 923 me
841 874 1045 923 miserum.
1109 881 1176 923 Tu
1200 882 1235 923 si
1259 882 1424 924 meliore
1447 884 1639 925 memoria

52 969 122 1008 es,
157 956 274 999 velim
300 956 427 1008 scire,
462 957 600 1011 ecquid
624 957 670 998 de
700 963 737 998 te
761 958 991 998 recordere.

166 1029 262 1073 VII.
324 1031 381 1071 Α.
415 1029 476 1071 Ita
505 1031 674 1092 iocaris„
718 1031 829 1086 quasi
860 1045 935 1086 ego
966 1031 1092 1072 dicam
1123 1044 1194 1073 eos
1226 1032 1418 1084 miseros,
1460 1034 1526 1088 qui
1556 1035 1641 1076 nati

53 1119 134 1146 non
171 1112 285 1156 sunt,
337 1112 377 1146 et
413 1119 493 1146 non
535 1119 628 1155 eos,
687 1105 752 1160 qui
795 1106 938 1146 mortui
978 1112 1084 1146 sunt.

53 1179 166 1220 dicis.

1166 1106 1234 1148 M.
1285 1105 1389 1148 Esse
1432 1121 1528 1163 ergo
1569 1123 1641 1151 eos

226 1179 284 1219 A.
326 1177 477 1229 Immo,
521 1179 611 1233 quia
641 1192 721 1220 non
752 1179 855 1230 sint,
901 1194 1015 1234 quum
1041 1180 1211 1233 fuerint,
1258 1195 1305 1222 eo
1337 1181 1506 1224 miseros
1530 1197 1648 1229 esse..

56 1253 123 1294 M.
155 1251 380 1308 Pugnantia
419 1260 459 1294 te
490 1253 596 1308 loqui
631 1267 711 1294 non
742 1253 885 1295 vides?
926 1254 1014 1309 quio¹
1048 1255 1152 1295 enim
1197 1262 1272 1296 tam
1304 1264 1477 1311 pugnat,
1524 1273 1649 1313 quarn

55 1342 134 1369 non
159 1328 274 1369 modo
305 1328 517 1379 miserum,
550 1328 620 1369 sed
647 1328 806 1368 omnino
831 1328 1038 1383 quicquam
1075 1343 1191 1381 esse,
1234 1330 1297 1384 qui
1323 1344 1403 1371 non
1435 1332 1516 1372 sit?
1573 1332 1650 1376 An

55 1409 97 1443 tu
123 1416 309 1457 egressus
341 1409 452 1458 porta
474 1400 659 1458 Capena,
694 1395 811 1458 quum
836 1400 1031 1456 Calatini,
1067 1401 1323 1459 Scipionum,
1359 1403 1649 1461 Serviliorum,

55 1474 310 1518 Metellorum
339 1476 520 1533 sepulcra
558 1476 695 1529 vides,
738 1477 906 1519 miseros
936 1485 1049 1535 putas
1083 1478 1202 1520 illos?
1260 1479 1316 1520 Α.
1353 1478 1551 1534 Quoniam
1580 1498 1649 1526 roe

56 1550 180 1592 verbo
207 1551 378 1606 premis,
412 1551 574 1607 posthac
604 1566 685 1592 non
714 1552 770 1593 ita
801 1553 953 1594 dicam:
999 1554 1182 1595 miseros
1205 1568 1320 1607 esse,
1358 1556 1429 1597 sed
1465 1563 1646 1600 tantum:

55 1625 262 1677 miseros,
307 1626 357 1667 ob
396 1626 435 1667 id
474 1627 624 1682 ipsum,
675 1626 766 1682 quia
803 1642 883 1669 non
925 1635 1033 1670 sunt.
1106 1627 1174 1670 M.
1222 1628 1319 1670 'Non
1359 1630 1456 1671 dicis
1496 1631 1646 1686 igitur:

57 1745 226 1789 quantur).
274 1745 435 1778 Similiter
456 1758 483 1778 e.
499 1745 562 1785 39,
593 1745 658 1780 93:
694 1747 830 1791 pellan-

56 1796 111 1823 tur
132 1802 211 1835 ergo
232 1793 311 1825 istae
332 1795 466 1833 ineptiae
488 1804 594 1835 paene
616 1796 726 1835 aniles,
751 1801 830 1826 ante

57 1842 186 1880 tempus
208 1837 294 1870 mori
313 1837 470 1870 miserum
495 1849 576 1870 esse.

115 1884 211 1923 'Quid
230 1885 309 1916 dicis
329 1885 440 1926 igitur]
467 1883 681 1918 Observanda
704 1892 756 1917 est
772 1897 831 1918 ra-

57 1926 126 1960 rior
144 1929 326 1972 particulae
342 1932 439 1970 igitur
453 1929 488 1960 in
503 1930 604 1962 tertio
624 1931 701 1963 loco
720 1931 830 1963 collo-

59 1973 166 2014 catio,
203 1986 268 2019 qua
304 1975 418 2009 Cicero
453 1986 494 2006 eo
525 1976 664 2008 consilio
699 1975 831 2008 videtur

59 2029 135 2051 usus
159 2031 252 2060 esse,
288 2027 325 2052 ut
347 2020 567 2059 vocabulum,
594 2021 684 2064 quod
707 2032 829 2053 secun—

58 2063 136 2096 dam
157 2065 272 2098 sedem
294 2072 458 2108 occupat,
483 2066 586 2108 magis
607 2067 752 2099 efferret.
787 2068 828 2099 V.

58 2120 120 2142 nos
152 2110 187 2142 in
222 2112 370 2143 Gratum.
394 2112 471 2142 Lat.
497 2113 525 2155 ξ.
555 2111 615 2144 138
627 2118 656 2144 a,
690 2113 772 2144 Not.
796 2109 828 2145 4.

58 2165 90 2198 p.
104 2154 181 2188 350.
199 2155 252 2188 ed.
265 2156 298 2189 2.
345 2156 438 2188 Infra
462 2168 489 2188 c.
509 2156 539 2195 7,
565 2154 624 2189 14:
654 2169 753 2202 quum
773 2157 828 2189 di-

60 2199 107 2232 cis
126 2202 233 2241 iyitur.
257 2201 362 2240 038,
387 2201 450 2235 92:
487 2201 566 2246 quid
597 2211 689 2235 curet
712 2207 828 2236 autem.

60 2244 180 2286 11.19‚
204 2244 270 2280 45:
305 2248 496 2280 omittamus
518 2248 608 2280 hunc
628 2252 734 2290 i9ilur.
768 2251 826 2281 111.

61 2291 123 2331 10,
148 2291 204 2325 23.
236 2291 361 2325 doloris
391 2293 487 2326 huius
509 2297 606 2335 igitur
627 2295 730 2338 origo.
769 2296 826 2328 IV.

60 2335 122 2376 18,
147 2333 210 2370 41:
236 2337 291 2382 qui
312 2339 448 2371 modum
464 2342 562 2381 ἐρίων
582 2340 665 2373 vitio
687 2341 828 2385 quaerit.

62 2380 218 2415 Ceterum
240 2383 285 2416 cf.
306 2384 476 2418 Adnotata
499 2385 542 2417 ad
561 2387 584 2418 1.
598 2387 661 2425 27,
687 2386 742 2421 66.

123 2429 268 2469 fortunas
286 2435 383 2465 morte
402 2432 568 2473 dimiserit]
597 2432 631 2463 C.
657 2444 719 2476 pro
745 2431 831 2465 Cae-

60 2471 199 2514 cin.26,
224 2475 286 2509 75:
320 2477 558 2519 patrimonium
580 2477 674 2510 unius
698 2478 831 2510 incom-

57 2517 160 2552 modo
186 2521 371 2563 dimittitur,
400 2521 450 2555 ius
485 2522 593 2554 amitti
625 2535 692 2556 non
717 2531 830 2568 potest

59 2562 130 2596 sine
152 2576 274 2608 magno
296 2566 511 2601 incommodo
537 2568 689 2601 civitatis.

71 2616 78 2619 ”
126 2611 196 2643 Sint
206 2614 288 2644 enim
306 2614 435 2658 oportet]
457 2616 657 2658 Exspectes:
675 2618 737 2648 siut
748 2618 830 2649 enim

56 2663 175 2688 necesse
198 2661 261 2699 est;
294 2658 356 2692 sed
379 2664 495 2700 oportet
519 2660 646 2704 optime
668 2673 741 2693 sese
764 2661 827 2694 ha-

27 2722 34 2726 .
57 2693 116 2732 het
135 2700 168 2733 h.
182 2700 229 2740 l.;
265 2703 430 2747 significat
460 2705 549 2737 enim
579 2709 661 2738 ratio
678 2710 828 2749 postulat,

58 2747 113 2785 ut,
134 2749 189 2787 qui
208 2753 322 2782 mortui
344 2753 426 2791 sint,
449 2761 512 2784 esse
535 2755 723 2785 statuamus.
773 2753 825 2787 cf.

59 2798 94 2831 p.
109 2790 206 2843 Rpsc.
222 2795 295 2826 Am.
307 2796 420 2835 XXII,
444 2795 508 2830 62:
533 2799 625 2830 Haec
643 2809 743 2842 quum
760 2799 827 2831 sint

58 2842 188 2876 omma,
221 2845 334 2873 tamen
368 2848 500 2875 exstent
529 2847 647 2885 oportet
671 2856 826 2887 expressa

57 2879 190 2914 seelen's
208 2885 356 2929 vestigia.
376 2887 418 2920 de
438 2890 493 2920 Or.
507 2889 532 2920 Ι.
549 2889 582 2930 6,
606 2890 671 2922 20:
697 2891 746 2922 Ex
767 2903 825 2923 re—

56 2935 130 2957 rum
157 2929 347 2971 cognitione
377 2933 568 2968 efflorescat
601 2941 636 2968 et
658 2935 825 2970 redundet

55 2974 174 3013 oportet
195 2975 313 3009 ontio.

940 1748 991 1782 13.
1041 1751 1240 1782 commemini
1264 1768 1309 1773 —-
1332 1760 1382 1782 me
1404 1752 1572 1795 miserum]
1609 1755 1646 1785 In

863 1794 974 1827 verbis
995 1797 1142 1836 coyztare,
1160 1797 1365 1836 comminisci,
1387 1800 1648 1839 commeminisse,

864 1840 935 1872 aliis
956 1851 1024 1872 com
1043 1840 1208 1882 signifieat
1230 1850 1347 1880 secum,
1373 1849 1424 1873 ut:
1451 1842 1579 1886 aliquid
1599 1855 1646 1877 se-

865 1897 936 1918 cum
962 1888 1094 1925 agitare.
1130 1886 1180 1917 De
1206 1885 1330 1918 omisso
1351 1897 1413 1919 esse
1439 1896 1516 1930 post
1541 1890 1646 1923 verba

865 1932 1067 1963 existimandi
1081 1937 1114 1961 et
1129 1933 1318 1964 declarandi
1331 1944 1360 1964 v.
1376 1935 1514 1967 Kithner.
1529 1935 1572 1968 1..
1587 1936 1644 1969 Gr.

866 1976 895 2019 ff.
912 1976 975 2007 129
987 2001 995 2013 ,
1021 1974 1052 2008 4.
1076 1988 1109 2019 p.
1123 1975 1191 2011 293
1203 1989 1252 2021 sq.
1268 1977 1319 2010 ed.
1335 1978 1368 2010 ¹2.

936 2020 1013 2053 cip.
1028 2023 1102 2053 VII.
1127 2024 1249 2064 Immo,
1271 2026 1348 2064 quia
1367 2035 1430 2058 non
1451 2027 1526 2071 sint]
1551 2027 1645 2060 Con-

863 2065 1028 2099 iunctivus
1061 2071 1122 2100 sint
1153 2075 1203 2100 est
1234 2069 1378 2102 maxime
1401 2079 1645 2106 consentaneus

863 2111 929 2144 loci
942 2113 1139 2146 sententiae.
1171 2115 1245 2147 Alia
1259 2115 1348 2147 enim
1362 2117 1448 2150 ratio
1468 2126 1517 2150 est
1530 2120 1644 2163 paullo

863 2165 941 2202 post
972 2162 1008 2191 ob
1038 2161 1074 2192 id
1094 2162 1223 2202 ipsam,
1258 2164 1336 2202 quia
1368 2173 1429 2195 non
1451 2169 1543 2205 sunt,
1580 2166 1644 2198 alia

865 2210 936 2236 erat
970 2216 1069 2249 supra
1091 2206 1212 2249 (5.11.,
1250 2207 1307 2239 ubi
1332 2207 1538 2242 adversarius
1563 2224 1644 2244 sen-

863 2250 1004 2282 tentiam
1025 2263 1117 2283 suam
1136 2258 1297 2296 tanquam
1320 2254 1539 2288 certissimam
1560 2269 1644 2301 pro-

866 2296 1036 2339 ponebat;
1058 2303 1094 2329 at
1105 2309 1186 2330 vero
1199 2299 1263 2331 hoc
1282 2299 1358 2343 ipso
1376 2300 1453 2334 loco
1470 2302 1570 2341 idem,
1591 2303 1644 2334 Ci-

868 2343 997 2374 ceronis
1015 2343 1199 2376 rationibus
1216 2345 1281 2376 iarn
1302 2345 1535 2388 labefactatus,
1561 2361 1642 2381 eau—

867 2387 943 2419 dem
964 2389 1165 2421 sententiam
1189 2390 1386 2424 dubitanter
1405 2394 1539 2437 repetit.

932 2439 1026 2474 porta
1054 2435 1196 2479 Capena]
1225 2437 1361 2481 Capena
1385 2439 1464 2470 olim
1489 2439 1552 2470 fuit
1576 2450 1642 2482 op—

865 2479 980 2522 pidum
1003 2480 1092 2512 Latii
1114 2481 1239 2514 Romae
1265 2483 1472 2527 proximum3
1498 2484 1642 2518 excisum

864 2531 983 2567 postea
1008 2533 1058 2558 est
1078 2537 1269 2572 nomenque
1290 2541 1384 2561 suum
1406 2530 1537 2573 reliquit
1559 2542 1642 2573 por-

864 2577 920 2603 tae
944 2571 1062 2610 Urbis,
1089 2583 1172 2616 quae
1195 2585 1287 2607 nunc
1305 2587 1324 2607 a
1345 2575 1494 2619 proxima
1517 2576 1555 2606 D.
1579 2578 1642 2608 Se·-

863 2615 1006 2649 bastiani
1036 2617 1121 2650 aede
1149 2618 1274 2652 dicitur
1302 2625 1395 2661 porta
1427 2622 1460 2651 cli
1485 2621 1518 2652 S.
1544 2622 1643 2653 Seba-

863 2665 976 2695 stiano.
1011 2664 1062 2696 Ab
1081 2676 1117 2696 ea
1133 2663 1319 2708 incipiebat
1334 2666 1386 2696 via
1407 2664 1526 2707 Appia.
1563 2669 1641 2700 For-

863 2711 966 2740 cellim'
986 2709 1087 2742 Thes.
1108 2711 1183 2744 Lat.
1206 2711 1244 2742 h.
1266 2723 1297 2742 v.
1355 2709 1408 2743 Ad
1433 2710 1520 2742 hanc
1553 2712 1642 2745 viam

862 2755 968 2786 multa
999 2762 1093 2788 erant
1115 2763 1338 2788 monumenta
1366 2755 1545 2789 illustrium
1568 2757 1642 2791 Ro-

861 2811 1047 2833 manorum.
1094 2802 1200 2834 Moris
1227 2801 1313 2834 enim
1331 2806 1412 2838 erat,
1436 2802 1587 2845 sepulcra
1606 2804 1639 2836 in

859 2844 899 2877 iis
920 2845 1004 2879 locis
1026 2853 1213 2887 exstruere,
1250 2858 1333 2890 quae
1355 2846 1561 2890 frequentari
1578 2861 1637 2883 so—

859 2890 984 2925 lebant.

926 2939 1018 2970 verbo
1040 2937 1171 2979 premis]
1197 2936 1298 2969 Idem
1320 2941 1390 2976 est,
1416 2938 1506 2982 quod
1528 2949 1559 2973 v.
1583 2952 1638 2973 ur-

857 2992 920 3022 yes.
965 2982 1143 3016 Translate
1166 2993 1186 3014 a
1215 2993 1252 3016 re
1274 2982 1409 3016 militari
1433 2986 1546 3028 (hostes
1564 2997 1638 3028 pre—
