1859 3117
1642 31 1719 74 135

234 120 311 165 vl.
354 115 426 165 M.
456 121 634 165 Primum
670 120 793 176 igitur
825 121 872 162 de
906 121 1177 177 imbecillitate
1204 121 1417 163 multorum
1448 128 1489 161 et
1514 120 1562 161 de
1592 121 1715 163 variis

115 195 337 254 disciplinis
361 197 680 255 philosophorum
707 195 875 251 loquar,
917 211 1083 257 quorum
1105 197 1290 254 princeps
1318 202 1358 238 et
1378 195 1643 248 auctoritate,
1675 203 1716 237 et

118 272 376 328 antiquitate,
425 270 656 315 Socraticus
691 270 950 327 Aristippus,
1002 287 1081 314 non
1114 259 1308 314 dubitavit
1341 285 1537 313 summum
1570 270 1715 313 malum

118 345 295 390 dolorem
316 347 465 390 dicere.
514 346 671 389 Deinde
693 346 741 388 ad
761 346 860 388 hanc
883 354 1112 388 enervatam
1136 347 1448 403 muliebremque
1475 345 1713 388 sententiam

116 421 215 463 satis
236 421 401 464 docilem
423 437 467 465 se
489 421 686 480 Epicurus
708 422 904 477 praebuit.
966 420 1083 463 Hunc
1110 430 1197 478 post
1218 421 1399 463 Rhodius
1423 420 1711 479 HieronymuS,

117 495 254 538 dolore
276 511 446 551 vacare,
491 512 684 541 summum
709 497 855 539 bouum
876 497 1002 549 dixit,
1050 504 1199 538 tantum
1236 497 1275 538 in
1303 497 1441 539 dolore
1465 497 1581 538 duxit
1601 495 1709 538 mali.

119 568 255 614 Ceteri
285 580 445 629 praeter
475 572 711 624 Zenonem,
747 573 1005 625 Aristonem,
1039 571 1290 629 Pyrrhonem
1321 572 1421 613 idem
1458 574 1568 624 sere,
1609 571 1714 627 quod

118 647 234 689 modo
254 654 322 690 tue
357 649 502 690 malum
525 648 618 690 illud
646 648 826 704 quidem,
859 648 929 690 sed
953 647 1028 689 alia
1056 648 1207 704 peiora.
1276 653 1342 689 16.
1376 646 1487 702 Ergo
1511 647 1576 699 id,
1609 646 1714 703 quod

117 729 257 765 natura
281 723 366 780 ipsa
399 730 436 765 et
461 724 652 779 quaedam
677 737 874 779 generosa
905 723 1033 765 virtus
1059 723 1192 765 statim
1218 723 1396 779 respuit,
1445 736 1495 764 ne
1523 722 1715 766 *scilicet

723 40 891 74 LIBER
916 41 958 74 11.
984 38 1109 81 6,16.

115 797 291 853 dolorem
323 813 517 840 summum
548 799 688 840 malum
721 799 875 840 diceres
905 798 1166 855 oppositoque
1192 799 1388 839 dedecore
1417 797 1618 840 sententia
1646 797 1713 839 de-

114 873 333 930 pellerere,
366 874 406 915 in
427 888 474 916 eo
493 874 684 930 magistra
707 875 813 916 vitae
835 874 1079 931 philosophia
1102 881 1159 915 tot
1178 873 1311 915 secula
1330 879 1551 929 permanet.
1596 871 1712 927 Quod

115 949 206 991 huic
233 949 429 1001 officium,
475 936 579 1005 quae
605 949 718 1001 laus,
753 950 856 1004 quod
881 951 1001 991 decus
1027 949 1106 990 crit
1137 949 1261 1001 tanti,
1305 949 1407 1005 quod
1438 948 1602 1004 adipisci
1625 962 1712 989 cum

116 1024 253 1070 dolore
275 1024 455 1080 corporis
480 1024 604 1076 velit,
647 1025 711 1080 qui
736 1025 912 1066 dolorem
938 1039 1132 1066 summum
1161 1024 1305 1066 malum
1332 1025 1407 1066 sibi
1436 1038 1526 1066 esse
1549 1037 1714 1079 persua-

116 1100 245 1142 serit?
292 1098 421 1154 Quam
446 1114 565 1155 porro
589 1101 675 1154 quis
699 1099 979 1155 ignominiam,
1023 1113 1137 1155 quam
1164 1100 1443 1156 turpitudinem
1469 1114 1549 1140 non
1581 1105 1713 1154 pertu-

114 1174 232 1226 lerit,
277 1180 320 1217 ut
355 1173 519 1229 effugiat
551 1174 754 1225 dolorem,
798 1175 832 1215 si
864 1175 901 1215 id
932 1189 1126 1215 summum
1160 1175 1303 1216 malum
1337 1189 1428 1216 esse
1460 1173 1714 1216 decreverit?

114 1246 218 1304 Quis
241 1254 372 1290 autem
394 1263 472 1289 non
500 1249 646 1299 miser,
690 1263 768 1290 non
797 1250 913 1290 modo
940 1258 1056 1302 tunc,
1091 1265 1209 1305 quum
1233 1258 1435 1306 premetur
1455 1249 1620 1290 summis
1643 1249 1712 1290 do-

112 1323 288 1376 loribus,
332 1322 366 1365 si
400 1322 440 1364 in
472 1323 522 1365 iis
557 1330 619 1365 est
642 1338 837 1365 summum
862 1325 1007 1366 malum
1023 1358 1034 1377 ,
1075 1325 1146 1367 sed
1167 1326 1286 1367 etiam
1313 1340 1429 1380 quum
1453 1325 1554 1366 sciet
1578 1324 1614 1365 id
1637 1323 1712 1365 sibi

998 1459 1047 1491 15.
1073 1469 1133 1500 quo
1146 1468 1183 1490 ea
1198 1469 1245 1490 me
1258 1460 1393 1500 cunque]
1418 1458 1559 1490 Sestian.
1573 1457 1709 1496 XXXI,

925 1504 990 1538 63:
1025 1507 1108 1545 quod
1129 1504 1286 1536 iudicium
1310 1514 1440 1545 cunque.
1488 1505 1528 1534 V.
1552 1506 1711 1536 Kritzium

927 1551 969 1583 ad
987 1551 1065 1583 Sall.
1085 1552 1157 1583 Cat.
1173 1552 1212 1590 Υ,
1236 1553 1277 1585 3.-
1305 1554 1393 1584 cuius
1416 1550 1461 1583 rei
1473 1553 1554 1583 libet.
1575 1558 1608 1583 et
1620 1552 1710 1583 Kah-

110 1456 206 1490 nicht
225 1467 328 1500 sagen
342 1481 352 1496 ,
386 1455 577 1488 vermeideu
590 1481 598 1495 ,
633 1455 781 1488 sondorn
803 1456 891 1488 viel-

111 1502 207 1536 mehr
225 1501 426 1541 erstreben.)
449 1513 511 1546 pro
531 1503 622 1534 Sext.
639 1503 678 1539 L.
700 1503 780 1535 105:
808 1502 890 1543 Quis

110 1560 173 1582 non
193 1550 288 1582 modo
309 1548 532 1592 approbavit,
565 1550 619 1581 sed
640 1559 702 1581 non
724 1548 891 1592 indignis-

111 1594 231 1628 simum
256 1594 384 1627 facinus
407 1593 563 1638 putavit?
604 1596 717 1635 ,Extra
739 1594 889 1627 interro-

111 1640 302 1685 gationem:
328 1642 450 1673 Omnes
474 1652 538 1674 non
560 1643 654 1674 modo
676 1641 892 1684 approbave-

112 1694 200 1727 runt,
218 1688 274 1720 sed
291 1689 387 1720 etiam
406 1686 474 1719 iud.
490 1686 513 1718 f.
529 1700 582 1731 p.:
610 1687 700 1719 diese
722 1688 811 1720 That
829 1688 890 1720 ha-

89 1733 176 1767 ⁴ben
200 1733 284 1771 Alte..
306 1732 361 1766 ich
383 1733 448 1766 will
468 1733 561 1766 nicht
583 1745 697 1777 sagen,
727 1734 891 1777 gebilligt,

111 1778 259 1813 sondern
280 1777 443 1812 vielmehr
461 1779 515 1812 fur
535 1778 568 1811 d.
586 1780 813 1823 uuwurdigste
829 1792 891 1823 ge-

111 1825 255 1867 hatten.)
304 1825 513 1858 Vocabulum
535 1828 628 1858 modo
654 1833 704 1858 est
729 1826 893 1858 ablativus

110 1870 311 1906 substantivi
327 1874 464 1913 nundus,
489 1872 580 1916 quod
602 1869 678 1906 κατ’
700 1871 820 1916 ἐξοχὴ,
845 1876 894 1904 iu-

110 1923 192 1953 stum
213 1919 344 1951 modum
363 1918 538 1962 significat.
582 1920 677 1950 Modo
696 1918 797 1960 igitur
817 1930 895 1950 mo-

59 1986 63 1991 ·
111 1964 193 1998 dum
224 1963 274 1996 rei
304 1964 422 2008 ponit,
463 1975 536 1996 eam
572 1964 670 1996 certis
704 1964 822 1995 finibus
856 1975 896 1996 ac

111 2010 286 2049 terminis,
324 2017 419 2042 extra
446 2021 528 2053 quos
550 2009 663 2051 egredi
692 2020 760 2041 uon
784 2009 893 2049 liceat,

112 2055 368 2090 circumscribit.
414 2057 483 2088 Non
514 2057 608 2087 modo
639 2054 741 2098 igitur
764 2055 895 2099 signifi-

113 2109 193 2136 oent
211 2103 263 2134 ich
283 2103 351 2133 will
371 2102 456 2134 nicht
475 2102 685 2135 beschrcznken
712 2102 896 2143 lentweder

112 2148 176 2180 auf
204 2146 265 2180 das
285 2146 446 2180 Kleinere
457 2171 468 2186 ‚
503 2146 586 2179 oder
616 2147 678 2179 aus
709 2147 768 2180 das
803 2148 894 2181 Gro‘-

111 2193 231 2236 ssere).
280 2193 332 2226 De
352 2204 415 2226 non
436 2194 531 2226 modo
548 2213 612 2234 —,
636 2195 690 2226 sed
708 2204 746 2227 ne
759 2213 805 2218 —
825 2197 896 2236 qui-

112 2242 187 2274 dem
206 2251 239 2272 v.
258 2237 302 2272 ad
322 2240 349 2271 Ι.
364 2237 420 2279 36,
435 2238 490 2273 87.

180 2295 220 2319 ne
239 2287 280 2318 sit
297 2295 375 2318 sane
395 2295 556 2318 stammam
576 2287 698 2318 malum
720 2288 823 2329 dolorj
851 2289 895 2320 Ne

54 2334 58 2338 “
113 2331 341 2366 concessivam
358 2331 426 2364 vim
439 2331 552 2364 habet.
578 2331 654 2364 Pari
668 2332 771 2365 modo
793 2333 894 2366 etiam

110 2382 166 2420 ut,
201 2382 236 2411 ut
251 2377 315 2412 non
334 2389 436 2422 saepe
461 2385 671 2422 usurpantur.
696 2380 720 2411 1.
738 2379 804 2421 21,
828 2377 893 2413 49:

110 2428 147 2458 ut
158 2424 331 2460 rationem
341 2423 437 2457 Plato
453 2423 581 2457 nullam
595 2424 746 2465 afferret,
762 2445 805 2450 —
822 2425 895 2470 ipsa

110 2470 315 2504 auctoritate
338 2482 393 2502 me
415 2470 598 2515 frangeret.
644 2472 671 2504 I.
695 2472 739 2511 ὅ,
766 2470 826 2505 16:
862 2476 897 2505 ut

109 2527 176 2551 non
196 2516 347 2557 efficias,
373 2516 464 2561 quod
489 2517 559 2556 vis;
583 2524 720 2557 tamen,
745 2529 835 2551 mors
859 2526 898 2558 ut,

108 2562 237 2597 malurn
258 2574 328 2596 non
352 2562 416 2602 sit,
443 2562 582 2596 efficies.
641 2565 667 2597 I.
687 2564 749 2604 11,
773 2564 836 2599 23ι
863 2568 897 2597 ut

110 2607 178 2647 ista
208 2619 271 2643 mm
299 2609 514 2643 disserantur.
561 2610 606 2643 N.
629 2611 671 2642 D.
698 2611 723 2643 Ι.
741 2609 808 2652 31,
831 2611 895 2644 ὅὸτ

111 2665 152 2691 ne
180 2654 227 2688 sit
250 2655 354 2700 igitur
384 2655 461 2696 sol,
497 2666 535 2689 ne
569 2655 669 2695 luna,
703 2667 742 2690 ne
765 2656 895 2689 stellae.

110 2701 173 2734 01·-
185 2700 253 2744 29,
279 2702 363 2735 101:
386 2712 424 2735 ne
449 2681 562 2737 i'uerit.
585 2701 628 2735 de
652 2704 729 2735 Sen.
749 2704 809 2744 11,
832 2700 896 2737 34:

115 2754 155 2779 ne
175 2745 243 2779 nint
264 2746 302 2780 in
321 2754 497 2781 senectute
523 2748 628 2789 vires,
653 2761 696 2781 ne
718 2729 898 2794 postulan—

118 2795 176 2823 tm·
193 2791 328 2835 quidem
346 2793 433 2826 vires
455 2805 474 2826 a
496 2801 681 2828 senectute.
732 2795 785 2827 Cf.
808 2797 898 2828 Kith-

117 2845 185 2879 nat.
199 2837 313 2875 ,Ia-Gr.
336 2837 458 2883 §.t-12.
481 2840 597 2873 Not.''
582 2856 608 2875 ι.
628 2853 662 2886 p.
675 2841 751 2876 71.
774 2841 827 2874 ed.
841 2841 874 2874 2.

186 2888 342 2924 mutum
363 2903 410 2910 —-
431 2887 472 2919 de
497 2888 615 2920 doloris
640 2891 756 2921 terrore
781 2889 899 2921 deiece-

68 2922 71 2924 ’
119 2926 181 2970 ηέ]
213 2926 257 2964 V.
276 2929 449 2964 adnotata
472 2932 516 2965 ad
538 2934 565 2966 1.
585 2932 629 2974 8,
657 2931 717 2967 16:
754 2933 798 2967 de
830 2933 897 2966 hu-

120 2982 221 3007 mana
242 2974 438 3010 conditione
458 2977 630 3012 deice-ris.

926 1609 992 1630 ner.
1017 1598 1054 1629 L.
1070 1598 1127 1629 Gr.
1156 1598 1251 1643 §.55
1276 1597 1357 1629 Not.
1378 1602 1409 1630 2.

997 1655 1074 1687 Cn».
1088 1656 1145 1687 Υῐ.
1167 1657 1204 1688 de
1219 1657 1427 1688 imbecillitate
1440 1658 1611 1687 multorum
1625 1655 1705 1697 eta]

929 1702 1015 1734 H.'e.
1038 1701 1080 1733 de
1103 1701 1332 1734 imbecillitate
1354 1701 1533 1733 multorum
1555 1700 1708 1744 philoso-

928 1748 1071 1792 phorum
1108 1760 1289 1791 eorumque
1327 1759 1345 1779 e
1379 1747 1477 1779 variis
1511 1746 1706 1790 disciplinis.

999 1808 1089 1838 Hunc
1108 1806 1191 1848 post]
1230 1805 1286 1836 IV.
1313 1804 1372 1840 17.
1400 1804 1460 1838 375:
1498 1814 1590 1845 quem
1613 1806 1708 1836 ultra.

929 1852 970 1882 Υ.
986 1853 1126 1883 Ktthner.
1141 1852 1180 1882 L.
1197 1851 1255 1882 Gr.
1274 1858 1302 1895 ς.
1322 1850 1394 1884 117.
1408 1850 1438 1891 c)
1463 1862 1494 1894 p.
1508 1852 1586 1882 240.
1609 1849 1662 1883 ed.
1675 1849 1708 1883 2.

1000 1909 1220 1948 Hierony-mus*
1252 1907 1319 1939 Cic.
1341 1907 1443 1939 Acad.
1466 1909 1507 1940 H.
1532 1905 1596 1947 42,
1626 1907 1707 1941 131:

928 1965 1045 1987 vacare
1065 1956 1150 1986 omni
1168 1956 1309 1986 molestia
1327 1955 1536 1994 Hieronymus
1547 1965 1594 1985 sc.
1610 1953 1710 1985 finem

931 2012 1002 2032 esse
1018 1999 1156 2032 censuit.
1188 1999 1261 2032 Fin.
1277 2000 1316 2031 Υ
1332 1999 1439 2036 5,14:
1463 2001 1710 2040 Hieronymum:

930 2058 1029 2091 quem
1063 2046 1127 2078 iam
1164 2058 1222 2078 cur
1244 2045 1506 2090 Peripateticum
1530 2045 1709 2090 appellem,

930 2093 1061 2129 nescim
1098 2103 1263 2124 summum
1296 2091 1386 2125 enim
1411 2092 1536 2125 bonum
1558 2092 1713 2137 exposuit

928 2142 1120 2172 vacuitatem
1145 2140 1274 2171 doloris.

996 2189 1122 2227 praeter
1143 2187 1318 2226 Zenonem,
1342 2188 1516 2218 Aristonem
1530 2210 1540 2226 ‚
1572 2186 1710 2225 Pyrrho-

929 2233 1015 2273 nem*¹
1052 2233 1166 2271 Zeno,
1200 2231 1328 2263 stoicae
1353 2231 1550 2274 disciplinae
1580 2238 1708 2270 auctor,

929 2278 1012 2310 nihil
1033 2277 1159 2309 bonum
1183 2277 1244 2309 nisi
1265 2277 1498 2315 honestatem,
1534 2277 1618 2309 nihil
1636 2288 1713 2309 ma·-

929 2324 997 2356 lum
1019 2323 1083 2356 nisi
1105 2323 1350 2368 turpitudinem
1374 2335 1445 2356 esse
1466 2323 1611 2356 dicebat.
1662 2324 1711 2355 De

929 2374 1071 2403 Aristone
1101 2377 1135 2402 et
1160 2372 1321 2411 Pyrrhone
1345 2382 1375 2401 v.
1402 2369 1575 2402 ,adnotata
1597 2376 1712 2402 nostra

931 2417 965 2449 in
988 2417 1029 2449 V.
1047 2417 1114 2456 50,
1140 2417 1194 2450 ὃὸ.
1248 2416 1300 2448 Cf.
1326 2416 1431 2449 Indic.
1450 2416 1601 2448 historic.

1002 2473 1055 2509 16.
1092 2476 1252 2516 quaedam
1270 2476 1435 2516 yenerosa]
1460 2472 1617 2505 Similiter
1637 2483 1711 2504 cum

931 2520 1146 2553 excusatione
1167 2532 1251 2561 voce
1269 2530 1448 2563 yenerosus,
1471 2530 1555 2562 quae
1575 2517 1711 2561 proprie

932 2567 1057 2600 dicitur
1073 2566 1115 2599 de
1131 2566 1235 2611 stirpe
1252 2566 1464 2602 nobilissima
1489 2564 1618 2598 Tullius
1634 2575 1709 2596 usus

933 2620 984 2646 est
1007 2613 1101 2646 Lael.
1124 2613 1194 2652 IX,
1220 2612 1284 2646 '91
1321 2612 1480 2645 humilem
1502 2620 1582 2641 sane
1603 2609 1708 2642 relin-

933 2667 1039 2704 quunt
1055 2666 1088 2692 et
1105 2659 1241 2691 minime
1256 2668 1453 2700 generosum,
1474 2660 1507 2688 ut
1526 2658 1572 2688 ita
1592 2656 1710 2698 dicam,

934 2713 1045 2738 ortum
1068 2705 1245 2738 amicitiae.

996 2754 1196 2793 oppositoque
1227 2752 1376 2783 dedecore
1405 2750 1557 2781 sententia
1574 2749 1707 2790 depelle-

931 2797 1013 2842 rere]
1048 2799 1089 2830 V.
1107 2797 1279 2829 Adnotata
1301 2795 1345 2828 ad
1368 2795 1453 2835 c.5,
1480 2791 1541 2827 14:
1577 2795 1616 2827 de
1635 2805 1708 2828 sen-

933 2847 1029 2876 tentia
1053 2853 1118 2876 esse
1136 2845 1299 2875 deiectum.

1002 2891 1037 2923 id
1057 2890 1141 2931 quod
1159 2907 1222 2928 —,
1246 2890 1279 2920 in
1297 2896 1332 2919 eo
1347 2904 1393 2911 —-
1409 2885 1589 2931 permanet]
1621 2888 1709 2920 Ora-

932 2935 983 2968 tio
1017 2931 1247 2972 οἷ-οακόλουὲος
1266 2943 1330 2978 pro
1350 2934 1385 2966 in
1406 2942 1442 2966 eo
1452 2957 1463 2974 ‚
1487 2934 1708 2976 quod—per-

934 2985 1050 3015 manet.
