1859 3149
566 78 1246 123 LinER111.10,23.11,24.25.
1623 73 1706 117 185

100 175 202 205 ‘nem
245 162 568 206 nominaverunt.
641 168 713 204 25.
754 160 844 204 Hoc
881 162 1164 218 propemodum
1202 160 1328 204 verbo
1361 159 1510 204 Graeci
1548 178 1707 207 omnem

107 237 230 279 animi
256 237 593 294 perturbationem
616 237 842 293 appellant3
874 244 1022 278 vocant
1046 238 1151 279 enim
1172 234 1332 288 πάθος,
1362 237 1401 279 id
1424 244 1486 280 est
1506 238 1703 292 morbum,

106 313 330 369 quicunque
356 320 419 359 est
448 318 580 354 motus
605 312 644 353 in
673 312 805 353 animo
834 311 1030 353 turbidus.
1092 311 1182 354 Nos
1219 312 1388 365 melius3
1432 313 1565 369 aegris
1601 315 1707 357 enim

105 387 339 445 corporibus
363 387 563 429 simillima
599 387 719 429 animi
753 394 815 429 est
839 386 1071 442 aegritud03
1116 395 1158 428 at
1188 403 1266 429 non
1294 388 1434 431 similis
1466 390 1707 445 aegrotatio-

106 463 171 505 nis
193 469 256 504 est.
279 462 399 504 libido
415 494 426 515 ,
461 477 540 504 non
565 463 823 504 immoderata
844 462 1016 513 laetitia,
1052 476 1153 518 quae
1177 470 1238 505 est
1259 464 1440 521 voluptas
1461 465 1581 506 animi
1605 466 1708 507 elata

106 544 149 579 et
169 539 363 593 gestiens.
411 536 501 595 Ipse
527 538 645 580 etiam
672 545 800 579 metus
825 552 903 579 non
928 545 989 579 est
1012 538 1138 578 morbi
1159 538 1365 580 admodum
1390 540 1546 592 similis,
1582 556 1707 596 quan-

106 626 223 669 quam
250 613 490 669 aegritudini
513 620 574 655 est
596 614 810 664 finitimu53
845 614 914 654 sed
937 613 1111 669 proprie,
1146 620 1188 654 ut
1209 615 1430 669 aegrotatio
1457 616 1496 656 in
1518 630 1704 672 corpore,

1622 690 1707 733 Do-

105 761 202 806 loris
228 763 344 806 huius
371 764 494 821 igitur
527 766 640 822 origo
673 764 786 806 nobis
808 763 1045 820 explicanda
1079 772 1165 816 est,
1211 764 1249 806 id
1282 772 1344 806 est
1369 779 1510 807 caussa
1533 767 1707 808 efficiens

1535 839 1642 883 Nam
1668 850 1710 884 ut

106 913 266 967 medici,
301 928 444 956 caussa
471 916 597 957 morbi
619 916 799 967 inventa,
834 915 1079 956 curationem
1106 929 1197 957 esse
1221 916 1425 957 inventam
1452 922 1617 972 putant3
1650 917 1709 959 sic

107 687 166 730 sic
193 689 400 745 aegritudo
429 689 469 730 in
496 689 652 741 animo,
697 703 840 731 nomen
865 688 982 729 babet
1010 703 1091 729 non
1113 688 1335 731 seiunctum
1360 704 1382 731 a
1406 690 1558 732 dolore.

106 839 395 894 aegritudinem
422 840 462 881 in
487 841 645 892 animo,
681 847 863 896 tanquam
884 840 1200 895 aegrotationem
1225 839 1264 880 in
1288 854 1472 896 corpore.

106 1002 207 1042 nos,
241 1004 385 1031 caussa
414 991 676 1046 aegritudinis
707 997 890 1047 reperta,
925 991 1107 1032 medendi
1137 990 1359 1032 facultatem
1392 992 1656 1047 reperiemus.

220 1062 302 1106 XI.
343 1071 416 1108 24.
448 1064 526 1107 Est
548 1066 670 1122 igitur
690 1080 833 1107 caussa
863 1066 990 1106 omnis
1012 1066 1052 1106 in
1078 1066 1280 1121 opinione,
1314 1080 1387 1107 nec
1410 1081 1508 1107 vero
1535 1067 1710 1123 aegritu-

108 1138 211 1180 dinis
247 1139 404 1193 solum,
449 1141 518 1182 sed
552 1141 668 1182 etiam
703 1141 943 1196 reliquarum
983 1141 1157 1181 omnium
1193 1140 1562 1196 perturbationum,
1608 1157 1709 1198 quae

108 1221 201 1256 sunt
219 1229 369 1270 genere
393 1223 593 1271 quattuor,
628 1215 803 1272 partibus
831 1215 980 1271 piures.
1042 1214 1148 1256 Nam
1174 1231 1291 1271 quum
1313 1217 1441 1257 omnis
1464 1217 1710 1272 perturbatio

107 1289 161 1330 sit
192 1290 312 1331 animi
344 1297 473 1332 motus
507 1291 571 1332 vel
608 1291 773 1332 rationis
801 1304 972 1346 expers,
1015 1291 1300 1332 vetranionem
1330 1292 1601 1348 adspernans,
1645 1293 1712 1335 vel

107 1365 251 1406 rationi
288 1380 368 1407 non
404 1365 621 1417 obediens,
665 1366 778 1421 isque
810 1373 940 1406 motus
972 1372 1039 1406 aut
1064 1365 1156 1406 boni
1189 1373 1255 1406 aut
1279 1367 1370 1407 mali
1396 1366 1583 1422 opinione
1614 1368 1711 1409 cite-

105 1446 196 1492 tur3
249 1440 431 1482 bifariam
473 1448 660 1496 quattuor
699 1441 1018 1498 perturbationes
1062 1441 1282 1496 aequaliter
1324 1441 1556 1483 distributae
1599 1451 1707 1485 sunt.

107 1513 214 1556 Nam
237 1515 338 1558 duae
362 1523 456 1557 sunt
480 1529 534 1558 ex
555 1517 740 1573 opinione
762 1516 854 1558 boni
871 1549 881 1568 ‚
917 1531 1080 1572 quarum
1105 1517 1255 1568 altera,
1298 1517 1481 1574 voluptas
1513 1518 1708 1572 gestiens,

108 1589 148 1631 id
174 1597 236 1632 est
260 1598 418 1648 praeter
442 1593 599 1634 modum
622 1593 724 1634 elata
745 1592 895 1633 laetitia
921 1592 1107 1648 opinione
1135 1591 1358 1648 praesentis
1382 1593 1515 1648 magni
1544 1593 1711 1635 alicuius

107 1664 227 1718 boni,
269 1666 419 1720 altera,
461 1668 656 1724 cupiditas
682 1675 791 1709 recte
815 1668 881 1709 vel
904 1668 1023 1709 libido
1051 1668 1126 1708 dici
1152 1673 1309 1723 potest,
1351 1681 1452 1722 quae
1483 1674 1545 1708 est
1569 1668 1711 1710 immo-

1527 1750 1598 1784 25.
1630 1743 1711 1785 Er-

108 1831 159 1873 go
182 1817 281 1860 haec
306 1819 382 1860 duo
407 1831 584 1874 genera,
623 1819 808 1876 voluptas
841 1819 1018 1874 gestiens
1048 1825 1088 1859 et
1120 1818 1264 1868 libido,
1298 1816 1494 1858 bonorum
1521 1818 1709 1874 opinione

91 1741 247 1804 *derata
265 1742 452 1800 appetitio
472 1743 621 1800 opinati
642 1744 773 1799 magni
788 1743 881 1785 boni
903 1743 1046 1785 rationi
1066 1758 1145 1784 nou
1165 1742 1462 1798 obtemperans.

109 1891 343 1946 turbar¹ur,
382 1900 427 1936 ut
448 1894 525 1936 duo
552 1893 731 1949 reliqua,
775 1901 904 1935 metus
934 1899 974 1935 et
1000 1892 1234 1948 aegritudo,
1267 1892 1477 1933 malorum.
1539 1892 1647 1935 Nam
1673 1901 1714 1936 et

178 2002 423 2045 mediocritates]
457 2003 502 2035 H.
514 2014 544 2035 e.
566 2002 754 2035 mediocres
775 2008 892 2034 status.

110 2049 206 2082 Infra
224 2050 285 2081 111.
303 2048 359 2088 31,
376 2047 442 2083 ἰ’-Ξῖ
468 2048 535 2081 Hic
555 2048 638 2080 mihi
661 2048 807 2080 afferunt
829 2058 894 2081 me-

110 2096 302 2128 diocritates.
339 2093 444 2127 Acad.
466 2095 508 2126 11.
533 2091 597 2135 44,
620 2094 701 2128 135:
727 2096 895 2127 mediocri-

112 2144 193 2174 tates
211 2139 261 2172 illi
280 2139 484 2184 probabant.
523 2140 576 2172 Cf.
594 2139 765 2173 Adnotata
782 2140 817 2172 in
834 2141 892 2173 lv.

115 2186 138 2220 2
150 2211 158 2227 ,
187 2186 222 2220 3.

180 2243 237 2278 23.
262 2246 442 2286 corporibus
464 2264 509 2269 —
529 2247 630 2277 animi
648 2249 691 2277 est
711 2244 891 2289 aeyritudo]

111 2290 174 2323 Est
197 2301 300 2334 genus
323 2290 494 2335 quoddam
524 2290 784 2335 comparationis
809 2302 893 2335 quae

112 2336 302 2381 appellatur
342 2336 634 2381 compendiariae,
678 2337 720 2370 de
759 2349 824 2381 qua
859 2349 891 2368 v.

114 2383 286 2416 Adnotata
309 2383 343 2415 in
368 2384 392 2416 I.
420 2383 458 2423 l,
482 2382 515 2418 2.
563 2383 705 2428 Proprie
727 2383 815 2416 enim
838 2383 894 2415 di—

115 2429 257 2462 cendum
277 2435 367 2462 erat:
402 2429 504 2462 animi
526 2430 703 2474 aegritudo
725 2429 894 2462 simillima

112 2481 164 2508 est
179 2475 376 2509 'affectionis
400 2476 550 2520 corporis
575 2476 794 2520 aegrotantis.
842 2477 893 2508 De

114 2521 360 2567 compositione
376 2521 513 2567 pluralis
536 2523 666 2555 numeri
684 2534 759 2555 cum
775 2522 893 2567 singu-

111 2566 174 2601 lari
195 2580 228 2601 ν.
254 2568 416 2602 Adnotat.
437 2568 472 2601 iu
498 2570 539 2601 11.
562 2569 627 2610 23,
652 2567 707 2602 54.

189 2628 275 2659 elata
303 2630 331 2659 et
356 2626 510 2671 gestiens]
549 2626 611 2659 Ein
645 2625 894 2670 ausgelassenes

116 2670 185 2704 und
212 2671 284 2706 sich
316 2671 550 2716 gebardeudes
576 2674 789 2717 Vergniigen.
841 2673 892 2706 Cf.

119 2727 147 2749 c-
169 2715 233 2759 ll,
255 2715 311 2752 24.
334 2725 369 2751 et
393 2718 564 2754 Adnotatu
586 2719 623 2751 in
646 2719 703 2751 tv.
727 2719 770 2760 6,
795 2719 848 2754 13.

182 2774 295 2808 nomen
323 2777 417 2809 habet
444 2787 508 2810 non
536 2779 710 2810 seiunctum
731 2787 752 2809 a
773 2778 893 2820 dolore]

103 2819 364 2863 ·‚,Aegritudinis
402 2834 525 2856 nomen
559 2822 723 2855 eiusmodi
751 2830 823 2863 est,
860 2830 897 2855 ut

117 2863 186 2896 eius
215 2865 415 2917 significatio
443 2881 461 2901 a
491 2868 619 2901 doloris
651 2868 897 2913 significatione

118 2920 187 2942 non
209 2918 255 2943 sit
276 2912 461 2947 seiuncta.·‘
509 2917 661 2948 Moserus.

185 2967 314 3002 inumata
335 2989 381 2996 —·
411 2972 550 3016 reperta]
587 2973 628 3006 V.
655 2971 781 3006 Adnot.
814 2971 848 3004 in
869 2972 896 3006 I.

118 3008 184 3054 47,
209 3010 288 3048 114.

1000 2001 1157 2034 cmxl.
1181 1998 1237 2034 24.
1272 2011 1383 2042 genere
1403 2020 1449 2028 ——
1472 2003 1632 2048 partibus]
1669 2002 1712 2036 de

928 2049 1060 2081 invent.
1085 2049 1109 2079 Ι.
1134 2047 1187 2089 10,
1209 2047 1272 2080 22:
1301 2050 1406 2080 Genus
1428 2055 1500 2088 est,
1527 2049 1618 2092 quod
1637 2049 1713 2093 plu-

928 2107 981 2127 res
998 2098 1107 2136 parles
1130 2093 1379 2137 complectitur,
1404 2101 1441 2126 ut
1459 2094 1593 2129 animal.
1628 2099 1714 2129 Pars

929 2148 1000 2178 est,
1029 2152 1113 2184 quae
1137 2139 1252 2172 subest
1273 2140 1408 2184 generi,
1435 2147 1471 2172 ut
1495 2153 1608 2185 equus.
1645 2141 1712 2174 Sed

928 2199 1029 2231 saepe
1051 2186 1170 2218 eadem
1192 2198 1243 2218 res
1267 2186 1323 2218 atii
1346 2198 1461 2230 genus,
1487 2188 1544 2220 alii
1565 2199 1641 2231 pars
1662 2195 1713 2221 est

930 2240 1010 2266 cett.
1069 2233 1122 2264 Cf.
1150 2232 1240 2264 infra
1262 2234 1320 2265 IV.
1345 2235 1386 2273 ό,
1412 2234 1462 2266 ll.
1483 2233 1515 2268 7.
1542 2233 1574 2267 9.
1598 2234 1650 2268 13.
1670 2236 1712 2267 V.

928 2281 982 2312 25.
1021 2278 1171 2311 Eandem
1187 2279 1255 2310 vim
1274 2278 1402 2311 habent
1416 2281 1538 2320 formae
1551 2291 1713 2321 generum,

929 2326 1059 2365 Fin.11‚
1082 2326 1115 2358 9.
1140 2332 1174 2357 et
1192 2324 1282 2357 alibi.
1319 2326 1498 2358 Nostrates
1519 2326 1632 2359 dicere
1652 2338 1713 2359 so-

928 2372 1002 2406 lent
1027 2374 1155 2413 species.

997 2429 1122 2474 citetur]
1142 2428 1290 2462 Verbum
1310 2431 1431 2462 citandi
1449 2429 1614 2474 significat
1633 2439 1714 2472 pro-

929 2487 1052 2508 vocare
1082 2482 1116 2508 et
1145 2475 1225 2508 alibi
1257 2488 1276 2508 a
1304 2476 1466 2508 Cicerone
1493 2475 1535 2507 de
1559 2474 1713 2518 personis

930 2529 1118 2566 usurpatur,
1140 2522 1205 2554 hoc
1224 2528 1338 2555 autem
1355 2522 1433 2555 loco
1453 2521 1497 2554 ad
1516 2532 1586 2554 rem
1603 2527 1715 2553 trans-

930 2568 1035 2601 latum
1062 2576 1124 2600 est.

1000 2631 1136 2676 opinati]
1163 2633 1203 2665 V.
1227 2631 1356 2665 Adnot.
1379 2629 1415 2662 in
1438 2641 1466 2662 c.
1490 2626 1551 2668 14,
1577 2628 1633 2663 30.
1680 2660 1683 2662 t

999 2696 1055 2728 25.
1080 2698 1233 2728 bonorum
1257 2696 1401 2736 opinione
1421 2693 1603 2735 turbantur]
1631 2693 1714 2725 Bre-

930 2741 1018 2774 viter
1039 2740 1168 2774 dictum
1191 2752 1273 2785 pro:
1308 2742 1480 2771 nascuntur
1497 2742 1623 2779 lamque
1647 2742 1714 2772 lur-

930 2790 1001 2821 bide
1013 2792 1188 2821 moventur.
1225 2784 1352 2818 Confer
1365 2784 1420 2816 1V.
1435 2784 1486 2822 15,
1503 2781 1567 2817 34:
1591 2795 1632 2816 ex
1649 2795 1714 2829 qua

934 2834 1147 2866 concitantur
1165 2829 1448 2876 perturbationeS,
1470 2829 1491 2861 i.
1506 2840 1535 2861 e.
1557 2829 1712 2864 oriuntur

933 2892 1008 2913 cum
1026 2879 1134 2911 turba.
1174 2876 1295 2920 Topic.
1309 2876 1442 2913 XXVI,
1463 2874 1530 2909 99:
1554 2875 1634 2909 huic
1653 2889 1712 2921 ge-

931 2925 1004 2958 neri
1016 2950 1027 2965 ,
1050 2925 1083 2957 in
1107 2934 1173 2968 quo
1199 2930 1235 2955 et
1254 2920 1494 2962 misericordia,
1520 2928 1555 2954 et
1575 2922 1710 2956 iracun-

932 2971 1009 3011 dia,
1048 2977 1083 3003 ει
1106 2969 1239 3009 odium,
1276 2975 1311 3001 et
1337 2967 1485 3008 invidia,
1522 2974 1557 3002 et
1579 2975 1713 3004 ceterae

933 3016 1034 3051 animi
1055 3015 1253 3049 affectiones
1272 3016 1506 3057 perturbantur.
