1859 3149
1016 45 1074 82 77.
1098 45 1154 82 78.
1625 40 1708 86 307

102 140 221 176 ceant
247 132 355 175 humi
391 140 433 175 et
460 131 759 183 tantummodo,
804 129 894 186 quia
921 128 1122 171 <sumenda
1152 127 1255 180 sint,
1300 127 1547 184 appellentur
1575 131 1704 188 bona3

102 208 182 251 alia
209 216 341 250 autem
364 208 432 250 illa
455 208 590 250 divina
616 207 732 262 longe
756 206 914 260 lateque
934 218 979 246 se
1001 204 1176 261 pandant
1198 203 1430 259 caelumque
1455 206 1703 263 contingant,

101 291 168 336 ut,
211 298 260 326 ea
291 283 357 339 qui
383 284 547 338 adeptus
582 282 660 334 sit,
705 295 776 322 cur
801 294 892 322 eum
917 279 1076 321 beatum
1102 278 1220 320 modo
1256 285 1296 320 et
1326 293 1408 321 non
1431 279 1704 325 beatissimum

103 359 227 401 etiam
250 358 452 400 dixerim?
481 356 672 399 Dolorem
697 369 796 398 vero
817 355 978 410 sapiens
1004 354 1258 396 extimescet.
1322 352 1364 396 Is
1383 355 1487 397 enim
1510 356 1600 400 huic
1622 373 1705 401 ma-

100 434 210 476 xime
232 433 457 476 sententiae
481 439 701 489 repugnat3
736 445 827 473 nam
852 437 991 472 contra
1010 437 1178 471 mortem
1202 437 1381 471 nostram
1405 437 1522 487 atque
1546 441 1704 476 nostro-

99 523 187 551 rum
210 517 429 565 contraque
449 507 739 564 aegritudinem
758 514 800 548 et
817 506 992 561 reliquas
1013 504 1133 546 animi
1153 504 1473 560 perturbationes
1493 509 1590 549 satis
1611 523 1702 552 esse

102 584 285 626 videmur
318 584 567 642 superiorum
602 583 754 624 dierum
787 580 1124 638 disputationibus,
1144 580 1285 622 armati
1317 588 1358 623 et
1391 582 1543 637 parati3
1591 584 1705 627 dolor

664 48 836 83 LIBER
860 48 902 82 V.
925 46 993 89 27,

100 673 192 702 esse
215 661 374 702 videtur
395 659 614 702 acerrimus
638 657 775 699 virtuti
799 657 1080 707 adversarius,
1115 656 1147 697 is
1170 656 1356 713 ardentes
1384 658 1492 699 faces
1515 659 1700 713 intentat,

99 735 134 778 is
162 736 463 787 fortitudinem,
512 733 824 791 magnitudinem
858 732 1002 783 animi,
1047 731 1276 788 patientiam
1321 745 1364 773 se
1408 732 1702 777 debilitaturum

98 812 294 864 minatur3
355 816 427 854 77.
471 810 560 852 huic
602 809 723 865 igitur
762 807 995 850 succumbet
1035 808 1188 858 virtus,
1247 807 1336 848 huic
1380 807 1497 850 beata
1544 811 1702 866 sapien-

926 882 1056 938 Quam
1089 883 1226 938 turpe!
1274 897 1297 924 o
1329 883 1380 924 dii
1413 883 1530 926 boni!
1580 884 1701 928 Pueri

99 959 325 1020 Spartiatae
352 977 433 1003 non
451 961 715 1017 ingemiscunt
745 959 957 1001 verberum
987 959 1123 999 dolore
1156 958 1307 999 laniati.

100 886 150 928 tis
190 893 231 928 et
260 886 481 940 constantis
511 885 586 927 viri
619 885 700 926 vita
731 884 861 925 cedet.

1371 958 1702 1003 Adolescentium

98 1051 244 1092 greges
275 1036 582 1079 Lacedaemone
614 1036 785 1078 vidimus
824 1034 898 1090 ipsi
943 1033 1164 1074 incredibili
1203 1034 1460 1075 contentione
1499 1043 1702 1079 certantes

99 1113 264 1168 pugnis,
312 1113 514 1165 calcibus,
549 1112 769 1167 unguibus,
814 1124 949 1151 morsu
981 1110 1176 1164 denique,
1222 1122 1339 1163 quum
1374 1111 1704 1154 exanimarentur

962 1183 1076 1238 Quae
1110 1184 1293 1226 barbaria
1318 1183 1433 1226 India
1456 1187 1609 1227 vastior
1635 1195 1704 1230 aut

98 1263 325 1318 agrestior?
386 1261 435 1305 In
466 1276 513 1305 ea
538 1270 667 1304 tamen
700 1269 818 1317 gente
848 1261 1013 1317 primum
1051 1259 1111 1309 ei,
1155 1261 1218 1315 qui
1254 1261 1456 1315 sapientes
1487 1262 1698 1317 habentur,

99 1338 191 1380 nudi
219 1346 389 1381 aetatem
416 1346 538 1395 agunt
564 1346 604 1380 et
629 1336 802 1379 Caucasi
828 1337 941 1378 nives
965 1336 1249 1389 hiemalemque
1275 1336 1354 1376 vim
1379 1338 1585 1391 perferunt
1615 1339 1702 1380 sine

99 1188 232 1244 prius,
274 1202 389 1244 quam
415 1188 544 1231 victos
575 1202 621 1229 se
659 1188 896 1228 faterentur.

97 1413 260 1466 dolore,
307 1428 504 1470 quumque
534 1414 581 1455 ad
618 1415 811 1454 {lammam
852 1426 895 1453 se
926 1411 1250 1467 applicaverunt,
1299 1410 1387 1451 sine
1423 1412 1571 1466 gemitu
1607 1414 1702 1454 adu-

97 1496 254 1531 runtur.
332 1495 404 1532 78.
437 1488 632 1531 Mulieres
669 1502 767 1530 vero
805 1488 845 1528 in
880 1485 1020 1537 India,
1068 1501 1186 1542 quum
1223 1493 1285 1527 est
1321 1486 1434 1527 cuius
1468 1501 1604 1529 earum
1639 1489 1703 1531 vir

96 1572 300 1617 mortuus,
334 1564 375 1606 in
399 1572 602 1606 certamen
625 1564 890 1618 iudiciumque
918 1563 1109 1613 veniunt,
1145 1576 1260 1617 quam
1285 1561 1493 1617 plurimum
1516 1563 1582 1604 ille
1606 1564 1703 1605 dile-

97 1640 230 1693 xerit3
270 1640 403 1696 plures
427 1640 532 1681 enim
552 1640 719 1696 singulis
741 1639 871 1680 solent
894 1652 983 1679 esse
1007 1646 1176 1694 nuptae3
1225 1650 1326 1692 quae
1351 1644 1414 1678 est
1436 1638 1584 1679 victrix
1599 1671 1610 1690 ,
1654 1652 1703 1680 ea

97 1715 217 1768 laeta,
242 1715 574 1772 prosequentibus
591 1715 690 1765 suis,
718 1728 796 1756 una
813 1729 901 1755 cum
919 1714 1005 1755 viro
1023 1714 1061 1754 in
1081 1709 1218 1767 rogum
1238 1712 1476 1768 imponitur3
1510 1713 1577 1754 illa
1594 1714 1700 1755 victa

103 1841 274 1875 Ciceronis
291 1842 393 1875 verba
406 1854 476 1876 non
491 1841 711 1886 negligenter,
736 1840 794 1873 sed
811 1852 886 1884 per·
923 1851 982 1883 per
1002 1839 1104 1872 habet
1124 1841 1288 1879 implicui,
1324 1837 1357 1870 in
1378 1839 1498 1883 partic.
1514 1847 1627 1873 autem
1649 1852 1704 1886 ap.

102 1887 275 1932 eleganter
299 1888 390 1922 dicta
416 1887 584 1920 videntur.
635 1888 721 1919 Nam
750 1887 783 1918 in
814 1886 886 1930 ipsa
924 1886 990 1917 Cic.
1016 1888 1209 1926 implicatus,
1234 1896 1358 1929 nunqu
1349 1897 1413 1922 im
1441 1893 1476 1918 ut
1496 1886 1585 1930 apud
1609 1886 1705 1929 alios,

102 1934 381 1979 interrogationis
399 1935 509 1967 forma
526 1945 675 1967 caussam
693 1932 792 1965 video
808 1944 886 1964 mu-

101 1986 193 2014 tatae
210 1980 382 2014 orationis.
419 1980 540 2014 Dicere
555 1980 662 2012 voluit
678 1979 815 2011 Cicero:
841 1983 886 2019 ut,

101 2037 140 2061 ea
164 2029 220 2069 qui
247 2029 383 2068 adeptus
413 2029 474 2068 sit,
509 2029 618 2059 beatus
651 2029 691 2058 sit
714 2027 888 2065 dicendus,-

102 2073 162 2106 sed
187 2073 300 2106 subito
321 2080 430 2106 mutat
460 2073 663 2106 senteutiam
686 2078 720 2104 et
744 2071 886 2115 amplius

101 2119 217 2152 addit:
235 2130 299 2152 cur
319 2129 391 2152 eum
413 2122 539 2152 beatum
558 2121 654 2152 modo
674 2123 702 2151 et
722 2129 784 2151 non
807 2121 885 2151 bea-

102 2168 260 2199 tissimum
282 2167 447 2199 dixerim?

170 2215 345 2246 aceri-imus
363 2214 474 2246 virtuti
497 2210 718 2255 adversarius]
745 2210 884 2244 Rariora

102 2265 180 2291 sunt
203 2258 376 2302 exempla
407 2259 440 2290 in
465 2258 584 2302 quibus
606 2257 744 2290 nomina
769 2259 886 2290 adver-

103 2308 221 2346 sarius,
238 2315 373 2346 amicus,
385 2307 535 2338 inimicus
550 2316 624 2337 cum
641 2303 809 2336 adiectivo
823 2315 885 2336 co-

102 2351 217 2395 pulata
226 2350 376 2383 dativum
385 2362 448 2394 pro
459 2362 534 2395 gen.
544 2350 739 2383 adiunctum
748 2350 885 2382 habent.

173 2396 228 2431 77.
250 2399 347 2430 Pueri
359 2398 559 2440 Spartiatae]
582 2399 689 2440 Supra
705 2399 746 2429 ΙΙ.
766 2394 818 2438 14,
831 2394 886 2430 34.

146 2442 340 2486 barbaria]
378 2443 551 2487 Significat
580 2450 726 2483 terram,
763 2442 798 2474 in
823 2453 888 2486 qua

107 2488 242 2522 barbari
261 2488 426 2521 habitant.

172 2538 228 2577 qui
261 2538 418 2576 sopientes
450 2535 618 2577 habentur]

107 2588 165 2614 aut
188 2580 517 2626 Gymnosophistae,
551 2580 632 2612 inde
655 2580 738 2613 dicti
753 2607 762 2622 ,
797 2580 889 2624 quod

104 2625 190 2660 nudi
204 2638 263 2669 per
293 2637 414 2669 opacos
431 2629 542 2660 Indiae
571 2629 755 2660 solitudines
783 2628 889 2668 perhi-

661 2534 888 2567 Brachmanae

45 2679 48 2683 '
107 2675 217 2706 Dentur
236 2675 477 2715 philosophari,
509 2680 546 2705 ut
568 2672 689 2706 Isidori
712 2680 786 2706 utar
809 2685 888 2706 ver-

106 2718 158 2752 bis
180 2719 270 2763 Orig.
291 2721 381 2752 Vlll.
407 2731 437 2752 c.
452 2720 486 2753 ὁ.

179 2766 331 2808 Caucasi]
355 2766 398 2798 V.
425 2765 551 2798 Adnot.
576 2763 611 2796 in
638 2766 680 2800 ll.
705 2764 771 2805 22,
797 2765 852 2798 52.

177 2813 433 2855 applicaverunt]
456 2811 512 2844 Sic
526 2817 619 2844 recte
631 2811 750 2855 optimi
768 2810 889 2849 codd.;

107 2854 163 2888 alii
177 2858 408 2896 applicuerunt.
438 2858 551 2890 Verba
570 2859 760 2899 applicandi
781 2865 815 2889 et
834 2867 891 2889 ea:-

70 2943 74 2949 ,
105 2903 253 2943 plicandi
285 2902 375 2946 apud
397 2903 592 2950 Ciceronem
621 2915 756 2947 semper
789 2910 822 2935 et
856 2902 891 2934 in

110 2947 200 2992 perf.
225 2953 260 2979 et
282 2947 316 2979 iu
340 2956 414 2991 sup'.
435 2956 620 2993 sequuntur
642 2950 786 2994 primam
808 2959 892 2992 quae

108 2992 233 3026 dicitur
256 2992 548 3038 coniugationem3
569 2994 632 3028 sed
652 2997 780 3036 implico
801 3005 894 3027 sem-

920 1934 1104 1973 implicitus.
1153 1932 1192 1963 V.
1225 1943 1287 1964 nos
1318 1932 1352 1964 in
1383 1932 1442 1964 Gi.
1457 1932 1498 1966 L.
1534 1935 1563 1979 ᾗ.
1577 1932 1644 1974 66,
1669 1935 1704 1968 5.

923 1991 956 2022 p.
970 1979 1013 2012 *s
1018 2004 1024 2010 .
1048 1977 1100 2009 ed.
1116 1978 1146 2010 '.'.

991 2024 1046 2058 78.
1067 2026 1213 2057 Mulieres
1228 2024 1318 2066 vero]
1344 2024 1408 2056 Per
1424 2024 1706 2068 anantapodoton

922 2082 1007 2115 pro:
1043 2075 1109 2103 tum
1131 2072 1297 2112 mulieres,
1332 2081 1530 2114 praegresso
1551 2075 1706 2113 primum.

925 2118 963 2149 V.
986 2116 1156 2149 Adnotata
1179 2117 1211 2148 in
1235 2117 1289 2148 IV.
1307 2116 1363 2156 35),
1388 2116 1443 2151 74.

989 2174 1088 2205 quum
1111 2167 1155 2195 est
1175 2164 1280 2206 cuius]
1310 2164 1358 2195 De
1376 2162 1582 2207 pronomine
1604 2166 1706 2205 cuius,

922 2209 1014 2254 quod
1046 2217 1098 2241 est
1119 2209 1209 2241 idem
1236 2210 1328 2249 fere,
1366 2209 1458 2254 quod
1481 2212 1636 2251 alicuius,
1672 2223 1706 2243 v.

921 2268 981 2289 nos
1001 2255 1035 2288 in
1057 2258 1116 2287 Gr.
1132 2256 1171 2287 L.
1192 2256 1222 2290 G.
1240 2258 1323 2295 124,
1342 2256 1374 2289 2.
1399 2268 1430 2300 p.
1445 2256 1508 2290 272

990 2305 1048 2334 illa
1069 2301 1168 2345 victa]
1190 2302 1283 2333 Haec
1301 2309 1351 2333 est
1375 2302 1525 2334 omnium
1545 2302 1707 2335 librorum

921 2348 1034 2381 lectio.
1083 2350 1144 2381 ma
1173 2347 1277 2391 igitur
1301 2348 1495 2389 collective,
1534 2356 1570 2380 ut
1601 2348 1705 2388 aiunt,

921 2393 1120 2427 sumendum
1142 2393 1296 2434 videtur,
1336 2401 1372 2426 ut
1391 2402 1524 2427 ceterae
1552 2394 1707 2426 mulieres

923 2441 1032 2474 victae
1054 2447 1214 2484 tanquam
1238 2452 1303 2472 una
1325 2448 1544 2485 opponantur
1564 2440 1619 2472 uni
1636 2451 1708 2472 mn-

922 2487 997 2519 lieri
1017 2486 1158 2519 victrici.
1194 2488 1384 2520 Pronomen
1405 2494 1517 2519 autem
1535 2489 1588 2519 ille
1608 2497 1709 2529 saepe

923 2533 957 2565 vi
979 2536 1028 2568 δε
1024 2534 1137 2578 aruo}
1158 2545 1229 2566 rem
1250 2540 1350 2565 antea
1374 2532 1508 2576 quidem
1529 2544 1598 2565 non
1617 2543 1709 2564 com-

924 2587 1165 2620 memoratam,
1201 2579 1262 2612 sed
1287 2586 1423 2618 notam,
1459 2579 1520 2610 sed
1543 2578 1709 2621 insignem

924 2633 1026 2670 atque
1045 2626 1209 2658 illustrem
1226 2624 1365 2657 indicat.
1403 2625 1502 2657 Hunc
1521 2636 1614 2656 usum
1635 2623 1709 2667 plu-

925 2673 1018 2705 ribus
1053 2674 1187 2706 Orellius
1223 2670 1405 2703 illustravit
1440 2670 1622 2713 exemplis,
1671 2675 1710 2702 ut

927 2719 998 2751 Cic.
1019 2721 1110 2751 Orat.
1130 2720 1154 2757 l,
1170 2716 1208 2750 4:
1251 2715 1372 2759 quodsi
1389 2728 1488 2760 quem
1511 2723 1569 2748 aut
1590 2723 1710 2749 natura

926 2777 984 2797 sua
1010 2772 1067 2797 aut
1089 2766 1146 2797 illa
1169 2761 1373 2817 praestantis
1395 2762 1519 2806 ingenii
1550 2762 1599 2794 vis
1619 2762 1711 2795 forte

935 2810 1071 2843 deficiet
1094 2811 1224 2853 ginyem'i
1246 2811 1297 2841 vis
1318 2819 1386 2840 non
1406 2815 1479 2841 erat
1502 2820 1711 2841 commemo-

927 2865 1019 2896 rata,
1057 2867 1158 2899 ergo:
1198 2866 1276 2895 Jeue
1311 2854 1590 2897 ausgezeichnete
1625 2854 1710 2888 Gei-

927 2902 1117 2943 steskraft).
1176 2900 1288 2934 Tacit.
1323 2901 1438 2934 Germ
1469 2913 1497 2933 c.
1521 2899 1581 2934 14:
1620 2904 1713 2935 illum

927 2948 1129 2981 bellatorem
1161 2957 1302 2990 equum,
1338 2949 1432 2980 illam
1463 2954 1635 2981 cruentam
1658 2948 1713 2981 vi-

929 2994 1135 3038 ctricemque
1159 2992 1335 3025 frameam.

1269 3050 1370 3091 20*
