1859 3149
650 63 821 98 Lmen
845 63 904 97 Ν.
929 59 996 106 23,
1020 60 1076 97 52
1579 50 1665 97 249

64 147 141 191 hoc
168 144 399 191 Stoicorum
429 159 571 189 verum
603 159 694 188 esse
726 144 966 198 declaravit,
1009 156 1211 199 nunquam
1244 141 1442 198 privatum
1475 155 1567 184 esse
1599 157 1664 185 sa-

64 222 263 281 pientem,
294 223 422 265 iratus
439 221 599 265 videtur
620 220 744 262 fuisse
769 219 838 262 Ti.
867 218 1053 261 Graccho
1072 226 1152 260 tum
1168 251 1180 272 ,
1213 233 1332 275 quum
1353 217 1555 260 consulem
1580 218 1666 259 lan-

63 304 251 355 guentem
276 296 438 353 reliquit
456 303 575 352 atque
597 295 683 352 ipse
710 295 911 352 privatus,
946 301 988 335 ut
1011 295 1045 336 si
1070 294 1211 336 consul
1235 300 1368 347 esset,
1401 292 1466 349 qui
1489 306 1574 334 rem
1595 307 1666 348 pu-

62 372 207 416 blicam
228 371 381 415 salvam
408 385 500 414 esse
521 370 670 422 vellet,
703 383 747 412 se
773 369 886 425 sequi
911 369 1043 410 iussit.
1107 376 1178 410 52.
1210 367 1364 410 'Nescio
1381 401 1392 421 ,
1426 368 1566 424 ecquid
1591 368 1668 424 ipsi

64 461 140 491 nos
158 447 321 490 Fortiter
343 447 386 489 in
408 461 454 489 re
479 445 633 504 publica
659 445 899 497 fecerimu33
945 444 980 486 si
1002 444 1092 500 quid
1119 444 1310 496 fecimus,
1344 451 1454 486 certe
1474 443 1565 485 irati
1586 458 1669 485 nou

64 522 245 566 fecimus.
305 521 375 565 An
399 529 459 565 est
480 522 689 578 quicquam
710 521 878 563 similius
902 520 1084 562 insaniae
1099 551 1110 572 ,
1155 533 1272 575 quam
1296 519 1382 560 ira?
1424 533 1537 574 quam
1566 519 1668 561 bene

65 596 223 641 Ennius
242 599 409 641 initium
430 598 531 640 dixit
548 598 766 640 insaniae.
830 594 981 647 Color,
1028 610 1137 647 vox,
1183 594 1315 646 oculi,
1362 594 1551 650 spiritus,
1596 594 1670 636 im-

66 674 243 730 potentia
273 674 467 716 dictorum
501 687 548 715 ac
581 675 774 714 factorum
807 685 921 728 quam
953 678 1104 727 partem
1137 671 1283 712 habent
1313 670 1521 712 sanitatis?
1578 669 1671 726 quid

65 747 225 791 Achille
245 748 463 791 Homerico
484 749 653 801 foedius,
688 748 780 804 quid
806 747 1111 804 Agamemnone
1133 747 1174 788 in
1197 746 1357 802 iurgio?
1387 760 1479 787 nam
1500 745 1671 787 Aiacem

69 824 225 880 quidem
256 824 317 866 ira
353 824 403 866 ad
434 825 611 866 furorem
643 831 890 879 mortemque
923 823 1127 880 perduxit.
1198 820 1293 863 Nou
1325 821 1446 877 igitur
1471 820 1673 862 desiderat

67 899 256 942 fortitudo
281 900 515 942 advocatam
537 900 810 952 iracundiam3
855 898 953 941 satis
981 905 1042 940 est
1067 898 1260 939 instructa
1276 929 1287 949 ,
1322 903 1483 954 parata,
1518 903 1673 937 armata

68 988 142 1031 per
174 988 283 1017 sese.
343 974 450 1017 Nam
481 975 558 1017 isto
593 975 710 1017 modo
733 975 889 1031 quidem
910 974 1015 1019 licet
1048 974 1207 1024 dicere,
1255 972 1389 1014 utilem
1412 971 1672 1013 vinolentiam

69 1049 120 1091 ad
143 1050 438 1102 fortitudinem,
486 1050 623 1092 utilem
658 1051 776 1092 etiam
816 1048 1079 1100 dementiam,
1126 1048 1230 1104 quod
1264 1055 1304 1089 et
1338 1048 1469 1090 insani
1500 1054 1540 1089 et
1574 1047 1675 1088 ebrii

69 1124 192 1167 multa
221 1126 373 1168 faciunt
399 1140 521 1183 saepe
543 1126 836 1168 vehementius.

69 1205 203 1242 tamen
231 1200 273 1242 in
305 1202 465 1244 furore:

185 1277 286 1333 Nam
304 1278 473 1332 sciemus
491 1278 599 1332 fecit
624 1277 841 1317 maxumum
857 1308 867 1325 ,

186 1353 384 1395 Summam
413 1367 502 1393 rem·
519 1353 687 1408 perfecit
712 1366 826 1392 manu
841 1383 851 1400 ‚

73 1486 240 1518 constituta
264 1487 336 1524 sint,
359 1487 403 1518 da
424 1485 628 1529 sestgestellt
643 1485 699 1521 isti
722 1493 856 1529 tempo-

73 1529 151 1563 ralis
163 1531 351 1564 enuntiatio
364 1534 474 1576 (quum
485 1535 651 1565 constituta
665 1537 748 1573 sunt,
765 1543 857 1565 werin

73 1576 278 1621 festgestellt
298 1577 353 1621 ist)
365 1579 376 1618 ',
398 1590 483 1622 quae
502 1579 656 1622 sequenti
677 1578 858 1623 temporali

76 1627 143 1656 lum
163 1622 390 1667 significatur,
416 1625 580 1657 elicienda
606 1632 665 1657 est.
710 1627 858 1657 Senten-

76 1669 146 1702 tiae
160 1669 208 1702 ita
224 1681 260 1703 se
274 1670 463 1715 excipiunt:
489 1671 589 1703 Nulla
608 1671 776 1705 fortitudo
795 1678 856 1709 est,

77 1727 163 1760 quae
184 1716 321 1750 rationis
341 1723 392 1751 est
411 1729 541 1762 expers·
575 1719 663 1750 Nam
683 1730 761 1749 vera
783 1718 859 1749 for-

75 1761 187 1795 titudo
213 1762 360 1797 cernitur
385 1763 420 1796 in
447 1775 508 1803 eo,
545 1770 582 1796 ut
604 1776 657 1797 res
690 1763 857 1796 humanae

77 1815 356 1850 contemnantur,
390 1821 481 1843 mors
502 1811 708 1854 negligatur,
737 1818 770 1842 et
791 1810 859 1842 do-

75 1853 165 1887 lores
179 1862 214 1888 et
228 1855 362 1889 labores
383 1856 536 1900 patibiles
558 1864 728 1900 putentur.
754 1858 858 1895 Quum

79 1901 150 1945 (da)
176 1901 278 1945 igitur
298 1903 361 1936 hae
384 1915 436 1935 res
459 1915 478 1935 a
500 1902 630 1935 ratione
652 1903 859 1943 proficiscan-

77 1950 130 1980 tur
147 1954 248 1992 atque
266 1948 313 1981 ita
332 1949 456 1982 iudicio
478 1956 579 1993 atque
598 1947 767 1980 sententia
786 1958 860 1980 con-

76 1995 204 2026 stitutae
224 1997 308 2036 sint,
341 1995 510 2039 sequitur,
536 1994 771 2026 fortitudinem
793 1998 860 2025 lum

79 2050 152 2072 &ese
182 2040 355 2073 robustam
374 2048 408 2073 et
429 2040 605 2079 stabilem,
639 2050 736 2081 quum
759 2051 777 2071 a
802 2051 860 2071 ra—

78 2084 174 2118 tione
195 2088 407 2128 proficiscilur
425 2093 526 2130 atque
547 2086 596 2119 ita
612 2086 738 2118 iudicio
759 2092 860 2129 atque

83 2131 253 2164 sententia
277 2136 445 2165 constituta
469 2137 523 2166 est.

150 2180 214 2210 nisi
234 2179 326 2221 forle]
350 2179 423 2211 Hae
439 2178 623 2223 particulae
640 2190 713 2211 cum
734 2177 862 2210 ironiae

82 2224 226 2267 quadam
249 2223 283 2256 vi
304 2232 475 2269 ponuntur
500 2232 536 2257 et
568 2237 641 2258 cum
676 2224 861 2256 indicativo

81 2268 275 2313 iunguntur.
335 2272 376 2304 V.
412 2283 473 2304 nos
506 2271 541 2304 in
572 2272 613 2304 L.
642 2271 700 2303 Gr.
731 2271 761 2314 §-
786 2268 861 2304 154.

85 2316 232 2350 Nohl-3.
251 2328 285 2361 p.
300 2314 377 2350 421.
401 2317 454 2350 ed.
467 2317 500 2352 2.
533 2324 568 2350 et
592 2320 693 2350 Kritz.
717 2316 761 2348 ad
781 2315 860 2348 Sall.

86 2361 160 2394 Cat.
174 2362 266 2402 XX,
289 2362 339 2398 17.
361 2365 483 2408 p.105.
521 2364 577 2397 Sic
597 2376 651 2408 ap.
665 2364 813 2396 Graecos
834 2361 865 2396 εἰ

86 2406 136 2452 μή
160 2404 228 2451 ἄρα
252 2421 280 2441 c.
300 2409 391 2451 ind„
419 2417 455 2442 ut
472 2411 563 2442 Xen.
587 2410 816 2442 Commentar.
837 2409 864 2440 I.

84 2455 118 2493 2,
137 2453 180 2488 8:
212 2454 301 2494 Πῶς
321 2451 361 2490 ἂν
384 2449 441 2490 οὖν
462 2453 481 2492 ὅ
504 2457 655 2495 τοιοῦτος
677 2452 763 2497 ἀνὴρ
785 2458 864 2490 δια-

85 2500 220 2544 φθείροι
232 2499 313 2541 τοὺς
325 2501 439 2542 νέουςς
461 2501 492 2536 εἰ
508 2501 555 2546 μή
575 2499 643 2545 ἄρα
658 2500 682 2545 ’ἢ
700 2502 764 2545 τῆς
781 2497 863 2543 ἀρε-

85 2547 151 2590 τῆς
181 2546 358 2591 ἐπιμέλεια
392 2547 564 2593 διαφὲερά
596 2548 708 2583 dorm:
748 2547 805 2579 ubi
832 2559 863 2578 v.

87 2592 261 2626 Adnotata
284 2602 409 2627 nostra.

154 2639 310 2685 animose]
345 2641 401 2674 Sic
423 2640 520 2674 Offic.
543 2642 568 2673 Ι.
589 2639 652 2681 26,
671 2638 735 2673 92:
772 2639 867 2671 Haec

87 2686 296 2730 praescripta
327 2695 519 2720 servantem
555 2687 638 2720 licet
678 2685 865 2729 magnifice,

87 2730 235 2775 graviter
253 2735 452 2776 animoseque
473 2733 587 2766 vivere
608 2733 655 2777 (h.
668 2744 697 2765 e.
717 2732 867 2771 fortiter,

93 2776 186 2809 omni
215 2777 372 2822 deposito
406 2780 525 2822 metu).
560 2779 603 2812 de
627 2781 760 2811 Senect.
782 2778 866 2819 XX,

93 2820 158 2855 72:
190 2823 240 2856 Ex
262 2835 329 2868 quo
348 2825 407 2866 fit,
432 2832 470 2858 ut
492 2828 666 2859 animosior
687 2824 788 2857 etiam
811 2835 868 2856 se·-

93 2873 211 2918 nectus
231 2869 295 2910 sit,
328 2882 429 2915 quam
450 2871 696 2913 adolescentia,
732 2877 768 2903 et
791 2869 870 2902 for-

93 2917 173 2945 uor.
221 2914 274 2948 cf.
292 2915 337 2949 ad
356 2919 416 2950 ΠΙ.
431 2917 473 2951 21
489 2943 497 2957 ,
522 2918 578 2951 51.

163 2959 222 2992 1⁸⁰⁰
241 2962 432 3007 Stoicorum]
457 2963 564 2996 Stoici
586 2962 675 2995 euim
700 2961 871 3004 dicebant,

99 3002 208 3037 solum
223 3006 406 3051 sapientem
417 3020 490 3041 esse
501 3020 615 3052 regem
629 3008 741 3051 (Diog.
755 3009 870 3040 Laert.

901 1122 1072 1181 Semper
1107 1123 1220 1165 Aiax
1247 1124 1387 1175 fortis,
1432 1123 1673 1164 fortissimus

903 1292 1016 1330 quum
1032 1308 1042 1324 ,
1078 1279 1229 1316 Dc'mais
1260 1275 1553 1323 zbzele'mzntehus,

886 1354 1064 1391 restituit
1085 1353 1275 1404 proelium
1308 1353 1520 1390 z'nsciru'eas.

891 1486 974 1524 VII,
1000 1484 1085 1528 12⁴2.)
1124 1491 1225 1529 atque
1261 1482 1451 1523 consulem,
1495 1481 1676 1526 magistra-

892 1539 964 1564 tum
988 1538 1067 1563 cett.

959 1580 1116 1611 consulem
1144 1575 1358 1619 lunyuen‘em]
1398 1574 1546 1607 Mucium
1572 1576 1677 1607 Scae-

892 1624 1024 1662 volam,
1059 1623 1114 1667 qui
1138 1623 1169 1655 h.
1194 1622 1215 1654 l.
1241 1622 1365 1654 dicitur
1387 1623 1561 1662 languens,
1586 1622 1675 1665 quia,

894 1683 994 1715 quum
1016 1670 1056 1702 ab
1079 1680 1118 1701 eo
1139 1668 1253 1713 Scipio
1268 1667 1400 1703 Nasica,
1424 1667 1580 1711 pontisex
1602 1679 1677 1699 rna-

894 1717 1012 1755 ximus,
1038 1722 1179 1759 peteret,
1208 1722 1243 1746 ut
1262 1726 1361 1758 opem
1381 1714 1485 1745 ferret
1502 1713 1549 1745 rei
1562 1714 1678 1757 publi-

894 1776 952 1796 cae
979 1770 1014 1795 et
1037 1762 1089 1795 Ti.
1115 1761 1304 1794 Gracchum
1327 1759 1553 1799 interficeret,
1581 1760 1679 1792 dice-

893 1810 974 1847 bat,
1007 1820 1042 1840 se
1066 1808 1148 1839 nihil
1171 1807 1202 1838 vi
1229 1818 1299 1838 esse
1326 1813 1486 1838 acturum.
1509 1806 1594 1838 Plut.
1618 1806 1677 1839 vit.

892 1855 970 1889 Tib.
987 1854 1131 1886 Gracchi
1149 1853 1198 1886 19.
1224 1854 1299 1893 Quo
1313 1851 1417 1890 dicto,
1434 1851 1558 1895 Scipio,
1574 1863 1679 1896 quan-

895 1913 993 1944 quam
1017 1912 1082 1932 uon
1103 1899 1218 1931 consul
1237 1905 1327 1930 erat:
1357 1900 1418 1938 Qui
1431 1909 1496 1930 rem
1516 1901 1679 1939 publicam

893 1950 1018 1980 salvam
1041 1956 1105 1978 esse
1126 1947 1212 1986 vult,
1249 1943 1468 1979 exclamavit,
1494 1955 1542 1977 me
1565 1955 1680 1986 sequa-

894 1998 954 2026 tur.
1008 1994 1102 2025 Haec
1124 1992 1234 2024 forma
1256 1991 1340 2029 fuit,
1366 2002 1431 2034 qua
1453 1991 1622 2023 Romanos
1644 1992 1680 2024 in

895 2039 1040 2071 tumultu
1076 2038 1131 2070 vel
1166 2037 1233 2070 alio
1270 2037 1450 2081 repentino
1489 2049 1566 2069 casu
1604 2049 1679 2070 usos

897 2085 1000 2118 fuisse
1018 2091 1162 2117 testatur
1180 2083 1314 2116 Servius
1332 2082 1376 2115 ad
1392 2086 1476 2115 Aen.
1490 2084 1573 2124 VII,
1599 2081 1680 2117 514.

898 2133 974 2165 vul
989 2158 998 2173 ,
1024 2133 1052 2165 1.

966 2181 1020 2220 qui
1040 2188 1104 2210 rem
1122 2175 1299 2220 publicam]
1326 2174 1406 2208 Scil.
1422 2187 1508 2208 enm.
1538 2175 1616 2208 Yid.
1638 2175 1682 2209 ad

897 2225 938 2257 V.
964 2225 1004 2263 Τ,
1027 2225 1092 2257 20:
1116 2225 1298 2264 praemium
1320 2225 1504 2263 proposuit,
1529 2225 1593 2264 qui.

968 2272 1022 2303 52.
1048 2272 1178 2309 Nescio,
1204 2268 1330 2312 ecquid]
1358 2269 1398 2299 V.
1420 2268 1464 2300 ad
1485 2270 1542 2301 III.
1563 2274 1605 2308 ὅ,
1628 2267 1680 2302 16.

967 2319 1001 2349 in
1026 2316 1143 2358 iuryiol
1172 2315 1272 2347 Hom.
1300 2313 1394 2346 Iliad.
1420 2316 1446 2346 Ι.
1473 2315 1535 2348 122
1548 2326 1620 2358 sqq.

967 2373 1044 2395 nam
1069 2365 1197 2394 Aiacem
1228 2362 1370 2403 quidem]
1413 2361 1466 2393 De
1497 2361 1605 2393 Aiacis
1634 2360 1683 2392 ira

899 2408 983 2441 nihil
1018 2408 1138 2440 dicam.
1199 2408 1307 2447 Quam
1341 2406 1445 2439 foeda
1477 2407 1534 2439 illa
1569 2406 1682 2443 fuerit,

901 2461 1035 2488 constat
1066 2454 1156 2486 inter
1189 2465 1325 2491 omnes3
1361 2464 1440 2484 nam
1465 2453 1512 2484 ira
1542 2464 1615 2483 eum
1639 2451 1684 2484 ad

900 2502 1051 2533 furorem
1064 2508 1277 2543 mortemque
1292 2498 1459 2544 perduxit.
1497 2498 1578 2530 Aiax
1595 2497 1684 2529 enim

899 2547 1025 2588 iratus,
1053 2546 1145 2590 quod
1165 2545 1304 2578 Achillis
1326 2556 1417 2577 arma
1438 2544 1526 2576 Ulixi
1549 2543 1684 2576 adiudi-

902 2600 976 2626 cata
1012 2599 1145 2629 essent,
1178 2591 1299 2635 *gladio
1335 2591 1408 2633 ipse
1443 2590 1507 2621 sibi
1540 2596 1685 2622 mortem

903 2639 1078 2672 conscivit.
1118 2638 1170 2670 Cf.
1193 2638 1311 2681 OdysS.
1332 2637 1396 2673 XI,
1419 2634 1497 2668 542.
1520 2635 1597 2668 563.
1633 2637 1685 2668 De

902 2686 1054 2730 elliptico
1071 2683 1254 2729 particulae
1274 2693 1351 2715 nam
1372 2693 1432 2713 usu
1453 2681 1497 2713 cf.
1515 2693 1544 2712 c.
1559 2680 1614 2721 33,
1629 2682 1684 2716 72.

903 2739 938 2765 et
962 2731 1005 2764 ad
1031 2733 1056 2763 Ι.
1082 2731 1122 2769 6,
1152 2731 1205 2763 11.

972 2781 1055 2811 Nam
1077 2776 1216 2817 facinus]
1243 2775 1328 2805 Sunt
1345 2771 1478 2804 iambici
1498 2773 1697 2807 tetrametff

904 2822 1101 2863 acatalecti,
1126 2833 1166 2853 ex
1187 2819 1317 2862 tragico
1340 2818 1500 2863 (fortasse
1522 2819 1682 2864 Pacuvio)

904 2870 1016 2915 petiti.

974 2916 1098 2948 Danais
1112 2911 1351 2953 inclinantibus]
1376 2921 1477 2953 quum
1493 2909 1685 2946 incendium

905 2974 925 2995 a
952 2961 1090 2993 navibus
1125 2956 1247 2989 avertit
1283 2955 1419 3000 vimque
1445 2956 1593 2990 hostium
1625 2971 1685 2992 re-

906 3006 1039 3052 pressit.
1062 3004 1102 3038 11.
1120 3004 1199 3035 XV.
1222 3002 1283 3035 sub
1306 3001 1418 3035 finem.
1465 3006 1606 3038 Neidius.
