1859 3117
0 2388 3 2394 .
0 2194 8 2349 .V„-—-⁷*
0 2143 13 2171 -ῥ
0 2102 14 2126 vj
0 2059 2 2078 —
0 2015 7 2023 .=

1570 33 1648 75 111

63 139 162 183 quae
188 125 294 177 dico,
316 124 411 166 mihi
430 124 569 166 liceret
587 121 786 163 invenire.
834 120 994 176 Quanta
1013 122 1276 164 delectatione
1298 130 1430 164 autem
1452 123 1650 175 afficerer,

566 41 733 75 Lmen
759 42 784 75 1.
808 41 874 84 41,
898 39 954 76 99.
978 41 1042 84 42,
1070 42 1143 76 100.

62 215 179 257 quum
203 198 482 249 Palamedem,
530 211 647 252 quum
672 195 866 247 Aiacem,
909 212 1026 252 quum
1057 197 1181 250 alios,
1224 197 1368 239 iudicio
1404 197 1539 253 iniquo
1576 198 1654 239 cir-

63 281 310 326 cumventos‚
335 272 619 314 convenirem!
666 270 886 312 Tentarem
915 272 1033 312 ctiam
1059 272 1199 313 summi
1215 272 1338 328 regis,
1373 273 1439 328 qui
1460 273 1655 316 maximas

61 349 195 406 copias
219 348 332 390 duxit
352 348 400 389 ad
419 347 608 398 Troiam,
644 353 684 387 et
707 344 819 388 Ulixi
841 344 1080 401 Sisyphique
1099 347 1342 402 prudentiam
1357 379 1368 399 ‚
1403 362 1476 389 nec
1496 348 1545 389 ob
1567 362 1655 390 eam

61 438 170 475 rem,
205 437 322 478 quum
349 423 447 464 haec
470 422 746 477 exquirerem,
792 420 896 462 sicut
919 420 981 460 hic
1006 421 1197 462 faciebam
1215 454 1226 474 ‚
1274 422 1402 478 capite
1425 423 1652 465 damnarer.

62 497 129 540 Ne
150 512 223 540 vos
247 497 429 554 quidem,
462 497 638 548 iudices,
673 496 726 547 ii,
759 496 825 551 qui
856 509 918 536 me
943 494 1196 546 absolvistis,
1231 504 1397 539 mortem
1426 498 1652 540 timueritis.

61 579 133 615 99.
166 571 257 615 Nec
278 572 383 614 enim
405 572 583 627 cuiquam
610 571 715 612 bono
740 571 830 612 mali
855 570 1062 625 quicquam
1087 570 1249 611 evenire
1270 579 1416 627 potest,
1450 587 1524 615 nec
1543 573 1654 628 vivo,

63 662 137 690 nec
171 655 350 690 mortuo:
391 661 464 688 nec
497 659 666 701 unquam
700 646 784 687 eius
818 659 882 687 res
918 660 941 687 a
967 645 1040 686 diis
1071 645 1357 687 immortalibus
1385 648 1653 703 negligentur,

64 736 139 764 nec
161 722 252 763 mihi
274 721 348 779 ipsi
373 722 446 763 boc
468 721 611 763 accidit
636 721 813 762 fortuito.
875 719 965 761 Nec
987 734 1085 761 vero
1109 735 1182 776 ego
1205 720 1252 762 iis
1270 753 1280 773 ‚
1328 736 1350 762 a
1372 722 1512 777 quibus
1540 738 1657 765 accu-

63 804 173 838 satus
199 804 266 838 aut
292 811 314 838 a
340 797 478 852 quibus
501 797 785 838 condemnatus
811 810 923 846 sum,
968 794 1092 836 habeo
1122 796 1225 851 quod
1248 811 1532 849 succenseam,
1580 798 1657 840 nisi

63 872 165 927 quod
186 871 278 913 mihi
299 886 444 913 nocere
471 885 514 913 se
538 871 846 914 crediderunt.“
889 869 944 911 Et
965 869 1062 911 baec
1083 871 1239 926 quidem
1264 872 1337 913 hoc
1360 873 1493 915 modo.
1545 872 1659 916 Nihil

62 953 192 988 autem
218 946 356 987 melius
382 953 587 988 extremo:
624 944 743 998 „Sed
762 954 912 1002 tempus
939 952 1015 997 est,
1049 946 1191 1001 inquit,
1226 948 1304 988 iam
1329 948 1419 989 hinc
1441 949 1550 991 abire
1574 963 1655 1002 me,

64 1027 108 1062 ut
128 1021 299 1073 moriar3
331 1035 430 1073 vos,
464 1029 508 1062 ut
530 1021 648 1062 vitam
674 1021 815 1076 agatis.
879 1019 1020 1062 Utrum
1048 1029 1179 1062 autem
1209 1022 1261 1063 sit
1283 1024 1448 1076 melius,
1496 1024 1550 1066 dii
1583 1025 1656 1066 im-

64 1096 250 1138 mortales
282 1096 437 1148 sciunt3
472 1096 667 1137 hominem
701 1096 856 1150 quidem
889 1096 992 1137 scire
1024 1097 1197 1138 arbitror
1227 1098 1480 1139 nemiuem.“

174 1168 314 1211 XLII.
347 1169 440 1211 Nae
462 1184 534 1225 ego
558 1170 659 1210 baud
690 1170 819 1224 paullo
851 1171 953 1212 hunc
983 1172 1154 1213 animum
1178 1172 1336 1224 malim,
1381 1188 1496 1228 quam
1518 1188 1656 1215 eorum

62 1245 235 1287 omnium
264 1246 465 1296 fortunas,
511 1244 576 1299 qui
604 1244 650 1285 de
673 1244 746 1285 boc
770 1244 1070 1287 iudicaverunt:
1106 1247 1209 1299 etsi,
1255 1248 1356 1302 quod
1380 1256 1537 1303 praeter
1560 1249 1656 1291 deos

62 1326 181 1376 negat
207 1319 311 1361 scire
345 1333 591 1374 quenquam,
637 1319 675 1360 id
711 1319 786 1361 scit
816 1319 926 1374 ipse,
971 1327 1100 1361 utrum
1138 1322 1190 1362 sit
1221 1322 1388 1374 melius;
1432 1337 1522 1364 nam
1556 1324 1657 1365 dixit

57 1401 177 1446 ,ante3
209 1394 278 1436 sed
297 1408 410 1436 suum
434 1394 543 1447 illud,
570 1394 665 1436 nihil
688 1401 728 1435 ut
747 1395 927 1447 affirmet,
952 1402 1062 1438 tenet
1084 1397 1131 1438 ad
1147 1404 1388 1439 extremum.
1433 1403 1531 1440 100.
1563 1397 1655 1440 Nos

63 1475 194 1511 autem
220 1476 449 1521 teneamus,
493 1477 536 1510 ut
559 1469 654 1510 nibil
678 1483 911 1511 censeamus
940 1485 1030 1512 esse
1056 1471 1224 1523 malum,
1266 1473 1368 1527 quod
1393 1473 1444 1513 sit
1466 1488 1489 1514 a
1515 1480 1657 1515 natura

63 1543 192 1586 datum
213 1544 411 1596 omnibus,
436 1544 794 1600 intelligamusque,
826 1545 859 1586 si
881 1560 988 1587 mors
1009 1547 1152 1588 malum
1173 1547 1240 1599 sit,
1264 1560 1353 1588 csse
1373 1547 1658 1604 sempiternum

61 1619 218 1661 malum.
262 1618 370 1661 Nam
386 1619 492 1662 vitae
510 1620 678 1661 miserae
695 1634 802 1661 mors
822 1620 909 1662 linis
928 1635 1017 1662 esse
1031 1622 1210 1674 videtur3
1239 1636 1346 1663 mors
1364 1622 1397 1663 si
1414 1630 1476 1664 est
1492 1623 1653 1676 misera,

64 1725 104 1766 2,
128 1723 171 1760 4:
198 1727 256 1760 illa
278 1734 410 1768 autem,
436 1740 520 1772 quae
543 1739 575 1762 se
600 1728 667 1760 eius
692 1731 842 1761 imilatri-

65 1783 129 1807 cem
153 1783 217 1806 esse
237 1776 314 1807 vult.
354 1774 409 1813 27,
427 1773 491 1808 64:
519 1786 618 1818 quum
644 1785 674 1807 se
696 1774 728 1806 in
749 1775 841 1806 luctu

64 1828 127 1852 esse
144 1821 263 1852 vellent.
299 1820 364 1852 Res
384 1820 465 1852 mihi
484 1819 533 1852 sic
552 1833 624 1852 sese
644 1820 768 1852 habere
788 1820 843 1851 vi-

877 1730 1062 1774 ptolemum
1083 1730 1115 1763 in
1137 1730 1283 1763 iudicum
1304 1742 1443 1763 numero
1458 1731 1655 1775 appellaret,

877 1776 936 1808 sed
953 1777 1053 1808 etiam
1070 1777 1111 1808 ob
1131 1788 1203 1808 eam
1220 1788 1299 1815 rem,
1323 1776 1414 1819 quod
1427 1777 1656 1820 Triptolemus

878 1834 936 1854 rex
957 1822 1151 1853 iustissimus
1171 1822 1290 1859 fuerat.
1317 1821 1363 1852 uti
1384 1830 1523 1865 apparet
1542 1835 1559 1855 e
1575 1823 1656 1856 Pla-

65 1863 180 1897 detur:
203 1865 270 1897 Ubi
287 1877 355 1898 acc.
371 1878 398 1898 c.
413 1865 474 1898 inf.
490 1866 636 1909 ponitur,
657 1866 842 1898 subiectum

66 1916 101 1942 et
116 1909 295 1943 infinitivus
313 1911 346 1944 in
370 1923 469 1943 unum
492 1912 667 1944 coniuncta
687 1912 843 1954 cogitan-

65 1961 121 1988 tur
136 1963 170 1988 et
181 1962 339 2000 tanquam
353 1969 451 1989 unum
467 1957 634 1989 obiectum
652 1957 693 1988 ad
709 1957 843 1988 verbum

70 2013 187 2044 regens
219 2002 432 2041 reseruntur3
471 2003 526 2034 ubi
555 2008 666 2034 antem
700 2013 790 2034 nom.
814 2013 841 2033 c.

69 2046 131 2079 inf.
156 2047 310 2090 ponitur,
348 2059 510 2090 persona,
547 2059 631 2091 quae
652 2047 743 2086 vult,
775 2059 843 2079 non

68 2098 228 2136 tanquam
259 2092 427 2124 obiectum
458 2092 530 2136 ipsa
561 2092 623 2125 sibi
648 2093 841 2136 opponitur.

68 2139 119 2169 Ita
137 2137 186 2177 fit,
212 2144 248 2169 ut
268 2137 325 2170 illa
343 2144 509 2170 structura
527 2138 710 2170 subiectum
730 2138 843 2171 infini-

68 2182 130 2215 tivi
150 2182 276 2215 maiore
297 2183 329 2215 vi
351 2183 528 2222 efferatum
554 2184 616 2216 hac
639 2191 756 2216 contra
777 2196 840 2217 vo-

68 2227 178 2260 luntas
198 2240 361 2272 personae
382 2229 512 2273 gravius
536 2229 750 2273 significetur.
793 2232 841 2263 Ex

67 2273 183 2306 eadem
204 2286 316 2307 caussa
338 2275 437 2308 facile
457 2275 663 2319 intelligitur,
691 2288 759 2316 cur,
785 2276 840 2309 ubi

67 2319 234 2353 adiectivo
255 2320 498 2354 substantivum
522 2321 673 2354 additum
694 2330 756 2363 est,
781 2334 841 2355 ac-

68 2365 232 2398 cusativus
270 2378 297 2398 c.
330 2365 391 2399 inf.
427 2368 575 2411 usurpari
611 2367 740 2407 soleat,
784 2375 838 2400 ut:

66 2413 151 2452 eupit
173 2413 262 2453 fortis
284 2422 368 2454 esse,
392 2419 445 2446 at:
480 2417 564 2454 cupit
588 2416 699 2455 fortem
723 2424 755 2447 se
777 2425 841 2447 esse

3 2477 19 2489 -,
66 2458 190 2490 virum.-
213 2456 335 2490 rarius:
370 2462 455 2501 cupit
479 2461 570 2500 fortis
591 2470 654 2492 esse
675 2462 736 2494 vir.
787 2460 838 2492 Cf.

70 2512 129 2534 nos
149 2502 185 2534 in
208 2503 265 2536 Gr.
291 2504 330 2536 L.
355 2504 475 2547 6129.
499 2505 579 2537 Not.
600 2504 632 2538 4.

134 2549 370 2594 Triptolemum]
404 2550 531 2590 „Quod
555 2550 782 2595 Triptolemus
803 2550 839 2583 in

20 2610 22 2623 A
67 2602 204 2627 numero
226 2594 370 2628 iudicum
398 2595 583 2629 inferorum
604 2596 764 2640 ponitur,
800 2609 838 2629 ea

69 2637 199 2672 videtur
219 2652 290 2673 esse
310 2641 417 2685 plebis
440 2642 572 2674 Atticae
592 2642 705 2686 opinio
719 2668 727 2683 ‚
755 2655 839 2687 quae

71 2682 212 2718 fortasse
231 2697 272 2718 ex
294 2686 459 2732 mysteriis
475 2687 648 2720 Eleusiniis
667 2687 701 2720 in
722 2689 838 2732 vulgus

0 2734 25 2774 ’ᾗ
71 2726 307 2764 dimanaverat.
354 2732 486 2766 Etenim
509 2733 737 2776 Triptolemus
769 2746 839 2767 non

8 2782 25 2824 J
72 2773 178 2807 solum
197 2776 430 2819 agriculturam
444 2779 663 2812 Athenienses
686 2779 840 2812 docuisse

73 2817 252 2870 ferebatur,
275 2823 336 2855 sed
355 2823 472 2857 iisdem
493 2824 593 2857 etiam
615 2825 705 2869 leges
726 2826 841 2859 tulisse

72 2864 347 2908 sapientissimas,
380 2870 468 2902 unde
491 2869 708 2915 ἓεσμοφόρος
732 2871 840 2905 dictus

71 2911 159 2941 est.“
189 2911 375 2947 Stallbaum.
391 2915 434 2947 ad
450 2915 579 2949 Platon.
594 2916 616 2948 l.
632 2916 664 2949 d.
682 2928 715 2961 p.
728 2914 783 2950 41.
799 2921 839 2950 A.

70 2956 116 2987 At
136 2953 220 2988 haec
241 2968 309 2990 non
330 2959 402 2993 sola
425 2961 489 2994 fuit
514 2973 647 3002 caussa,
680 2974 737 2994 cur
758 2962 838 2997 Tri-

878 1867 966 1899 tonis
1001 1867 1111 1899 verbis
1136 1867 1253 1905 Μίνως
1274 1878 1311 1901 τε
1332 1867 1392 1901 καὶ
1412 1865 1656 1911 ‘Pasiam-,sue

879 1912 938 1945 καὶ
956 1911 1084 1951 Αἰακὸς
1112 1912 1172 1946 καὶ
1195 1908 1290 1947 ἄλλοι
1314 1909 1388 1948 ὅσοι
1411 1914 1477 1947 τῶν
1499 1911 1655 1958 ἠμὼέων

879 1957 1061 1992 δίκαιοι
1083 1957 1232 2002 ἐγένοντο
1257 1958 1290 1992 ἐν
1314 1959 1365 2004 τῷ
1390 1958 1519 1994 ἑαυτῶν
1544 1960 1619 2006 βίῳ.

952 2005 989 2036 Ut
1021 2005 1108 2049 vero]
1144 2004 1309 2037 Particula
1340 2015 1414 2038 vero
1448 2018 1516 2038 non
1546 2006 1657 2040 solum

881 2048 1143 2082 confirmativam
1158 2077 1166 2090 ,
1194 2049 1254 2082 sed
1278 2050 1378 2082 etiam
1400 2052 1565 2084 auctivam
1588 2052 1656 2086 vim

878 2098 937 2137 (jo,
961 2097 1112 2138 vollends)
1137 2096 1239 2129 habet
1259 2097 1508 2141 respondetque
1532 2111 1655 2142 graeco

879 2138 946 2184 μήν
970 2141 1022 2173 vel
1044 2140 1084 2185 γὲ
1106 2140 1185 2186 μήν.
1237 2142 1291 2175 Cf.
1314 2144 1370 2176 lV.
1390 2143 1445 2181 3¹2,
1471 2144 1536 2178 ὁδε
1563 2151 1655 2177 totus

877 2197 948 2219 vero
985 2187 1047 2219 iste
1084 2188 1139 2231 qui
1177 2188 1278 2232 vulgo
1320 2189 1509 2232 appellatur
1550 2202 1656 2224 amor.

878 2232 932 2265 Sic
953 2232 1003 2265 in:
1030 2237 1107 2275 quid
1127 2237 1228 2267 vero?
1256 2241 1291 2266 ut
1310 2236 1350 2267 V.
1368 2233 1400 2273 6,
1425 2234 1474 2269 16.
1516 2236 1568 2268 cf.
1592 2248 1655 2269 nos

876 2278 910 2310 in
934 2279 990 2313 Gr.
1012 2281 1052 2312 L.
1074 2279 1199 2324 6136,
1224 2281 1256 2313 2.
1279 2280 1312 2322 3)
1338 2293 1372 2324 p.
1386 2277 1452 2314 343
1466 2294 1515 2326 sq.
1563 2283 1653 2315 Xeu.

879 2325 1103 2359 Commentar.
1138 2327 1163 2357 1.
1195 2323 1234 2363 4,
1271 2327 1314 2359 5:
1359 2322 1561 2372 ἆρῗῑαλμοὺς
1595 2326 1654 2369 μὲν

877 2366 964 2424 ‹350ss
1000 2369 1080 2414 ὁρᾶν
1120 2369 1164 2426 foi
1198 2368 1305 2414 ὁρατά
1320 2397 1329 2411 ,
1379 2373 1451 2406 ω’τα
1490 2373 1528 2409 δὲ
1569 2369 1652 2407 ὥστ’

876 2428 1011 2450 ακουειν
1040 2415 1083 2451 τὰ
1108 2416 1280 2452 ακουστά·
1322 2415 1440 2461 ὀσμῶν
1474 2431 1523 2463 γε
1555 2416 1611 2462 μή
1623 2430 1651 2457 ν,

877 2461 905 2496 εἰ
937 2461 983 2505 μή
1019 2463 1106 2508 ῥθῖνες
1137 2463 1415 2507 προσετέὲησαν,
1451 2465 1484 2498 τί
1508 2461 1547 2498 ἂν
1571 2461 1654 2507 ’ἡμῖν

875 2503 999 2551 ὄφελος
1019 2508 1083 2552 η’ν;
1114 2509 1168 2541 ubi
1190 2522 1221 2542 v,
1245 2509 1414 2542 Adnotata
1436 2517 1561 2542 nostra.

943 2565 980 2586 ne
1008 2565 1064 2587 vos
1093 2557 1220 2596 quidem
1243 2575 1288 2579 —
1313 2557 1492 2597 timueritis]
1526 2556 1566 2586 V.
1591 2566 1652 2586 nos

874 2599 906 2631 in
931 2600 1078 2634 Gramm.
1094 2601 1133 2632 L.
1157 2602 1187 2637 6.
1203 2602 1278 2641 10³,
1296 2603 1328 2634 Ξ).
1342 2601 1377 2644 b)
1393 2601 1425 2644 γ)
1452 2613 1484 2644 p.
1502 2599 1564 2633 165
1578 2611 1651 2644 sqq.

875 2644 927 2677 ed.
943 2646 975 2677 2.
998 2652 1032 2678 et
1053 2650 1085 2679 s.
1100 2646 1134 2686 b)
1158 2640 1284 2690 “p.17‘.›.

949 2691 1026 2725 cip,
1045 2692 1156 2726 XLII.
1181 2691 1235 2726 99.
1273 2694 1340 2724 Etsi
1363 2710 1407 2716 -—-
1430 2692 1499 2733 sed]
1541 2691 1582 2723 V.
1611 2690 1652 2723 'in

876 2748 904 2769 c.
924 2735 988 2776 37,
1013 2736 1069 2770 90.

945 2793 1038 2815 suum
1058 2785 1153 2825 illud]
1182 2784 1223 2815 V.
1244 2794 1327 2826 quae
1349 2781 1390 2813 de
1407 2780 1553 2813 Socratis
1572 2781 1653 2825 phi-

876 2827 1079 2872 losophandi
1104 2840 1227 2872 genere
1260 2826 1468 2870 exposuimus
1499 2826 1534 2859 in
1562 2827 1651 2860 libro

876 2873 910 2906 d.
933 2875 971 2906 de
997 2876 1152 2907 Ciceronis
1177 2877 1209 2906 in
1227 2875 1304 2913 phil.
1333 2882 1409 2905 mer.
1442 2884 1475 2916 p.
1491 2872 1564 2907 138.
1577 2885 1650 2918 sqq.

875 2919 928 2952 De
945 2919 1168 2952 collocatione
1181 2917 1333 2950 vocabuli
1350 2921 1383 2950 ut
1403 2929 1434 2950 v.
1451 2917 1495 2950 ad
1509 2919 1534 2953 Ι.
1549 2918 1582 2960 8,
1597 2920 1651 2954 16.

946 2964 1022 2998 100.
1045 2969 1223 3003 teneamus,
1249 2965 1296 3005 ul]
1324 2964 1364 2996 V.
1389 2963 1433 2995 ad
1456 2964 1498 2997 V.
1519 2963 1571 3006 11,
1594 2963 1651 3000 34.
