1827 3101
161 42 213 85 74

158 133 259 176 falsa
295 147 385 175 esse
419 131 676 188 cognoverit?
733 130 769 172 E
806 146 883 187 quo
917 131 1084 188 intelligi
1116 140 1272 189 potest,
1315 148 1428 189 quam
1462 134 1566 176 acuti
1600 143 1743 178 natura

158 210 260 262 sint,
295 208 477 264 qnoniam
509 207 606 248 haec
632 207 717 247 sine
741 207 918 248 doctrina
939 207 1123 250 credituri
1147 209 1330 249 suerunt!
1395 214 1464 251 49.
1488 207 1742 253 Praeclarum

156 291 287 326 autem
316 282 450 324 nescio
477 282 564 337 quid
596 280 725 336 adepti
753 288 870 333 sunt,
911 282 1013 336 quod
1044 281 1288 334 didicerunt,
1330 295 1399 330 se,
1439 297 1558 338 quum
1589 291 1739 341 tempus

1090 353 1206 409 Quod
1231 363 1272 398 ut
1297 357 1352 398 ita
1374 358 1448 410 sit,
1493 357 1611 411 (nihil
1634 358 1739 400 enim

154 436 332 490 pugno3)
365 431 454 487 quid
484 430 601 471 habet
630 430 706 471 ista
735 444 800 472 res
830 437 897 473 aut
925 430 1132 482 laetabile,
1165 438 1233 471 aut
1261 431 1508 486 gloriosum?
1563 430 1655 474 Nec
1680 439 1740 474 ta-

154 522 246 550 men
273 507 364 547 mihi
388 519 483 548 sane
508 505 712 561 quicquam
737 505 934 556 occurrit,
979 518 1049 545 cur
1073 518 1153 545 non
1182 502 1433 560 Pythagorae
1465 506 1517 548 sit
1544 513 1584 548 et
1605 504 1740 547 Plato-

650 578 704 622 Ut
727 580 832 621 enim
863 580 1056 620 rationem
1078 577 1192 621 Plato
1224 580 1367 621 nullam
1392 580 1576 632 afferret,
1609 580 1736 634 (vide,

153 657 245 712 quid
269 656 415 697 homiui
435 655 600 697 tribuam
617 657 652 707 ς)
684 655 766 711 ipsa
785 654 1017 695 auctoritate
1042 667 1105 695 me
1126 654 1351 709 frangeret,
1385 660 1444 695 tot
1465 662 1596 696 autem
1618 654 1741 696 ratio-

669 51 839 85 mena
863 53 890 85 1.
913 49 1062 94 21,49.
1086 51 1231 97 22,50.

154 359 293 401 mortis
318 357 520 407 venisset,
564 361 667 397 totos
691 369 781 397 esse
808 356 1019 411 perituros.

154 583 217 624 nis
244 595 341 622 vera
375 580 586 622 sententia.

152 746 225 773 nes
255 731 408 782 attulit,
441 737 483 772 ut
513 730 616 771 velle
645 730 815 782 ceteris,
849 729 922 770 sibi
953 736 1062 770 certe
1093 728 1339 785 persuasisse
1368 729 1564 772 videatur.

266 804 413 848 XXII.

153 882 233 938 pite
256 882 459 922 damnatos
474 913 485 932 ,
519 887 645 921 morte
667 880 854 920 multant:
890 892 1017 933 neque
1038 878 1142 919 aliud
1168 884 1230 918 est
1253 877 1485 933 quicquam,
1519 891 1590 918 cur
1610 877 1742 918 incre-

471 811 541 846 50.
577 802 658 846 Sed
688 804 845 857 plurimi
878 810 1014 844 contra
1047 803 1248 855 nituntur,
1282 803 1513 858 animosque
1540 802 1653 858 quasi
1676 816 1740 844 ca-

152 956 282 998 dibilis
315 956 365 997 iis
387 956 606 996 animorum
626 954 809 995 videatur
832 952 1070 1003 aeternitas,
1117 952 1193 992 nisi
1219 952 1321 1006 quod
1345 958 1571 1006 nequeunt,
1617 951 1741 1007 qualis

152 1032 307 1073 animus
337 1030 389 1071 sit
410 1043 555 1070 vacans
585 1041 776 1083 corpore,
809 1027 1031 1081 intelligere
1059 1033 1098 1067 et
1124 1026 1365 1080 cogitatione
1388 1025 1739 1082 comprehendere.

154 1103 283 1159 Quasi
308 1118 405 1145 vero
432 1104 679 1158 intelligant,
715 1101 838 1157 qualis
863 1101 916 1142 sit
938 1102 976 1142 in
1001 1100 1086 1157 ipso
1112 1115 1278 1157 corpore
1294 1133 1304 1153 ,
1339 1115 1438 1156 quae
1463 1099 1739 1152 conformatio,

218 1194 273 1229 49.
299 1197 507 1229 Praeclarum
528 1199 632 1227 autem
651 1213 695 1218 —
715 1195 822 1233 adepti
843 1193 928 1238 sunt]

150 1242 318 1277 Particnla
348 1246 455 1273 aulem
480 1239 696 1273 continuandi
721 1239 788 1271 vim
817 1239 928 1278 habet,

151 1296 186 1321 et
203 1287 337 1331 quidem
360 1288 418 1325 ita,
445 1294 480 1318 ut
498 1286 719 1329 interruptam
741 1287 928 1316 orationem

151 1341 295 1378 repetat.
347 1333 398 1366 Cf.
422 1344 521 1375 supra
543 1331 712 1364 Adnotata
737 1342 765 1362 c.
787 1330 846 1369 15,
873 1327 927 1362 42.

151 1392 180 1413 c.
202 1375 268 1418 33,
293 1378 347 1411 80.
382 1385 416 1410 et
439 1380 537 1411 Beier.
562 1377 604 1409 ad
630 1377 726 1408 Oslic.
751 1377 776 1408 Ι.
803 1375 845 1413 4,
874 1375 925 1407 ll.

150 1438 186 1471 p.
198 1423 254 1457 26.
274 1426 435 1458 Bremium
448 1423 490 1455 ad
503 1423 601 1455 Corn.
614 1423 699 1466 Nep.
714 1422 815 1454 Attio.
841 1422 880 1461 V,
893 1419 926 1453 4.

150 1485 185 1516 p.
198 1468 276 1504 366.
313 1470 560 1502 Sententiarum
579 1468 667 1500 enim
682 1468 766 1500 ordo
782 1467 836 1499 hic
856 1473 926 1499 est:

152 1519 248 1557 Quae
269 1516 402 1560 quidem
426 1515 577 1558 cogitans
605 1514 698 1546 soleo
720 1513 830 1545 mirari
850 1525 883 1545 n.
905 1512 927 1543 i.

150 1563 230 1608 ph„
267 1562 323 1606 qui
359 1580 402 1586 -—-
435 1567 636 1593 venerantur
671 1567 706 1592 nt
737 1559 857 1596 deum,
895 1565 929 1590 et

151 1607 360 1653 praeclarum
380 1607 492 1639 nescio
512 1606 591 1650 qnid
603 1605 716 1649 adepti
736 1611 822 1637 sunt.
846 1605 928 1636 Ver-

151 1655 194 1688 ba
212 1656 374 1686 Liberaeos
393 1673 437 1678 —-
454 1655 603 1685 credituri
620 1654 745 1693 [uerunt
764 1651 930 1694 παρενὲε-

151 1701 258 1738 τικῶς
282 1699 456 1731 interiecta
484 1705 572 1730 sunt.

220 1747 303 1787 quad
323 1749 354 1777 ut
374 1748 418 1776 ita
437 1744 491 1788 sit]
525 1744 559 1776 Si
581 1742 812 1782 concedamus,
839 1741 929 1785 quod

155 1790 301 1837 epicurei
327 1790 520 1834 philosophi
545 1789 678 1828 dicunt,
715 1800 796 1827 nos,
828 1799 929 1831 quum

152 1846 284 1881 tempus
308 1836 424 1868 mortis
448 1835 596 1875 venerit,
630 1841 722 1867 totos
745 1845 817 1866 esse
837 1833 929 1877 peri-—

152 1891 265 1916 turos:
304 1882 385 1914 nihil
408 1889 478 1921 est,
507 1882 541 1913 in
565 1892 630 1925 quo
653 1880 708 1912 isti
732 1879 927 1923 glorientur.

154 1930 227 1971 Nec
246 1935 358 1959 tamen
377 1928 460 1960 illud
483 1926 732 1960 concedendum
756 1932 817 1957 est.
862 1924 927 1956 Ni-

153 1975 202 2007 hil
228 1980 278 2006 est
311 1973 416 2013 enim,
456 1973 546 2017 qnod
580 1984 640 2004 nos
676 1978 790 2016 cogat,
826 1977 864 2002 nt
895 1970 929 2002 in

153 2020 242 2053 hanc
264 2018 472 2050 discedentes
497 2017 711 2061 opinionem,
737 2017 834 2049 nullis
860 2016 930 2048 sul-

154 2073 224 2098 tam
247 2064 453 2103 rationibus,
489 2064 702 2107 Pythagorae
723 2069 757 2094 et
782 2062 929 2094 Platonis

153 2110 354 2143 sententiam
386 2114 441 2149 (sc.
467 2113 589 2141 animos
617 2111 809 2140 immortales
839 2108 930 2147 esse),

155 2169 239 2202 quae
262 2155 454 2188 firmissimis
479 2154 597 2186 nititur
618 2154 802 2186 rationibus
815 2179 822 2193 ,
842 2153 930 2184 reii-

155 2214 290 2236 ciamus.

224 2248 372 2289 occurrit]
408 2247 450 2278 H.
475 2258 503 2278 e.
529 2245 640 2277 animo
664 2256 739 2277 meo
765 2244 930 2276 obiicitur.

156 2294 199 2327 de
216 2297 271 2326 Or.
290 2295 329 2325 ll.
350 2292 405 2331 30,
425 2291 500 2324 132.
521 2290 576 2331 34,
596 2289 679 2323 147:
707 2302 816 2330 omne,
838 2289 929 2333 quod

156 2340 217 2373 erit
242 2339 275 2371 in
295 2351 349 2378 re,
375 2342 512 2370 occurret
535 2344 634 2381 atque
656 2336 782 2368 incidet
807 2335 875 2379 (ubi
897 2347 929 2367 v.

157 2387 270 2419 incidet
311 2384 402 2428 quasi
444 2383 588 2426 explicat
629 2382 719 2426 prius
764 2381 928 2421 occurret).

157 2431 260 2465 Acad.
276 2432 318 2463 Il.
331 2429 364 2470 ὅ,
377 2428 432 2461 25.
455 2429 523 2472 <ubi
539 2427 666 2472 plenius
682 2427 804 2460 dicitur
823 2429 930 2458 animo

156 2476 340 2518 occurrere).
379 2476 552 2508 Monemus
571 2474 707 2510 tirones,
734 2480 770 2505 ut
790 2472 853 2504 sibi
871 2484 930 2503 ca-

158 2530 257 2555 veant
278 2523 319 2554 ab
340 2521 403 2553 ista
426 2519 666 2553 recentioribus
691 2519 808 2551 crebro
831 2529 930 2550 usur-

156 2576 236 2613 pata
259 2567 449 2601 locutione:
487 2568 543 2598 hoc
573 2568 764 2598 occurrit
797 2567 830 2596 in
853 2565 930 2595 libro

158 2618 264 2656 aliqua
299 2624 361 2658 pro
395 2615 516 2654 leyt'tur.
571 2610 717 2643 Verbum
749 2610 932 2642 occurrendi

159 2661 259 2705 plane
290 2659 473 2703 respondet
500 2664 616 2690 nostro
641 2657 931 2697 entyeyenkommen

158 2717 355 2750 semperque
383 2705 526 2737 refertur
546 2702 590 2735 ad
611 2701 759 2734 dativum
781 2709 932 2742 personae

159 2752 212 2783 vel
233 2754 298 2793 rei,
323 2762 406 2795 quae
426 2760 588 2794 personae
609 2747 699 2781 vices
720 2747 872 2786 sustinet,
897 2751 933 2776 ut

160 2800 276 2830 animo.
324 2798 447 2829 Utrum
468 2802 580 2828 autem
603 2806 641 2827 ea
660 2805 734 2832 res,
767 2803 851 2836 quae
874 2790 929 2822 di-

162 2842 246 2874 citur
273 2854 467 2882 occurrere,
503 2841 546 2874 sit
568 2839 746 2878 notabilis,
781 2836 930 2881 insignis,

162 2886 265 2924 mira,
290 2899 415 2927 necne,
441 2887 524 2920 nihil
548 2886 680 2919 attinet.

229 2934 319 2972 vide,
355 2935 430 2974 quid
460 2936 578 2966 homini
592 2930 755 2975 Jribuam]
792 2929 932 2962 Gravius

164 2976 290 3009 dictum
323 2989 383 3020 pro
414 2982 492 3019 quid
519 2981 547 3011 ei
571 2981 716 3012 tribuam..
767 2975 820 3007 Cf.
845 2975 933 3008 infra

966 1194 1005 1227 V.
1030 1192 1095 1234 21,
1120 1190 1174 1225 61.
1201 1193 1292 1226 Fam.
1314 1193 1339 1224 Ι.
1363 1190 1407 1234 2,
1430 1190 1473 1225 3:
1503 1191 1551 1224 ita
1571 1202 1643 1223 sum
1665 1202 1739 1224 cum

964 1239 1022 1272 illo
1047 1241 1105 1283 (sc.
1120 1238 1295 1282 Pompeio)
1317 1237 1457 1278 locutus,
1484 1244 1520 1270 ut
1540 1237 1621 1269 mihi
1643 1236 1741 1269 vide-

963 1296 1018 1317 rer
1053 1284 1198 1316 animum
1238 1286 1372 1316 hominis
1411 1286 1469 1326 (sc.
1496 1281 1659 1326 Pompeii)
1697 1282 1740 1314 ab

964 1330 1054 1362 omni
1078 1330 1140 1362 alia
1167 1329 1373 1373 cogitatione
1405 1328 1448 1360 ad
1471 1335 1563 1360 tuam
1591 1327 1740 1371 dignita-

961 1382 1031 1407 tem
1052 1375 1211 1408 tuendam
1231 1375 1419 1407 traducere.
1465 1374 1521 1406 Sic
1541 1384 1591 1407 res
1611 1384 1674 1418 pro
1692 1375 1741 1415 id,

961 1428 999 1453 nt
1018 1422 1107 1454 infra
1128 1434 1155 1453 c.
1170 1420 1227 1459 37,
1248 1419 1312 1453 89:
1340 1422 1537 1464 Quanquam
1556 1419 1636 1464 quid
1656 1430 1739 1463 opus

963 1474 1014 1499 est
1036 1468 1068 1499 in
1092 1468 1158 1499 hoc
1180 1466 1430 1511 philosophari,
1459 1475 1558 1510 quum
1582 1475 1648 1498 rem
1671 1477 1740 1498 non

960 1524 1081 1557 magno
1094 1525 1196 1557 opere
1207 1512 1419 1556 philosophia
1431 1523 1529 1554 egere
1539 1510 1710 1544 videamus
1721 1510 1737 1543 ?

1029 1563 1099 1600 ipsa
1133 1562 1318 1591 auctoritate
1351 1569 1401 1590 me
1430 1556 1602 1601 franyerel]
1637 1557 1682 1589 H.
1709 1568 1737 1590 e.

963 1617 1016 1637 me
1038 1604 1261 1642 convinceret,
1283 1617 1302 1636 a
1321 1616 1394 1636 mea
1413 1603 1579 1635 sententia
1594 1603 1629 1635 in
1645 1614 1739 1635 suam

964 1650 1155 1683 adduceret.
1216 1652 1256 1682 V.
1280 1652 1413 1682 Erneslii
1446 1649 1536 1681 Clav.
1561 1648 1628 1681 Cic.
1648 1648 1681 1680 h.
1705 1659 1737 1682 v.

964 1698 1075 1729 Locus
1098 1696 1168 1728 sere
1189 1695 1338 1739 geminus
1358 1695 1480 1738 legitur
1500 1694 1610 1727 Divin.
1633 1695 1659 1726 Ι.
1679 1693 1737 1733 30,

962 1739 1025 1774 62:
1060 1742 1159 1774 Hunc
1181 1753 1261 1785 ergo
1288 1744 1346 1785 (sc.
1370 1740 1561 1783 Epicurum)
1589 1746 1738 1783 antepo-

964 1799 1022 1819 nes
1042 1787 1173 1820 Platoni
1198 1796 1232 1819 et
1253 1786 1411 1819 Socrati?
1438 1787 1493 1830 qui
1515 1792 1552 1818 ut
1575 1785 1738 1818 rationem

964 1845 1032 1865 non
1064 1833 1265 1871 redderent,
1299 1832 1501 1864 anctoritate
1531 1838 1645 1863 tamen
1676 1831 1738 1864 hos

963 1879 1106 1911 minutos
1141 1878 1362 1923 philosophos
1397 1878 1580 1910 vincerent.
1627 1878 1680 1909 De
1702 1888 1739 1909 re

963 1925 1034 1968 ipsa
1061 1926 1104 1957 cf.
1127 1925 1297 1957 Adnotata
1320 1924 1354 1956 in
1382 1935 1410 1956 c.
1436 1921 1496 1962 17,
1521 1922 1578 1956 40.

1030 1972 1189 2014 videatur]
1229 1969 1390 2003 Consulto
1424 1969 1457 2001 h.
1483 1969 1506 2000 l.
1532 1973 1611 2012 post
1635 1970 1741 2001 attulit

966 2016 1083 2049 Cicero
1118 2016 1230 2060 posuit
1264 2018 1436 2055 videatur,
1471 2025 1539 2047 non
1570 2015 1739 2047 videretur.

964 2063 1134 2094 Praesenti
1156 2061 1361 2106 significatur
1379 2072 1459 2099 non,
1484 2059 1640 2104 quidnam
1661 2059 1738 2091 fue-

965 2108 1008 2140 rit
1031 2108 1099 2140 eius
1123 2108 1319 2150 consilium,
1353 2105 1413 2138 sed
1436 2105 1516 2150 quid
1539 2105 1648 2138 allatis
1680 2117 1738 2137 ra-

964 2153 1111 2185 tionibus
1131 2154 1178 2186 ita
1201 2154 1360 2186 effectum
1382 2152 1438 2192 sit,
1462 2158 1500 2184 ut
1521 2150 1618 2183 nobis
1639 2151 1738 2183 etiam

965 2210 1052 2230 nnnc
1073 2201 1219 2231 videatur
1236 2199 1272 2231 id
1292 2199 1354 2231 sibi
1373 2197 1587 2241 persuasisse.
1636 2196 1740 2229 Cete—

965 2256 1037 2276 rum
1063 2244 1106 2275 cf.
1131 2244 1302 2276 Adnotata
1324 2244 1359 2276 in
1381 2256 1410 2276 c.
1431 2242 1474 2286 4,
1498 2241 1532 2276 7.

1034 2289 1111 2321 Cir.
1132 2290 1247 2321 ΧΧΙΙ.
1275 2289 1329 2321 50.
1364 2292 1456 2329 quasi
1479 2291 1580 2329 capite
1602 2290 1738 2321 damna-

963 2336 1023 2377 tos]
1047 2336 1120 2366 Iure
1140 2335 1304 2373 Romano,
1330 2333 1357 2366 si
1374 2334 1445 2377 quis
1466 2340 1576 2366 morte
1594 2333 1738 2365 multan-

965 2380 1026 2411 dus
1047 2387 1136 2418 erat,
1162 2387 1261 2412 antea
1281 2379 1425 2412 debebat
1445 2379 1554 2423 capite
1575 2378 1736 2411 damnari.

963 2426 1062 2457 Hunc
1095 2425 1195 2468 igitur
1228 2425 1307 2458 iuris
1333 2424 1474 2458 Romani
1505 2436 1599 2456 usum
1621 2424 1737 2457 Cicero

964 2471 1075 2503 facete
1098 2471 1131 2503 h.
1153 2471 1174 2503 l.
1197 2471 1359 2503 transfert
1379 2471 1422 2503 ad
1444 2470 1582 2503 animos.
1628 2472 1737 2511 capite

963 2523 1075 2548 autem
1107 2519 1257 2549 damnari
1289 2516 1409 2549 dicitur
1443 2516 1523 2549 civis
1555 2516 1735 2556 Romanus,

965 2561 1021 2605 qui
1043 2562 1195 2594 omnibus
1215 2562 1281 2594 suis
1305 2569 1339 2594 et
1360 2562 1534 2602 libertatis,
1560 2568 1594 2594 et
1616 2561 1737 2595 civita-

964 2608 1026 2647 tis,
1051 2615 1085 2640 et
1108 2608 1253 2640 familiae
1275 2608 1398 2641 iuribus
1424 2608 1584 2651 privatur.

1037 2655 1136 2693 Quasi
1168 2664 1241 2686 vero
1274 2653 1462 2698 intelligant]
1499 2653 1591 2685 Salsa
1617 2652 1736 2684 ironia.

966 2698 1124 2731 Similiter
1142 2711 1204 2742 pro
1217 2699 1344 2731 Milone
1356 2699 1491 2739 XXXI,
1510 2696 1566 2731 84.
1584 2698 1737 2742 pulcher-

965 2745 1048 2777 rime
1084 2744 1166 2777 dicit
1189 2744 1338 2777 Tullius:
1378 2745 1458 2784 Est,
1495 2750 1546 2776 est
1579 2743 1736 2787 profecto

964 2789 1022 2822 illa
1046 2790 1117 2828 vis,
1151 2801 1259 2833 neque
1282 2789 1316 2830 in
1338 2789 1390 2822 his
1414 2789 1609 2833 corporibus
1637 2796 1737 2833 atque

965 2836 998 2868 in
1022 2836 1085 2869 hac
1114 2835 1344 2868 imbecillitate
1375 2842 1490 2868 nostra
1522 2835 1609 2867 inest
1636 2835 1737 2880 quid--

967 2882 1055 2921 dam,
1081 2881 1172 2926 quod
1192 2881 1306 2924 vigeat
1324 2888 1358 2913 et
1379 2881 1515 2920 sentiat,
1538 2888 1572 2914 et
1589 2893 1657 2914 non
1681 2881 1738 2913 in-

967 2934 1019 2960 est
1041 2928 1076 2960 in
1099 2927 1165 2960 hoc
1186 2934 1282 2960 tanto
1313 2934 1450 2960 naturae
1471 2934 1542 2959 tam
1565 2926 1737 2972 praeclaro

967 2980 1070 3007 motu.
1119 2976 1187 3007 Nisi-
1210 2975 1287 3015 forte
1319 2972 1445 3006 idcirco
1478 2984 1550 3006 esse
1582 2983 1649 3006 non
1671 2982 1736 3016 pu-
