1843 3101
159 12 244 57 288

158 111 199 147 et
227 103 309 146 suis
333 102 375 145 in
399 114 552 159 quoque
573 100 788 142 seminibus
815 98 1003 152 inclusiS,
1047 105 1092 140 ut
1118 105 1186 140 aut
1208 98 1353 151 flores,
1397 104 1466 140 aut
1488 99 1622 155 fruges
1647 99 1737 140 fun-

157 180 245 231 dat,
289 185 358 220 aut
381 178 500 219 bacas
516 208 527 229 ,
578 175 785 230 omniaque
811 175 851 216 in
877 174 1084 225 omnibus,
1117 179 1302 229 quantum
1327 172 1368 214 111
1390 172 1486 229 ipsis
1511 173 1590 231 sit,
1634 173 1741 215 nulla

156 255 198 296 vi
214 253 465 310 impediente,
494 252 669 307 perfecta
690 250 783 291 sint.
847 255 918 292 58.
952 247 1127 290 Facilius
1148 261 1246 290 vero
1266 247 1383 289 etiam
1402 247 1443 289 in
1458 246 1613 300 bestiis,
1637 247 1741 303 quod

155 330 204 371 iis
238 341 380 369 sensus
412 340 434 367 a
466 332 605 366 natura
644 331 704 366 est
735 324 873 376 datus,
923 323 983 365 vis
1018 322 1139 379 ipsius
1175 329 1338 363 naturae
1379 321 1549 378 perspici
1591 328 1737 378 potest.

156 403 340 457 Namque
367 401 462 442 alias
491 400 638 441 bestias
667 406 832 450 nantes,
866 412 1054 453 aquarum
1078 397 1228 438 incolas
1255 410 1345 438 esse
1367 396 1517 448 voluit,
1551 395 1649 437 alias
1668 410 1740 437 vo-

155 478 310 528 lucres,
345 476 454 517 caelo
477 475 550 516 srui
577 474 727 526 libero,
760 481 966 529 serpentes
988 472 1200 528 quasdam,
1233 471 1418 526 quasdam
1447 484 1538 512 esse
1559 470 1741 526 gradien-

664 18 831 53 LIBER
855 18 897 53 V.
926 16 989 59 13,
1013 15 1068 52 38.
1093 14 1150 52 39.
1173 15 1232 52 40.

154 560 240 603 tes,
284 564 419 593 earum
442 550 613 605 ipsarum
637 548 777 605 partim
799 548 999 603 solivagas
1016 579 1026 598 ,
1061 547 1201 603 partim
1229 551 1516 600 congregatas,
1549 540 1740 586 iminanes

155 628 276 678 alias,
312 625 499 682 quasdam
522 631 652 665 autem
673 623 845 675 cicures,
880 622 1088 664 nonnullas
1108 620 1256 662 abditas
1278 626 1461 674 terraque
1483 626 1622 660 tectas.
1665 618 1741 660 At-

155 716 229 758 que
249 715 383 743 earum
410 712 586 755 quaeque
611 712 725 739 suum
752 705 893 739 tenens
918 710 1085 748 munus,
1132 710 1248 750 quum
1275 694 1315 735 in
1342 693 1507 750 disparis
1530 693 1741 735 animantis

153 776 275 819 vitam
294 774 463 816 transire
487 788 566 815 non
590 773 729 829 possit,
763 779 896 814 manet
919 772 960 812 in
982 771 1069 826 lege
1092 778 1274 811 naturae.
1337 767 1391 810 Et
1412 775 1455 810 ut
1477 768 1614 810 bestiis
1636 767 1742 809 aliud

153 851 218 893 alii
243 849 442 906 praecipui
476 861 499 889 a
531 855 668 888 natura
704 847 833 887 datum
865 853 948 897 est,
997 846 1097 900 quod
1133 858 1245 885 suum
1276 856 1454 899 quaeque
1488 843 1634 884 retinet
1667 856 1742 884 nee

155 925 320 968 discedit
345 924 392 965 ab
417 937 489 974 eo3
522 922 579 963 sic
604 921 750 962 homini
773 920 893 960 multo
915 919 1095 974 quiddam
1119 919 1407 974 praestantius,
1441 917 1515 958 etsi
1537 923 1741 973 praestan-

156 1000 207 1042 tia
234 999 378 1040 debent
411 1011 457 1038 ca
494 996 593 1046 dici,
642 1008 743 1050 quae
779 994 925 1034 habent
948 993 1114 1048 aliquam
1142 993 1502 1049 comparationem3
1549 991 1741 1033 humanus

157 1081 288 1116 autem
317 1072 470 1114 animus
499 1071 706 1126 decerptus
742 1083 795 1110 ex
824 1075 956 1110 mente
987 1067 1119 1110 divina
1150 1082 1238 1108 cum
1274 1067 1350 1108 alio
1378 1066 1508 1118 nullo,
1554 1065 1629 1107 nisi
1654 1080 1742 1107 cum

154 1149 240 1206 ipso
261 1148 357 1200 deo,
403 1147 436 1189 si
463 1147 535 1187 hoc
562 1147 620 1187 sas
644 1151 706 1186 est
727 1144 857 1196 dictu,
907 1142 1125 1199 comparari
1149 1148 1294 1198 potest.
1356 1146 1426 1183 59.
1460 1139 1537 1182 Hic
1557 1140 1677 1196 igitur
1707 1140 1743 1182 si

157 1231 218 1266 est
237 1223 420 1265 excultus
436 1255 446 1275 ,
491 1228 531 1263 et
561 1220 595 1262 si
619 1219 704 1262 eius
727 1219 833 1260 acies
860 1218 916 1260 ita
941 1225 1077 1259 curata
1100 1225 1182 1268 est,
1232 1223 1274 1258 ut
1306 1230 1355 1258 ne
1381 1222 1612 1258 caecaretur
1631 1229 1742 1257 erro-

153 1299 288 1350 ribus,
336 1297 378 1338 fit
402 1297 577 1352 perfecta
600 1308 735 1346 mens,
781 1293 820 1334 id
854 1301 916 1334 est
942 1292 1121 1333 absoluta
1146 1291 1273 1343 ratio,
1320 1291 1422 1346 quod
1446 1297 1506 1332 est
1530 1290 1632 1331 idem
1659 1289 1741 1331 vir-

157 1381 236 1415 tus.
298 1370 352 1413 Et
374 1371 407 1411 si
430 1384 545 1411 omne
563 1369 718 1410 beatum
745 1375 826 1419 est,
875 1367 936 1408 cui
958 1367 1052 1407 nihil
1077 1367 1213 1417 deest,
1247 1372 1288 1406 et
1312 1365 1413 1420 quod
1436 1364 1476 1405 in
1499 1378 1571 1405 suo
1592 1377 1742 1419 genere

157 1447 356 1503 expletum
389 1451 505 1499 atque
534 1443 770 1484 cumulatum
800 1449 885 1493 est,
933 1442 1048 1496 idque
1077 1440 1235 1481 virtutis
1275 1447 1337 1481 est
1364 1439 1587 1496 proprium3
1634 1444 1741 1480 certe

157 1535 293 1564 omnes
317 1519 475 1562 virtutis
503 1525 705 1573 compotes
731 1517 835 1558 beati
860 1523 966 1557 sunt.
1029 1514 1083 1556 Et
1108 1515 1179 1555 hoc
1205 1515 1361 1570 quidem
1389 1513 1482 1555 mihi
1506 1527 1594 1555 cum
1616 1510 1742 1554 Bruto

157 1594 365 1646 convenit,
405 1593 444 1635 id
466 1599 525 1634 est
547 1607 634 1633 cum
655 1592 897 1643 Aristotele,
929 1589 1189 1642 Xenocrate,
1225 1587 1469 1645 Speusippo,
1502 1586 1738 1630 Polemone.

158 1677 229 1714 40.
265 1668 345 1712 Sed
369 1667 460 1709 mihi
486 1666 670 1708 videntur
692 1667 808 1708 etiam
835 1665 1067 1707 beatissimi.

156 1745 368 1789 vivendum
393 1743 428 1784 ei
444 1774 454 1794 ,
490 1741 553 1797 qui
578 1741 738 1782 conlidit
763 1741 844 1782 suis
867 1739 1008 1781 bonis?
1040 1746 1107 1780 aut
1126 1739 1191 1795 qui
1213 1738 1369 1789 diffidit,
1402 1736 1542 1778 beatus
1565 1750 1655 1778 esse
1678 1735 1745 1792 qui

159 1820 316 1878 potest?
373 1816 431 1858 At
460 1816 606 1857 diffidat
635 1829 801 1857 necesse
834 1822 918 1867 est,
953 1814 1019 1870 qui
1049 1813 1152 1855 bona
1184 1812 1322 1855 dividit
1350 1810 1562 1868 tripertito.

1132 1662 1236 1718 Quid
1271 1664 1376 1705 enim
1408 1663 1521 1705 deest
1548 1662 1594 1703 ad
1628 1661 1743 1704 beate
1790 1644 1792 1646 V

229 1930 285 1959 aut
298 1928 389 1968 flores
407 1930 463 1958 aut
476 1927 582 1967 fruges
599 1926 726 1966 fundat,
747 1928 802 1956 aut
822 1923 935 2001 bacas}

162 1973 214 2005 De
237 1972 381 2014 eleganti
398 1972 574 2004 verborum
595 1970 818 2004 collocatione
841 1982 872 2002 v.
892 1982 911 2002 a

163 2020 189 2051 I.
210 2017 247 2057 1,
268 2021 302 2051 2.
350 2017 495 2049 Verbum
529 2019 682 2058 fundendi
714 2015 845 2060 saepius
872 2027 935 2047 ve—

162 2070 260 2096 nusta
299 2063 495 2105 metaphora
530 2074 593 2107 pro
630 2066 755 2104 9i9nere
768 2087 779 2104 ,
822 2072 936 2103 parere

162 2115 349 2153 usurpatur.

231 2158 384 2195 quantum
414 2156 448 2186 in
478 2157 555 2195 ipsis
587 2155 641 2197 sit]
676 2154 718 2185 H.
731 2165 759 2185 e.
787 2153 934 2204 plantae,

164 2207 324 2252 quantum
347 2199 380 2231 111
403 2199 547 2242 ipsarum
570 2193 688 2232 natura
709 2199 808 2231 situm
828 2199 880 2237 sit,
906 2199 934 2230 si

164 2246 254 2279 nulla
276 2245 309 2277 vi
331 2251 467 2276 externa
496 2245 740 2288 impediantur
777 2245 817 2289 (si
842 2244 931 2288 ipsa-

163 2304 238 2325 rum
259 2290 399 2323 interior
420 2297 538 2322 natura
558 2291 648 2322 nulla
669 2291 701 2322 vi
721 2290 934 2334 impediatur,

165 2345 223 2370 aut
242 2336 269 2370 si
292 2343 450 2380 quantum
472 2335 507 2367 111
534 2335 613 2378 ipsis
635 2336 678 2367 sit
701 2336 791 2368 nulla
812 2336 845 2368 vi
867 2336 934 2367 1111-

164 2383 322 2428 pediente
334 2381 487 2415 excolant
490 2382 512 2424 ,)
525 2380 568 2413 ad
579 2392 740 2414 summam
752 2381 935 2425 perfectio-

166 2441 243 2462 nem
267 2428 476 2473 perveniunt.

234 2475 289 2509 36.
314 2473 441 2517 munus)
476 2485 495 2506 a
518 2478 635 2505 natura
659 2471 793 2513 datum,
818 2472 933 2505 nobis:

162 2523 388 2561 Bestimmuny.

233 2569 289 2599 etsi
304 2566 516 2608 praestantia]
538 2565 580 2597 V.
593 2562 701 2596 Α1111.
691 2574 725 2595 m
739 2564 796 2596 IV.
811 2561 867 2602 29,
880 2561 935 2596 63.

233 2614 396 2652 decerptus
419 2621 458 2643 ex
479 2614 580 2643 mente
600 2610 725 2651 divina]
755 2609 791 2641 V.
815 2619 876 2639 nos
900 2608 934 2640 in

164 2658 238 2691 libr.
266 2657 348 2689 dict.
370 2657 493 2701 p.212.
533 2657 581 2688 De
604 2666 688 2688 voce
709 2656 870 2694 decerptus
890 2654 934 2685 ef.

165 2704 207 2736 de
223 2703 333 2736 Divin.
349 2704 374 2734 I.
393 2700 447 2741 49,
466 2702 550 2736 1102
574 2713 593 2733 a
614 2712 678 2745 qua
699 2702 829 2743 (natura
847 2699 935 2731 deo-

164 2750 250 2793 rum)
273 2768 319 2773 —
346 2751 475 2781 haustos
493 2747 620 2780 animos
643 2754 676 2779 et
695 2748 806 2778 libatos
826 2745 934 2777 habe·-

164 2806 247 2828 mus.
273 2795 315 2827 de
337 2796 471 2827 Senect.
493 2794 599 2834 XXI,
620 2792 683 2827 781
719 2803 759 2824 ex
782 2790 934 2823 universa

164 2849 277 2873 mente
308 2840 420 2872 divina
442 2841 592 2872 delibatos
613 2838 740 2871 animos
760 2837 931 2869 habemus.

230 2886 286 2920 39.
317 2889 363 2919 ita
385 2890 497 2919 curata
521 2889 584 2926 est,
617 2888 651 2917 ut
679 2894 717 2917 ue
738 2881 931 2926 caecaretur]

165 2930 215 2963 Ob
232 2932 383 2965 voculam
399 2935 446 2965 ita
460 2942 529 2964 non
547 2937 596 2964 est
610 2929 833 2974 statuendum,
848 2940 932 2963 con-

970 1922 1157 1955 iunctiones
1176 1924 1210 1954 ut
1228 1931 1265 1953 ne
1285 1929 1347 1964 pro
1365 1922 1400 1952 ut
1419 1929 1483 1952 non
1502 1917 1628 1963 positas
1651 1930 1738 1952 esse:

994 1968 1060 2001 uod
1083 1967 1154 2000 fieri
1176 1965 1312 1999 omnino
1333 1964 1469 2010 nequit;
1493 1963 1554 1997 sed
1573 1963 1658 1998 duae
1677 1976 1742 1998 no—

968 2016 1078 2047 tiones
1100 2013 1192 2058 quasi
1211 2012 1246 2044 in
1266 2024 1365 2044 unam
1386 2010 1546 2044 confusae
1565 2017 1652 2052 sunt,
1675 2022 1742 2043 no-

969 2061 1017 2093 tio
1042 2060 1180 2092 ellectus
1200 2065 1234 2091 et
1255 2056 1402 2091 consilii:
1429 2056 1520 2101 quod
1539 2058 1576 2091 Ο.
1596 2058 1650 2090 Th.
1668 2058 1743 2090 Kei-

970 2110 1031 2139 lius
1051 2106 1085 2138 in
1111 2107 1248 2146 Quaest.
1267 2103 1356 2137 Tull.
1375 2115 1407 2147 p.
1422 2104 1514 2135 VIII.
1537 2102 1586 2135 sic
1604 2113 1745 2147 expres-

970 2153 1032 2185 sit:
1058 2151 1087 2183 si
1111 2151 1157 2184 ita
1179 2150 1266 2183 acies
1289 2149 1358 2182 eius
1380 2154 1494 2182 curata
1516 2154 1582 2190 est,
1606 2152 1639 2181 ut
1661 2159 1744 2181 cau-

967 2206 1039 2230 tum
1072 2197 1137 2236 sit,
1172 2207 1210 2229 ne
1244 2201 1444 2228 caecaretur.
1493 2194 1673 2227 Praeterea
1694 2194 1741 2227 cf.

972 2242 1174 2276 Adnotata
1165 2254 1199 2275 111
1221 2243 1246 2274 1.
1266 2238 1308 2280 4,
1333 2241 1366 2275 7.

1014 2291 1158 2321 absoluta
1168 2286 1264 2331 ratio]
1279 2266 1315 2319 V'.
1326 2285 1543 2319 Adnotatain
1553 2286 1610 2319 IV.
1623 2284 1676 2324 15,
1685 2281 1742 2319 34.

1039 2332 1094 2367 40.
1119 2337 1214 2368 etiam
1235 2333 1419 2375 beatissimi]
1445 2332 1479 2364 Si
1500 2342 1581 2364 vero
1601 2330 1636 2363 id
1658 2331 1744 2363 bea-

969 2388 1040 2413 tum
1062 2386 1129 2420 est,
1154 2379 1205 2412 cui
1226 2378 1309 2411 nihil
1329 2377 1436 2416 deest,
1461 2377 1610 2421 sequitur
1629 2376 1742 2417 etiam,

970 2433 1024 2466 ut,
1060 2425 1116 2470 qui
1148 2424 1280 2458 virtutis
1306 2430 1479 2467 compotes
1506 2429 1606 2462 sunt,
1641 2421 1743 2454 etiam

968 2471 1152 2504 beatissimi
1178 2471 1257 2503 sint.
1304 2470 1392 2502 Nam
1419 2468 1475 2513 qui
1496 2468 1618 2501 virtute
1640 2479 1742 2512 prae-

970 2517 1058 2549 ditus
1079 2524 1140 2557 est,
1167 2514 1306 2549 confidit
1325 2515 1391 2547 suis
1412 2513 1531 2547 bonis:
1557 2512 1612 2557 qui
1631 2520 1744 2546 autem

972 2562 1110 2595 confidit
1142 2562 1208 2594 suis
1244 2560 1362 2600 bonis,
1404 2560 1434 2592 ei
1458 2558 1542 2591 nihil
1574 2558 1668 2591 deest
1699 2559 1743 2592 ad.

969 2608 1066 2640 beate
1092 2607 1281 2640 vivendum.
1328 2606 1418 2649 Ergo
1446 2603 1550 2637 virtus
1581 2604 1625 2636 ad
1644 2604 1743 2638 beate

968 2653 1147 2685 vivendum
1176 2665 1212 2685 se
1243 2652 1317 2695 ipsa
1348 2658 1399 2683 est
1428 2655 1598 2683 contenta.
1645 2654 1690 2683 At
1715 2650 1744 2683 si

968 2705 1103 2742 praeter
1123 2698 1282 2731 virtutem
1307 2696 1408 2729 etiam
1430 2695 1580 2738 corporis
1606 2702 1641 2728 et
1664 2696 1741 2729 for-

967 2751 1068 2776 tunae
1090 2743 1179 2776 bona
1200 2748 1413 2782 statuuntur,
1446 2740 1516 2773 vita
1548 2741 1646 2774 beata
1677 2753 1742 2775 una

969 2790 1093 2822 virtute
1116 2788 1207 2821 effici
1226 2800 1294 2821 non
1316 2794 1452 2832 potest;
1477 2799 1554 2820 nam
1568 2787 1623 2832 qui
1645 2787 1742 2820 diffi-

969 2835 1018 2868 dit
1038 2835 1105 2867 suis
1127 2834 1244 2873 bouis,
1271 2840 1306 2866 et
1325 2845 1366 2866 ne
1388 2832 1468 2877 quid
1491 2844 1532 2865 ex
1553 2833 1594 2865 iis
1615 2833 1740 2878 deper-

968 2881 1026 2914 dat
1048 2881 1166 2921 timet,
1204 2879 1320 2913 beatus
1345 2891 1417 2912 esse
1441 2890 1510 2912 non
1533 2884 1669 2923 potest3
1705 2885 1741 2912 at

967 2927 1101 2962 diffidat
1133 2938 1270 2960 necesse
1294 2932 1366 2968 est,
1403 2926 1460 2971 qui
1483 2924 1549 2958 tria
1575 2924 1742 2958 bonorum
1795 2971 1800 2974 1
