1859 3133
702 37 879 71 mann
905 40 933 72 1.
961 36 1102 81 19‚45.
1649 32 1698 76 71

103 135 325 179 ponemus,
369 126 581 177 propterea
605 118 708 174 quod
737 125 778 161 et
808 121 951 161 natura
985 119 1092 162 inest
1122 119 1162 161 iu
1191 120 1388 162 mentibus
1414 122 1562 163 nostris
1593 123 1700 164 iusa-

104 196 250 239 tiabilis
274 195 461 252 quaedam
489 193 681 249 cupiditas
713 193 801 235 veri
836 193 1020 247 videndi,
1063 202 1106 237 et
1136 209 1231 237 orae
1261 195 1373 252 ipsae
1404 196 1579 238 locorum
1611 196 1697 238 lllo-

106 286 218 324 rum,
262 285 339 327 quo
380 269 707 326 pervenerimus,
753 282 831 323 quo
861 268 1079 312 faciliorem
1110 269 1225 313 nobis
1267 271 1534 327 cognitionem
1565 285 1697 313 rerum

102 345 357 398 caelestium,
390 358 439 387 eo
461 344 653 386 maiorem
686 343 954 406 cognoscendi
977 345 1227 400 cupiditatem
1257 346 1419 388 dabunt.
1481 352 1551 389 45.
1587 345 1699 389 Haec

100 421 204 467 enim
225 420 471 478 pulchritudo
494 420 612 461 ctiam
635 419 674 460 iu
694 418 813 460 terris
831 418 1013 474 patritam
1035 419 1139 461 illam
1168 429 1207 463 et
1230 422 1374 463 avitam
1398 422 1459 477 (ut
1479 421 1533 463 ait
1561 420 1697 464 Theo-

37 481 41 488 *
99 495 305 552 phrastus)
338 494 648 552 philosophiam,
693 493 933 548 cognitionis
969 495 1180 550 cupiditate
1214 497 1445 548 incensam,
1489 496 1694 539 excitavit.

98 568 318 626 Praecipue
340 584 438 612 vero
460 571 641 612 fruentur
666 582 727 618 ea,
757 568 821 624 qui
849 575 930 609 tuni
954 569 1088 622 etiam,
1115 585 1250 625 quum,
1278 571 1346 613 has
1368 579 1496 613 terras
1519 572 1697 614 incolen-

102 653 180 698 tes,
213 644 441 686 circumfusi
466 651 580 686 erant
603 643 771 699 caligine
787 675 797 695 ‚
833 651 963 686 tamen
981 644 1066 685 acie
1087 645 1230 686 incutis
1252 646 1446 702 dispicere
1471 647 1693 704 cupiebant.

213 717 318 762 XX.
361 717 522 760 Etenim
545 718 578 760 si
602 734 706 760 nunc
727 719 871 775 aliquid
896 719 1056 774 assequi
1080 733 1123 760 se
1145 727 1299 776 putant,
1333 722 1397 776 qui
1422 722 1564 764 ostium
1578 720 1695 764 Ponti

100 794 285 837 viderunt
301 801 342 836 et
366 808 433 836 eas
455 794 683 850 augustias,
713 808 786 850 per
809 808 904 850 quas
928 794 1151 851 penetravit
1177 809 1223 837 ea
1239 828 1250 846 ,
1284 809 1384 852 quae
1413 804 1474 839 est
1496 798 1693 839 nominata

99 856 238 927 Argo,
271 869 362 925 quia
391 868 536 926 Argivi
567 870 609 911 in
641 883 703 922 ea,

891 947 1031 985 delecte
1058 948 1145 994 vz'lz',

392 1019 518 1067 Vecte,
547 1020 729 1072 petebant
751 1021 890 1072 pellem
921 1023 1137 1060 inauratam
1168 1017 1329 1069 citieus,-

100 1100 168 1135 aut
195 1093 250 1146 ii,
284 1093 348 1149 qui
381 1091 535 1135 Oceani
566 1094 668 1135 freta
701 1094 768 1135 illa
798 1094 998 1147 viderunt,

245 1187 269 1206 ι.
374 1171 568 1222 Europam
597 1170 830 1222 Libyamque
860 1185 987 1223 rapax
1017 1171 1085 1210 ubi
1110 1173 1247 1210 dz'm'de't
1276 1172 1398 1209 anda:

99 1243 202 1300 quod
225 1243 382 1285 tandem
408 1243 674 1299 spectaculum
698 1244 784 1284 fore
806 1251 1011 1299 putamus,
1047 1259 1163 1300 quum
1191 1251 1312 1285 totam
1342 1252 1487 1285 terram
1512 1244 1692 1286 contueri

98 1360 126 1392 Ι.
142 1358 160 1392 1
175 1383 184 1398 ,
204 1357 268 1393 72:
298 1359 420 1390 Omnes
439 1357 576 1390 laudare
599 1358 752 1391 fortunas
774 1369 876 1391 meas.

98 1406 168 1439 Hac
203 1406 294 1446 sama
316 1403 475 1448 impulsus
509 1404 666 1437 Chremes
709 1405 799 1437 ultro
835 1404 878 1437 ad

98 1462 153 1484 me
187 1450 281 1482 venit
313 1450 360 1494 (h.
385 1462 412 1483 e.
436 1450 532 1483 huius
557 1451 605 1483 rei
630 1451 745 1485 samal.
808 1450 875 1484 Cic.

100 1507 164 1541 pro
183 1495 313 1529 Milone
327 1497 493 1530 XXXVI.
511 1499 540 1541 ᾗ.
559 1496 641 1531 ῙΟότ
668 1497 804 1529 Nullum
817 1509 878 1529 un-

100 1553 219 1596 quam,
255 1541 400 1583 iudices,
437 1542 521 1575 mihi
555 1549 687 1576 tantum
725 1543 877 1576 dolorem

98 1587 260 1627 inurens,
284 1608 330 1613 -—
370 1595 407 1620 ut
441 1588 637 1629 obliviscar,
678 1590 792 1634 quanti
824 1601 878 1622 me

98 1646 232 1678 semper
252 1634 412 1669 feceritis.
455 1637 542 1675 Quae
562 1635 589 1667 si
611 1648 670 1668 vos
692 1636 782 1680 cepit
800 1638 878 1668 obli-

85 1683 171 1722 vio,
195 1686 254 1713 aut
274 1679 302 1713 si
321 1680 356 1713 in
374 1692 428 1713 me
448 1680 573 1725 aliquid
593 1681 794 1721 offendistis,
821 1693 878 1714 cur

99 1737 167 1759 non
199 1726 235 1758 id
258 1738 333 1759 meo
358 1726 470 1771 potius
497 1726 607 1771 capite
631 1727 752 1766 luitur,
779 1739 878 1772 quam

98 1771 264 1805 Milonis?
283 1783 365 1816 pro:
387 1776 476 1806 cuius
491 1776 538 1806 rei
556 1773 693 1806 oblivio.
732 1775 772 1806 V.
789 1776 878 1806 Kiih-

97 1828 164 1853 πᾶν.
177 1819 218 1851 L.
237 1818 296 1851 Gr.
315 1821 344 1864 ᾗ.
362 1816 437 1853 145.
462 1819 541 1852 Not.
560 1819 608 1853 16
632 1819 760 1864 p.390.
777 1819 831 1852 ed.
844 1820 877 1852 2.

165 1867 321 1906 patritam
334 1884 379 1889 —
396 1865 560 1910 excitavit]
578 1832 768 1898 Senptentia:
796 1866 879 1898 Cae·

99 1909 234 1943 lestium
255 1923 366 1943 rerum
384 1910 599 1954 pulchritudo
621 1923 733 1943 caussa
749 1911 823 1950 fuit,
844 1917 881 1941 ut

97 1955 261 1997 maiores,
298 1956 498 2000 cognitionis
530 1957 713 1999 cupiditate
737 1955 879 1995 accensi,

95 2003 248 2040 vanimum
270 2002 479 2046 applicarent
499 2001 542 2034 ad
562 2002 821 2045 philosophiam.
836 2021 881 2026 ——-

99 2048 216 2082 Paullo
237 2047 392 2080 audacius
412 2047 538 2079 dictum
555 2050 754 2089 philosophia
774 2050 881 2089 609111-

98 2097 192 2127 tionis
223 2095 396 2134 cupiditate
426 2095 554 2125 incensa
581 2105 665 2137 pro:
698 2096 773 2135 ph„
800 2104 880 2135 quae

101 2144 171 2172 orta
191 2143 235 2172 est
255 2149 269 2171 e
289 2150 355 2180 0⁰9·
376 2140 558 2179 cupiditate.
605 2139 670 2172 Off.
693 2141 718 2172 Ι.
742 2137 794 2178 19,
815 2137 877 2172 64ε

102 2195 226 2218 omnem
247 2195 364 2217 morem
384 2184 729 2217 Lacedaemoniorum
751 2188 880 2228 inflam-

100 2234 224 2263 matum
243 2240 307 2263 esse
328 2232 498 2271 cupiditate
517 2233 672 2264 vincendi.
696 2251 740 2256 —-
778 2231 880 2263 Cete-

74 2283 176 2321 {rum
207 2287 268 2320 pro
300 2275 388 2320 vulg.
415 2279 556 2317 patriam
579 2289 597 2309 e
617 2278 729 2310 Nonio
755 2275 878 2321 p.161.

101 2323 206 2355 Merc.
228 2321 319 2355 edidi
338 2325 493 2375 patritam
520 2325 570 2365 (et
590 2323 638 2356 sic
654 2323 754 2355 Vind.
773 2322 879 2365 205.‚)

81 2381 84 2384 ⁴
107 2370 236 2409 Wolfius
258 2369 444 2411 suspicatur
466 2368 500 2400 in
523 2369 599 2402 loco
621 2369 880 2413 Theophrasteo

100 2413 268 2447 adiectiva
290 2415 448 2459 πατρῷος
471 2413 531 2450 καὶ
554 2416 720 2461 naret-(5303
754 2415 880 2459 scripta

104 2459 226 2499 fuisse,
260 2466 298 2492 ut
325 2460 415 2503 apud
437 2452 711 2494 Demosthenem.
770 2463 880 2501 Quum

102 2505 245 2559 primum
263 2506 416 2538 vocabuli
435 2510 572 2547 patritus
587 2507 697 2541 forma
717 2507 800 2540 nihil
815 2507 880 2540 ha·-

100 2551 204 2591 beat,
230 2551 264 2584 in
291 2563 357 2596 quo
384 2552 612 2592 offendamus3
643 2561 716 2586 tum
739 2561 878 2586 auctoie

101 2597 214 2630 Nonio
235 2598 344 2630 Varro
370 2602 489 2640 pati-ito
512 2604 540 2633 et.
563 2603 648 2633 avito
671 2610 756 2632 more
780 2599 877 2631 dixe-

103 2642 168 2683 rit3
205 2643 349 2688 denique
380 2645 510 2677 Nonius
542 2645 585 2677 ad
617 2646 713 2678 huius
752 2646 880 2678 formae

105 2689 339 2722 auctoritatem
373 2691 607 2723 stabiliendam
643 2692 735 2724 hunc
771 2692 877 2735 ipsum

106 2745 206 2778 quem
223 2742 406 2768 tractamus
426 2737 538 2769 locum
555 2737 715 2777 attulerit,
739 2738 794 2770 vix
815 2738 881 2770 du—

105 2778 198 2812 bium
226 2787 296 2821 est,
336 2781 415 2826 quin
445 2782 624 2827 legendum
646 2783 691 2815 sit
718 2787 888 2824 patritam.

174 2827 340 2870 dispicere]
378 2828 484 2861 Huius
519 2828 613 2862 verbi
643 2829 711 2861 vim
745 2840 783 2862 ea
818 2842 883 2874 qua

111 2869 199 2904 solet
231 2872 397 2916 elegantia
420 2875 581 2908 enodavit
603 2878 765 2908 Ernestius
791 2876 883 2908 Clav.

113 2914 180 2948 Cic.
198 2917 234 2949 h.
245 2929 277 2950 v.
298 2919 472 2962 Significat
486 2920 662 2954 intendere
682 2921 786 2954 aciem
805 2933 884 2955 ocu-

913 1359 1023 1392 lorum
1050 1359 1093 1392 ad
1118 1358 1310 1391 videndum.
1360 1359 1449 1390 Hinc
1473 1358 1515 1390 de
1539 1358 1611 1390 Fin.
1635 1359 1692 1391 IV.

912 1404 968 1445 23,
990 1402 1044 1438 64.
1071 1405 1113 1438 de
1134 1405 1250 1438 catulis
1269 1404 1402 1446 dicitur,
1429 1416 1529 1448 quum
1549 1405 1692 1448 primum

913 1452 1025 1485 oculos
1049 1452 1203 1496 aperiunt
1228 1458 1262 1484 et
1288 1451 1402 1484 videre
1429 1457 1603 1490 conantur,
1628 1462 1690 1494 pa-

912 1499 1058 1543 riterque
1081 1498 1123 1530 de
1144 1498 1328 1530 infantibus
1349 1497 1391 1529 de
1407 1497 1477 1529 Fin.
1496 1498 1536 1530 V.
1556 1496 1608 1536 15,
1628 1496 1691 1529 41;

913 1556 1013 1589 quum
1030 1551 1141 1576 autem
1160 1544 1326 1588 dispicere
1345 1543 1551 1588 coeperimus
1567 1551 1600 1575 et
1617 1554 1692 1576 sen-

912 1591 998 1631 tire,
1024 1590 1104 1635 quid
1127 1590 1239 1622 simus.

986 1648 1065 1680 CAP.
1084 1648 1166 1680 XX.
1203 1649 1326 1689 aliquid
1357 1649 1482 1687 assequi
1507 1656 1538 1679 se
1563 1645 1691 1690 putant]

912 1696 1041 1736 Aliquid
1065 1701 1115 1726 est
1137 1696 1220 1735 qnod
1242 1704 1355 1734 operae
1378 1696 1514 1733 prelium
1537 1695 1586 1724 sit.
1633 1692 1694 1723 In·-

914 1741 966 1773 fra
987 1740 1055 1783 21,
1080 1738 1135 1773 49.
1173 1752 1246 1771 curn
1270 1739 1379 1771 ironia
1404 1738 1525 1770 dicitur
1546 1739 1694 1779 praecla-

911 1798 984 1820 rum
1009 1790 1114 1818 autem
1147 1788 1250 1817 nescio
1274 1787 1350 1825 quia
1374 1786 1481 1824 adepti
1504 1788 1586 1816 sunt.
1633 1784 1692 1816 ΙΙΙ.

916 1829 968 1870 16
989 1831 1053 1865 35:
1091 1830 1225 1862 Diceres
1247 1832 1391 1871 aliquid,
1416 1837 1449 1862 et
1472 1840 1594 1871 magno
1616 1828 1693 1873 qui-

915 1878 992 1909 dem
1006 1876 1210 1920 philosopho
1227 1876 1374 1919 dignum.
1399 1877 1439 1908 V
1453 1873 1607 1914 36,1041;
1634 1886 1692 1907 eos

915 1924 1038 1964 aliquid
1057 1930 1174 1966 putate
1197 1934 1267 1954 csse
1288 1922 1419 1954 univers
1425 1933 1472 1954 os.
1502 1922 1574 1954 Pa·
1551 1933 1575 1953 1
1593 1919 1693 1953 modo

917 1969 1037 2000 Graeci
1062 1967 1178 2000 dicunt
1199 1968 1242 2002 τί.
1292 1968 1376 2000 Plat.
1399 1970 1523 2022 Svmpm
1538 1980 1565 2000 c.
1588 1969 1622 2007 Ι,
1647 1963 1689 2000 4.

916 2011 1007 2058 υμᾶς
1028 2026 1065 2048 τε
1085 2013 1164 2052 τοὺς
1187 2013 1260 2048 {rat
1252 2014 1340 2057 'pose
1358 2013 1413 2048 ἕλε
1417 2015 1465 2054 ὦ,
1504 2009 1544 2048 ότ
1547 2027 1557 2048 1
1578 2014 1627 2048 025
1631 2013 1695 2048 024

913 2073 947 2095 τι
965 2072 1020 2094 πο.
1024 2064 1082 2099 εῖν,
1109 2057 1206 2094 οὐδὲν
1226 2061 1357 2094 mazar
1382 2072 1408 2102 ς,
1433 2061 1466 2093 11.
1487 2073 1515 2092 6.
1538 2070 1694 2104 magnum

915 2106 1073 2151 quiddam
1096 2106 1217 2138 facere.
1265 2107 1321 2138 Sic
1340 2109 1457 2147 uliquis
1478 2113 1512 2138 61
1531 2106 1593 2145 τὶς,
1620 2106 1692 2138 exi·-

914 2153 998 2185 mius
1021 2152 1161 2196 aliquis,
1195 2152 1313 2197 aliquis
1339 2165 1391 2184 ma
1375 2165 1459 2196 agna
1481 2132 1693 2192 auctoritate

914 2198 1091 2252 dignitate,
1117 2198 1242 2231 divitiis
1261 2198 1403 2242 pollens.
1430 2198 1616 2255 ’Theocrin
1631 2198 1693 2237 XI,

914 2241 1227 2289 79;δη1ε>νότ’έν
1252 2257 1296 2290 τᾳ
1320 2245 1365 2292 (ᾇ
1391 2241 1510 2289 κγ’-γῶν
1542 2247 1600 2288 (sc.
1625 2244 1694 2289 Cy-

918 2291 1025 2335 clops)
1052 2291 1085 2325 τὶ
1089 2304 1104 2330 ς
1129 2290 1292 2335 φαίνομαι
1317 2303 1389 2335 ημ-..ι
1393 2304 1418 2330 ς

985 2350 1165 2391 angustias]
1193 2348 1269 2381 Scil.
1288 2348 1546 2393 Hellespontum
1567 2349 1691 2380 etBos-

915 2406 1037 2439 porum
1061 2393 1255 2427 Thracium.

984 2453 1093 2484 delecti
1110 2454 1186 2484 viril
1205 2453 1289 2484 Sunt
1303 2452 1436 2484 iambici
1449 2450 1594 2484 trimetri
1612 2461 1692 2482 aca-

914 2497 1049 2538 talecti‚
1077 2509 1117 2530 ex
1138 2497 1235 2530 Ennii
1254 2498 1377 2531 Medea
1399 2498 1515 2542 petiti,
1540 2495 1692 2528 nonnihil

914 2543 1093 2576 immutati.
1141 2544 1297 2587 ΕΧΡ16551
1319 2551 1396 2576 sunt
1420 2551 1531 2576 autem
1553 2541 1587 2574 hi
1612 2553 1691 2574 ver·-

913 2601 968 2622 sus
1001 2601 1041 2622 ex
1070 2590 1254 2646 Euripidi
1245 2590 1386 2629 Medea,
1423 2602 1454 2622 v
1481 2586 1690 2631 5;οἱ-1δρων

914 2632 970 2679 οἷρι
973 2648 1031 2670 ors
1023 2635 1098 2677 ’,ων
1126 2632 1160 2671 ὁ(
1182 2634 1219 2670 τὸ
1243 2634 1303 2670 πό.
1301 2646 1420 2680 γρυασ
1406 2648 1435 2669 v
1461 2633 1558 2677 δέρος
1580 2633 1691 2680 Πελίᾳ

915 2682 1094 2726 μετῆὶωὲω

983 2739 1161 2783 Europam]
1187 2738 1279 2771 Idem
1302 2749 1414 2771 versus
1438 2736 1536 2769 Ennii
1559 2737 1691 2781 (Annal.

917 2786 969 2825 ΙΙ,
1002 2782 1106 2830 46.p
1109 2785 1192 2817 .51.
1217 2784 1268 2816 ed.
1292 2783 1363 2826 Sp)
1397 2782 1552 2815 laudatur
1580 2783 1623 2817 N.
1648 2784 1690 2816 D.

918 2797 1304 2872 111,10.111teu101tur
1323 2834 1436 2860 autem
1455 2829 1582 2862 fretum
1599 2829 1691 2864 Her-

920 2876 1049 2909 culeum
1073 2883 1130 2908 aut
1154 2876 1358 2908 Gaditanum
1384 2873 1473 2908 inter
1495 2874 1692 2933 Hispaniam

919 2930 953 2955 et
974 2922 1133 2955 Afnicam.
