1843 3101
152 59 236 103 230
668 66 1128 111 LIBER1v.7,16.8,
1155 69 1209 105 17.

155 150 385 192 effrenatam
409 149 686 206 appetentiam.
751 147 1058 204 opinationem
1094 156 1250 203 autem,
1295 163 1409 205 quam
1437 149 1478 191 in
1501 163 1638 192 omnes
1660 152 1728 193 de-

154 223 351 266 finitiones
371 223 596 280 superiores
614 221 869 276 inclusimus,
909 225 1047 267 volunt
1071 238 1160 267 esse
1176 224 1410 266 imbecillam
1436 224 1725 267 assensionem.

158 304 226 340 16.
262 296 340 340 Sed
364 297 527 353 singulis
545 297 903 354 perturbationibus
923 307 1054 355 partes
1078 300 1251 341 eiusdem
1275 299 1433 354 generis
1455 299 1587 354 plures
1608 299 1728 341 subii-

156 372 326 422 ciuntur,
362 379 402 413 nt
422 372 687 428 aegritudini
706 373 937 426 invidentia,
972 375 1174 430 (utendum
1199 381 1259 415 est
1283 374 1384 414 enim
1406 374 1569 415 docendi
1591 388 1732 415 caussa

155 445 277 487 verbo
305 446 432 487 minus
457 447 624 499 usitato,
665 448 846 502 quoniam
872 448 1017 490 invidia
1044 463 1119 489 non
1145 449 1182 489 in
1207 462 1278 499 eo,
1312 448 1376 503 qui
1396 448 1569 500 invidet,
1605 448 1728 490 solnm

156 519 319 571 dicitnr,
353 521 423 561 sed
448 521 565 563 etiam
590 522 629 562 in
653 535 724 573 e0,
759 524 819 564 cui
843 523 1084 577 invideturg)
1111 522 1337 572 aemulatio,
1371 522 1627 575 obtrectatio,
1661 523 1732 563 mi-

155 593 396 645 sericordia,
439 609 589 651 angor,
632 596 783 648 tuctus,
826 611 1006 649 maeror,
1052 612 1266 649 aerumna,
1308 597 1443 648 dolor,
1486 596 1730 650 lamentatio,

156 667 403 720 sollicitudo,
437 670 639 723 molestia,
672 671 884 724 afflictatio,
918 672 1138 728 desperatio
1162 672 1251 713 etsi
1278 685 1375 726 quae
1403 677 1495 712 sunt
1522 671 1734 727 degenere

157 741 311 782 eodem.
385 740 468 785 Sub
510 750 663 786 metum
708 754 838 787 autem
879 747 1054 788 subiecta
1098 754 1187 788 sunt
1232 746 1408 802 pigritia,
1461 746 1610 801 pudor,

1658 753 1736 786 ter-

159 830 250 867 ror,
295 818 435 869 timor,
479 833 629 874 pavor,
671 821 936 873 exanimatio,
971 821 1245 872 conturbatio,
1284 821 1474 872 formido,
1520 821 1737 875 voluptati

159 891 433 933 malevolentia
457 893 608 934 laetans
643 895 743 935 malo
767 894 920 946 alieno,
954 895 1188 945 delectatio,
1234 895 1392 935 iactatio
1415 902 1453 935 et
1473 894 1640 945 similia,
1686 895 1735 935 ίὶ-

157 964 294 1006 hidiae·
316 966 391 1018 ira,
425 968 778 1020 excandescentia,
811 969 964 1020 odium,
998 969 1221 1021 inimicitia,
1256 969 1471 1020 discordia,
1505 968 1734 1023 indigentia,

159 1038 397 1081 desiderium
428 1048 467 1082 et
497 1049 629 1083 cetera
660 1043 865 1084 eiusmodi.

272 1113 387 1156 Vlll.
424 1122 491 1158 17.
526 1115 636 1157 Ilaec
671 1125 799 1159 autem
829 1118 1018 1158 definiunt
1041 1117 1114 1159 hoc
1140 1118 1271 1158 modo.
1335 1117 1620 1160 Iitvt'dentiam
1648 1131 1737 1158 esse

159 1187 292 1229 dicunt
323 1190 609 1245 aegritudinem
640 1200 862 1247 susceptam
894 1200 1055 1249 propter
1085 1192 1245 1233 alterius
1280 1206 1345 1233 res
1376 1192 1592 1244 secundas,
1639 1205 1739 1247 quae

159 1262 253 1304 nihil
282 1272 450 1307 noceant
474 1266 681 1308 invidenti.
742 1266 848 1308 Nam
879 1269 911 1308 si
949 1267 1011 1322 qui
1050 1267 1179 1307 doleat
1203 1267 1286 1307 eius
1319 1266 1435 1307 rebus
1456 1266 1666 1316 secundis,
1715 1279 1738 1307 a

160 1351 236 1390 quo
273 1337 357 1393 ipse
389 1339 590 1392 laedatur,
636 1355 714 1381 non
751 1348 858 1381 recte
887 1341 1039 1382 dicatur
1076 1340 1281 1393 invidere,
1322 1348 1364 1382 ut
1387 1341 1419 1381 si
1443 1339 1605 1382 Hectori
1627 1340 1738 1394 Aga-

160 1423 339 1463 mem¹103
381 1414 446 1469 qui
467 1421 623 1467 autem,
651 1414 891 1456 cuialterius
915 1416 1117 1456 commoda
1143 1416 1238 1456 nibil
1261 1422 1451 1466 noceant,
1485 1422 1616 1455 tamen
1647 1428 1737 1455 eum

160 1484 290 1525 doleat
327 1486 385 1527 his
415 1487 513 1540 frui,
554 1488 587 1529 is
619 1489 795 1530 invideat
833 1490 1026 1544 profecto.
1088 1489 1334 1531 Aemulatio
1367 1496 1497 1530 autem
1533 1488 1741 1544 dupliciter

163 1557 228 1599 illa
257 1560 411 1614 quidem
440 1562 604 1614 dicitur,
638 1570 681 1604 ut
707 1571 745 1604 et,
767 1563 806 1604 in
828 1564 968 1615 laude,
1002 1571 1042 1604 et
1065 1564 1103 1604 in
1123 1563 1220 1604 vitio
1245 1577 1387 1605 nomen
1411 1563 1483 1604 hoc
1506 1563 1571 1604 sit.
1634 1561 1741 1604 Nam

164 1639 203 1673 et
231 1633 396 1676 imitatio
421 1636 578 1677 virtutis
611 1638 822 1679 aemulatio
855 1638 1019 1690 dicitur3
1061 1639 1130 1679 sed
1156 1640 1204 1678 ea
1232 1637 1326 1678 nihil
1352 1637 1425 1678 hoc
1456 1638 1543 1678 loco
1567 1637 1740 1688 utimurt,

231 1745 420 1777 imbecillam
449 1747 672 1789 assensionem]
707 1747 772 1779 Pro
801 1749 938 1780 imbecil-

165 1789 230 1820 lam
264 1788 321 1821 alii
356 1790 480 1823 habent
513 1793 720 1833 imbecillem;
761 1792 820 1824 sed
854 1793 938 1825 haec

166 1833 273 1866 forma
303 1847 371 1867 non
405 1843 456 1868 est
490 1836 714 1878 Ciceroniana,
744 1851 774 1869 v.
812 1850 871 1870 nos
903 1838 936 1870 in

167 1879 809 1926 GrIC30N0t3p÷ned
887 1885 938 1916 De

165 1925 296 1957 Stoicoi
300 1938 352 1958 nm
365 1928 556 1961 assensione
570 1935 670 1981 atque
682 1929 936 1973 approbatione,

165 1981 263 2014 quam
291 1972 407 2005 Graeci
433 1972 681 2029 συγκατάὲεσιν
712 1983 856 2014 vocant,
893 1976 936 2008 cf.

166 2015 268 2047 Acad.
282 2018 306 2047 I.
324 2017 373 2056 11,
391 2017 436 2051 40
449 2031 499 2063 sq.
515 2017 570 2053 4).
583 2027 666 2052 extr.
684 2031 818 2054 errorem
835 2025 939 2054 autem

166 2064 194 2093 et
223 2065 425 2096 temeritatem
455 2069 483 2097 et
509 2068 746 2107 iynorantiam,
769 2071 796 2099 et
820 2067 938 2110 opina-

165 2105 313 2149 tionem,
351 2113 377 2140 et
409 2114 637 2152 suspicionem,
668 2116 695 2144 et
727 2123 788 2144 uno
818 2116 941 2146 nomine

167 2155 286 2192 omnia,
312 2164 392 2194 quae
416 2160 513 2188 essent
535 2159 640 2190 aliena
662 2157 775 2189 firmae
798 2165 831 2189 et
855 2170 939 2190 con-

167 2197 286 2229 stantis
310 2199 528 2241 assensionis,
552 2211 572 2233 α
592 2205 705 2235 virtute
721 2206 941 2245 sapientiaque

167 2246 344 2276 removebat
371 2245 501 2288 tZeno).

239 2288 289 2322 16.
311 2294 418 2330 parles
436 2309 480 2314 —
497 2293 618 2333 plures]
644 2293 684 2326 V.
706 2294 803 2337 Diog.
825 2295 940 2336 Laert.

171 2334 242 2373 Vll,
262 2335 335 2367 110.
369 2335 583 2368 Observanda
603 2343 653 2368 est
673 2344 860 2372 structurae
878 2352 941 2372 va-

170 2379 286 2412 ›iatioz
323 2383 455 2421 singulis
482 2385 561 2422 pert.
585 2384 792 2417 subiiciuntar
825 2387 874 2428 (ut
899 2385 941 2418 de

171 2426 226 2457 Or.
249 2427 273 2457 Ι.
294 2423 336 2458 4“’
342 2426 452 2461 159:
476 2433 589 2470 partes
612 2433 723 2459 autem
745 2436 832 2467 sunt,
859 2442 942 2474 quae

168 2474 331 2512 yeneribus
365 2474 424 2512 iis,
458 2484 498 2504 ex
532 2471 649 2524 quibus
681 2481 837 2513 manant,
869 2479 943 2508 sub-

168 2517 328 2549 iiciuntur.
390 2517 462 2550 Fin.
493 2519 536 2550 11.
567 2515 608 2556 4,
645 2517 706 2551 13:
747 2521 818 2552 huic
851 2524 943 2553 verbo

171 2572 286 2593 omnes
308 2583 353 2587 —
374 2563 454 2596 duas
478 2575 530 2595 res
552 2565 727 2596 subiiciunt.
765 2564 830 2596 Off.
846 2566 872 2596 Ι.
886 2566 941 2605 27,

171 2605 234 2639 96:
261 2607 349 2640 aliud
367 2611 439 2642 huic
455 2612 636 2642 subiectum.
668 2610 754 2653 Top.
768 2610 858 2649 VIII,
878 2610 941 2644 33:

172 2663 256 2694 quae
288 2657 397 2695 cuique
430 2666 552 2698 genere
581 2655 834 2697 subiicienturq)
866 2655 943 2688 dein

172 2700 228 2729 sab
248 2703 363 2732 metum
380 2702 459 2733 subi.
480 2702 523 2745 (v.
542 2699 642 2733 adv.
661 2701 690 2740 1,
706 2700 776 2744 2.‚)
801 2700 943 2745 denique

172 2754 284 2775 iux-sus
316 2748 482 2786 voluptati.
535 2746 589 2778 Sic
622 2745 711 2778 infra
742 2758 770 2779 c.
792 2747 851 2786 11,
879 2747 941 2779 25:

175 2788 288 2820 odium
308 2793 486 2832 mulierum,
509 2791 637 2836 quale
626 2803 660 2823 in
684 2787 847 2845 μισογύνη
867 2790 944 2824 Ati-

177 2832 210 2863 lii
231 2842 301 2875 est,
337 2842 374 2868 ut
392 2838 426 2869 in
446 2837 617 2869 hominum
636 2840 817 2871 universum
835 2848 944 2879 geum,

176 2879 266 2920 quod
284 2881 472 2924 accepimus
495 2882 537 2915 de
557 2882 710 2916 Timone.
759 2883 859 2924 Quod
881 2895 944 2915 au-

175 2928 244 2954 tem
270 2926 422 2958 nonnulli
451 2927 550 2960 codd.
584 2928 747 2971 praebent
776 2931 833 2961 sub
861 2932 944 2961 metu

175 2971 281 3043 agitem
301 2973 379 3002 subi.
392 2982 417 3003 s.
430 2996 439 3010 ,
473 2972 507 3004 id
527 2973 695 3006 Ciceronis
716 2974 946 3007 consuetudini

174 3024 190 3043 n
219 3021 376 3046 versatur.

1039 1748 1257 1778 malevolentia
1277 1748 1398 1778 laetans
1419 1748 1505 1778 malo
1527 1744 1644 1788 alieno]
1685 1744 1743 1777 Gr.

973 1789 1241 1836 ἐπιχαιρεκακία
1276 1791 1330 1823 Sic
1352 1803 1380 1823 c.
1396 1789 1429 1831 Q,
1448 1791 1511 1823 20:
1537 1796 1573 1821 nt
1593 1790 1743 1822 malevo—

973 1837 1073 1869 lentia
1097 1837 1140 1869 sit
1164 1837 1317 1880 voluptas
1342 1848 1382 1868 ex
1405 1836 1492 1868 malo
1516 1835 1649 1867 alterius
1672 1835 1743 1868 sine

973 1883 1197 1915 emolumento
1228 1894 1298 1915 suo.
1346 1882 1444 1924 Diog.
1474 1879 1741 1920 L.V11‚114:

974 1925 1030 1971 υφ’
1060 1924 1101 1972 ἠν
1137 1930 1193 1972 (sc.
1218 1925 1358 1972 ηδονην)
1394 1925 1551 1963 τάττεται
1584 1922 1743 1980 κηλησις,

974 1973 1362 2019 ἐπιχαιρεκακία,
1399 1972 1540 2016 τέρψις,
1577 1968 1743 2016 διάχυσις.

1045 2021 1123 2052 (311).
1137 2021 1228 2052 V.llI
1256 2020 1553 2061 17.1nvidentiam]
1587 2017 1685 2060 Diog.
1705 2018 1744 2049 L.

974 2065 1159 2106 V11,1lt:
1197 2063 1323 2109 φῖόνος
1351 2063 1425 2098 ἐστὶ
1456 2062 1544 2107 λυπη
1575 2058 1625 2099 ἐπ’
1649 2061 1745 2098 αλλο-

975 2111 1077 2154 τρίοις
1108 2108 1260 2153 οἱγαὲτοις.
1314 2112 1488 2143 Aemulatio
1522 2109 1622 2166 ζῆλος
1657 2105 1745 2151 λύπη

975 2156 1030 2191 ἐπὶ
1050 2157 1099 2201 τῷ
1121 2154 1213 2200 ἄλλῳ
1237 2159 1409 2198 παρεῖναι,
1435 2168 1480 2189 ων
1502 2151 1606 2193 αυτὸς
1625 2152 1748 2188 ἐπιθυ-

977 2206 1042 2245 μεῐ.
1078 2193 1323 2234 St(›bae11sEcl.
1346 2201 1438 2240 11‚7.
1458 2201 1580 2244 Ρ,17ὅ.
1603 2199 1653 2231 H.
1682 2199 1747 2242 ζῆ-

976 2251 1031 2286 λος
1055 2246 1093 2282 δῖε
1114 2245 1201 2290 λυπη
1226 2246 1282 2281 ἐπὶ
1301 2247 1350 2291 τῷ
1377 2246 1486 2300 ε’τερον
1517 2242 1747 2302 ἐπιτυγχάνειν

976 2306 1022 2327 ων
1042 2291 1146 2332 αυτὸς
1166 2292 1345 2335 ἐπιὲἲυμει,
1372 2288 1472 2326 αυτὸν
1493 2288 1532 2326 δε
1552 2289 1622 2334 μή·
1650 2289 1749 2333 λέγε-

977 2340 1059 2373 σὶται
1081 2338 1120 2373 δε
1150 2338 1209 2372 καὶ
1241 2337 1366 2392 ετέρως
1400 2338 1498 2381 ζῆλον
1530 2335 1749 2392 μακαρισμοῦ

978 2383 1050 2419 ἕαδε
1053 2397 1116 2425 ιαν,
1139 2380 1216 2428 ἤτοι
1237 2379 1338 2418 ἄλλου
1363 2382 1506 2426 μίμησιν
1529 2379 1610 2421 ωςεὶ
1634 2380 1749 2424 κρείτ·-

975 2442 1069 2468 τονος
1129 2432 1176 2461 Ex
1202 2428 1317 2473 quibus
1340 2428 1422 2461 locis
1448 2434 1608 2472 apparet,
1647 2426 1748 2458 Cice-

977 2475 1067 2507 ronis
1093 2475 1322 2508 definitionem
1349 2473 1536 2517 pleniorem
1558 2483 1649 2509 esse,
1682 2470 1747 2502 ad-

978 2520 1048 2552 dita
1069 2521 1157 2553 enim
1176 2520 1278 2553 habet
1297 2520 1398 2553 verba
1418 2528 1498 2559 quae
1519 2519 1597 2550 nihil
1619 2519 1750 2550 noceant

981 2567 1142 2598 invidenti.

1046 2610 1237 2654 Aemulatio]
1252 2609 1346 2642 Stob.
1358 2608 1428 2641 Ecl.
1444 2608 1513 2640 eth.
1527 2607 1601 2648 ΙΙ,
1587 2617 1612 2642 ι’
1627 2605 1748 2650 p178.

979 2654 1031 2686 ed.
1055 2656 1153 2687 Heer.
1184 2658 1215 2698 (e
1234 2654 1360 2687 Davisii
1380 2653 1548 2693 emend.):
1587 2654 1687 2707 ζῆλος
1709 2650 1749 2687 δὲ

978 2695 1066 2742 λύπη
1089 2699 1144 2734 ἐπὶ
1164 2701 1214 2745 τῷ
1238 2699 1347 2741 ἕτερον
1369 2695 1598 2754 ἐπιτυγχάνειν
1621 2710 1666 2732 ων
1689 2709 1749 2731 αυ-

977 2743 1037 2783 τὸς
1059 2737 1228 2788 ἐπιθυμεῖ,
1251 2742 1353 2779 αὐτὸν
1375 2743 1414 2779 δὲ
1435 2756 1504 2789 μη·
1526 2743 1687 2787 λε’γεσὲαι
1710 2741 1750 2778 δὲ

978 2790 1038 2824 και
1073 2789 1197 2845 ἑτέρως
1229 2788 1326 2847 {qm
1359 2790 1588 2846 μιακαρισμοῦ
1622 2788 1749 2824 ἔνδειαν

977 2832 1055 2879 η’τοι
1097 2832 1198 2871 ἄλλου
1239 2836 1381 2880 μίμησιν
1421 2832 1508 2874 ωςάν
1551 2834 1749 2877 κρείττονος

978 2881 1078 2936 Diog.
1096 2883 1134 2914 L.
1156 2883 1236 2922 VII,
1261 2883 1343 2915 111:
1383 2881 1492 2938 ζῆλον
1502 2879 1544 2916 δὲ
1567 2878 1673 2923 λυπην
1693 2878 1749 2912 ἐπὶ

978 2928 1028 2973 τῷ
1061 2923 1153 2972 ἄλλῳ
1187 2931 1340 2971 παρεῖναι
1371 2922 1417 2961 ων
1449 2924 1552 2966 αυτὸς
1581 2925 1750 2968 ἐπιὲᾰυμεῖ.

980 2964 1072 3006 Infra
1103 2985 1129 3006 c.
1152 2973 1214 3011 26,
1239 2972 1301 3007 56:
1339 2984 1439 3016 quum
1466 2972 1510 3004 sit
1541 2955 1749 3011 aemularitis,

980 3019 1057 3062 angi
1074 3019 1183 3051 alieno
1203 3019 1306 3058 bono,
1330 3018 1449 3063 quod
1439 3029 1512 3062 ipse
1529 3029 1599 3050 non
1617 3015 1751 3050 habeat
