1843 3101
189 70 273 114 202

190 161 338 203 nullum
364 176 489 218 genus
522 169 583 204 est
604 163 732 204 minus
755 164 1030 219 malitiosum,)
1064 180 1127 207 me
1152 167 1325 207 studiose
1357 166 1488 223 dicere
1511 174 1649 209 contra
1669 166 1765 224 Epi·

190 250 342 277 curum.
405 235 489 287 Ita,
523 237 665 288 credo,
698 237 745 278 de
771 237 920 279 honore
942 247 1011 280 aut
1034 240 1081 280 de
1106 240 1290 295 dignitate
1317 240 1602 283 contendimus.
1661 240 1764 283 Mihi

189 325 380 352 summum
405 311 445 351 in
466 311 594 351 animo
621 311 764 352 bonum
785 312 964 364 videtur,
997 314 1052 354 illi
1078 321 1205 355 autem
1230 314 1269 355 in
1289 329 1478 370 corpore,
1510 315 1604 356 mihi
1623 315 1664 356 in
1683 316 1763 357 vir-

677 83 851 116 LIBER
874 85 933 117 111.
957 84 1022 129 21,
1045 85 1100 119 51.
1123 84 1267 127 22,52.

189 391 295 435 tute,
344 385 398 424 illi
425 384 463 424 in
488 384 704 440 voluptate.
765 384 819 427 Et
843 386 897 427 illi
924 394 1121 442 pugnant,
1167 388 1381 442 etquidem
1410 389 1628 430 vicinorum
1649 389 1762 430 fidem

188 458 420 514 implorant3
454 459 562 500 multi
582 467 712 500 autem
732 467 838 511 sunt,
873 461 936 515 qui
959 461 1088 502 statim
1111 462 1336 503 convolent.
1401 461 1486 517 Ego
1506 477 1592 504 sum
1613 463 1665 515 is,
1698 463 1763 517 qui

1551 543 1621 578 51.
1656 534 1761 591 Quid

188 605 322 647 enini?
366 608 412 648 de
443 607 546 648 bello
567 606 716 649 Punico
739 609 891 663 agitur?
936 610 983 650 de
1021 625 1096 664 quo
1128 610 1213 666 ipso
1237 626 1350 666 quum
1385 611 1487 652 aliud
1509 609 1571 652 M.
1596 608 1758 660 Catoni,

188 533 310 573 dicam
337 547 397 573 me
423 548 499 573 nou
522 533 727 585 laborare,
762 542 889 575 actum
920 535 1134 576 habiturum
1151 567 1161 587 ,
1196 536 1297 590 quod
1320 536 1488 591 egerint.

185 680 289 721 aliud
314 679 366 721 L.
391 680 561 723 Lentulo
587 683 812 734 videretur,
859 684 962 724 nulla
987 684 1091 724 inter
1121 699 1189 725 eos
1214 686 1455 726 concertatio
1477 699 1645 740 unquam
1671 684 1756 725 fuit.

186 753 239 795 Hi
262 755 376 796 nimis
399 756 584 797 iracunde
609 763 752 812 agunt,
800 758 1028 812 praesertim
1051 773 1167 813 quum
1201 760 1249 800 ab
1281 760 1329 800 iis
1363 774 1441 815 non
1464 773 1558 801 sane
1583 759 1762 800 animosa

186 828 419 870 defendatur
442 831 660 883 sententia,
705 846 775 887 pro
797 846 871 886 qua
895 847 971 872 non
995 833 1032 873 in
1056 840 1217 884 senatu,
1264 849 1342 874 nou
1366 834 1406 874 in
1432 834 1647 884 concione,
1681 847 1760 874 nou

1443 906 1524 949 Sed
1554 922 1640 948 cum
1674 907 1760 947 istis

183 976 296 1028 alias,
324 985 363 1018 et
379 992 425 1019 eo
444 979 595 1032 quidem
613 979 758 1029 animo,
785 980 927 1019 nullum
948 987 990 1020 ut
1006 987 1205 1020 certamen
1222 981 1438 1032 instituam,
1470 995 1607 1022 verum
1629 980 1762 1021 diceu-

183 903 283 958 apud
307 905 550 955 exercitum,
598 919 723 959 neque
756 906 801 945 ad
835 919 1023 946 censores
1044 907 1174 947 dicere
1197 908 1380 948 audeant.

183 1051 286 1092 tibus
309 1052 422 1092 facile
443 1053 593 1092 cedam.
640 1052 811 1093 Tantum
835 1054 1073 1094 admonebo:
1107 1055 1138 1095 si
1160 1055 1331 1095 maxime
1350 1069 1487 1095 verum
1508 1055 1574 1107 sit,
1607 1055 1656 1095 ad
1672 1067 1760 1095 cor-

183 1139 254 1186 pus
276 1126 406 1166 omnia
431 1128 580 1167 referre
606 1127 820 1182 sapientem
835 1160 846 1178 ,
880 1127 989 1178 sive,
1024 1134 1064 1169 ut
1086 1128 1288 1170 honestius
1310 1129 1456 1181 dicam,
1491 1129 1585 1170 nihil
1608 1130 1756 1181 facere,

187 1201 261 1242 nisi
285 1201 385 1256 quod
409 1202 618 1256 expediat,
664 1201 749 1242 sive
774 1202 903 1242 omnia
926 1204 1076 1242 referre
1099 1203 1146 1243 ad
1169 1202 1374 1244 utilitatem
1399 1218 1508 1245 suam
1524 1235 1535 1255 ,
1581 1203 1762 1258 quoniam

184 1274 281 1316 haec
303 1276 520 1330 plausibilia
541 1290 619 1317 non
643 1282 749 1326 sunt,
776 1283 817 1316 ut
838 1276 877 1316 iu
894 1276 982 1316 sinu
1003 1276 1213 1330 gaudeant,
1239 1277 1411 1331 gloriose
1433 1277 1538 1332 loqui
1561 1277 1758 1318 desinant.

298 1347 442 1390 XXII.
477 1356 547 1390 52.
592 1347 904 1404 Cyrenaicorum
943 1357 1065 1391 restat
1090 1351 1310 1402 sententia,
1356 1351 1420 1406 qui
1448 1358 1527 1392 tum
1552 1351 1763 1406 aegritudi-

1440 1424 1516 1466 Est
1547 1425 1584 1466 id
1609 1425 1763 1480 quidem

183 1511 366 1552 magnum
380 1529 391 1548 ,
424 1505 465 1537 ut
485 1511 601 1553 supra
623 1497 729 1548 dixi3
763 1497 879 1537 etiam
901 1495 1121 1553 Chrysippo
1142 1499 1195 1538 ita
1215 1499 1342 1540 videri
1362 1499 1444 1540 scio
1460 1531 1471 1551 ,
1506 1500 1606 1554 quod
1627 1499 1760 1555 provi-

185 1436 275 1463 nem
304 1430 468 1463 censent
490 1423 710 1474 exsistere,
757 1423 789 1463 si
814 1424 1048 1478 necopinato
1073 1424 1162 1478 quid
1185 1426 1378 1466 evenerit.

183 1584 269 1612 sum
288 1578 379 1612 ante
400 1585 477 1611 non
498 1571 570 1623 sit,
615 1571 653 1612 id
674 1572 793 1613 ferire
816 1572 1110 1624 vehementius3
1154 1573 1221 1613 sed
1245 1587 1322 1613 non
1345 1573 1490 1614 suntin
1512 1573 1585 1614 hoc
1611 1573 1756 1614 omnia.

183 1643 418 1700 Quanquam
442 1645 609 1686 hostium
642 1659 785 1701 repens
808 1646 999 1687 adventus
1034 1646 1158 1701 magis
1181 1647 1378 1701 aliquanto
1404 1648 1612 1689 conturbat
1643 1662 1758 1702 quam

181 1755 243 1786 mis
262 1752 325 1785 illis
348 1753 480 1797 quidem
500 1753 587 1791 viris,
613 1753 671 1786 sed
693 1766 758 1785 non
777 1754 856 1785 satis
875 1766 952 1786 eru-

182 1799 271 1831 ditis.
296 1799 338 1832 de
351 1803 405 1831 Or.
419 1801 476 1831 111.
496 1798 623 1838 1264:
649 1807 725 1831 sunt
746 1800 834 1831 enim
856 1800 952 1842 (Epi-

183 1845 284 1884 curei)
308 1848 379 1878 boni
399 1848 459 1878 viri
480 1852 532 1882 et,
567 1845 720 1888 quoniam
745 1845 805 1876 sibi
831 1845 877 1877 ita
900 1846 952 1876 vi-

181 1890 321 1930 dentur,
356 1891 455 1922 beati.
504 1891 559 1922 Sic
587 1903 686 1934 saepe
715 1890 803 1933 apud
835 1895 951 1934 po'e‘tas

182 1936 326 1969 comicos
349 1936 469 1968 dicitur
489 1939 585 1968 bonus
601 1939 669 1975 vir,
695 1943 730 1968 ut
751 1938 827 1969 Ter.
848 1937 951 1969 Andr.

181 1982 240 2013 ΙΙΙ.
255 1982 285 2021 5,
304 1983 361 2014 10:
386 1982 540 2018 ehodum,
563 1984 638 2014 bone
652 1984 701 2014 vir
719 1984 789 2026 (bon
804 1983 952 2023 homme),

182 2025 261 2069 quid
283 2026 377 2068 agis?
414 2027 496 2059 Ibid.
519 2028 555 2058 V
574 2027 615 2065 2,
641 2029 673 2060 5.
723 2029 826 2059 Porro
850 2031 954 2060 minus

182 2073 396 2113 malitiosum5
428 2075 603 2104 malitiosus
632 2085 732 2115 saepe
760 2072 850 2104 idem
881 2074 951 2104 sere

183 2116 357 2159 significat
380 2118 468 2161 quod
487 2120 632 2158 collidus,
652 2121 761 2160 vafer:
784 2129 855 2150 cum
876 2119 950 2162 qui-

182 2161 244 2194 bus
278 2161 387 2194 verbis
420 2174 550 2205 saePlUS
582 2164 792 2196 conltlnctum
817 2164 950 2207 legltssr

183 2206 314 2240 Deinde
329 2207 370 2238 de
383 2210 473 2240 credo
494 2220 523 2238 v.
542 2208 710 2241 Adnotata
731 2209 950 2248 i111.2„‚5›2.

251 2257 279 2286 et
304 2255 352 2285 illi
373 2253 532 2294 pugnam]
558 2253 708 2295 Epicurei
730 2255 851 2286 aciiter
874 2261 950 2286 stu-

182 2298 340 2342 dioseque
375 2310 472 2341 quam
504 2306 720 2341 susceperunt
750 2300 950 2331 sententiam

183 2344 388 2381 defendunt3
415 2354 476 2386 ego
494 2349 618 2381 contra,
637 2344 717 2375 nulli
741 2352 849 2376 certae
866 2357 950 2377 con-

183 2397 331 2422 sectatus
356 2388 569 2432 disciplinae,
605 2389 632 2419 si
653 2390 834 2421 rationibus
865 2402 950 2422 con-

183 2435 290 2467 victus
325 2446 402 2475 ero,
438 2434 537 2467 facile
560 2434 675 2466 cedam
696 2436 881 2467 sententiae
906 2436 950 2467 il-

180 2480 302 2513 lorum.

253 2527 409 2569 laborare]
435 2528 593 2558 Laborare
616 2531 665 2557 est
686 2524 718 2556 h.
739 2525 759 2556 l.
786 2525 951 2557 laboriose

182 2584 343 2616 pugnare.
390 2574 500 2604 tetum
522 2573 700 2603 habiturum
734 2572 815 2610 quod
837 2574 951 2611 egyerint

184 2625 235 2650 est
265 2629 335 2649 rem
365 2617 406 2649 ab
430 2616 602 2659 Epicureis
623 2623 731 2648 actam
756 2615 789 2659 ki.
814 2627 840 2647 e
867 2627 951 2647 con-

184 2663 402 2695 certationem
437 2663 478 2694 ab
518 2662 558 2693 iis
593 2661 740 2693 studiose
777 2661 948 2704 agitatam)

183 2715 383 2741 transactam
409 2708 679 2740 existimaturum.

249 2754 304 2787 51.
342 2755 425 2794 Quid
455 2753 577 2798 enim?]
611 2754 690 2786 Non
725 2751 812 2784 enim
844 2751 952 2795 agitur

183 2810 271 2830 nunc
292 2798 334 2830 de
353 2799 553 2842 reipublicae
575 2811 710 2840 caussa,
740 2798 774 2829 in
797 2809 860 2840 qua
882 2797 950 2829 acri

184 2845 427 2877 concertationi
467 2845 716 2888 sententiaeque
756 2854 950 2887 propugna-

184 2888 269 2920 tioni
282 2890 409 2923 facilius
425 2890 517 2922 locus
535 2890 605 2922 dari
616 2889 742 2934 poss1t
765 2900 950 2932 quanquam

184 2932 220 2965 in
252 2936 442 2975 gravissima
472 2935 516 2968 de
546 2935 637 2968 bello
669 2934 792 2978 punico
826 2945 949 2974 caussa,

185 2989 286 3022 quum
307 2980 397 3013 aliud
418 2981 465 3012 M.
489 2981 618 3017 Catoni.
641 2980 731 3013 aliud
751 2981 791 3013 L.
805 2979 950 3012 Lentulo

987 1754 1177 1792 videretur,
1215 1754 1306 1786 nulla
1339 1754 1427 1786 inter
1457 1766 1514 1787 eos
1549 1755 1754 1788 concertatio

988 1811 1131 1843 unquam
1156 1800 1229 1831 fuit.

1055 1849 1198 1878 animosa
1214 1845 1378 1889 sententia]
1397 1857 1475 1877 sane
1495 1845 1596 1877 virilis
1611 1852 1646 1878 et
1663 1857 1755 1878 mas-

988 1891 1069 1924 cula

1053 1939 1141 1977 apud
1158 1939 1326 1969 exercitum
1344 1956 1401 1977 —,
1422 1938 1465 1968 ad
1485 1946 1624 1969 censores
1639 1937 1755 1981 dicere]
1774 1974 1777 1977 v

988 1984 1137 2026 Utraque
1155 1981 1360 2025 praepositio
1381 1981 1544 2025 significat
1562 1992 1688 2023 coram,
1713 1994 1754 2015 eo

986 2035 1096 2059 tamen
1122 2027 1329 2064 discrimine
1355 2034 1392 2059 ut
1411 2028 1458 2067 is,
1484 2027 1538 2071 qui
1558 2029 1647 2068 apud
1667 2038 1755 2061 exer-

986 2077 1080 2106 citum
1104 2074 1211 2111 dicat,
1237 2085 1255 2105 a
1279 2073 1437 2105 militibus
1461 2072 1586 2105 cinctus
1609 2084 1680 2104 esse
1699 2079 1755 2105 aut

986 2119 1073 2151 inter
1101 2119 1222 2151 milites
1253 2118 1376 2151 versari
1395 2125 1550 2162 putetur3
1584 2117 1611 2150 is
1632 2125 1754 2158 autem,

986 2165 1038 2208 qui
1063 2167 1106 2196 ad
1130 2175 1268 2197 censores
1288 2163 1397 2203 dicat,
1431 2175 1498 2196 non
1521 2163 1611 2196 inter
1634 2175 1755 2196 censo-—

986 2222 1037 2242 res
1051 2236 1058 2248 ‚
1084 2210 1144 2242 sed
1165 2210 1197 2241 in
1221 2221 1334 2242 eorum
1358 2208 1608 2253 propinquitate
1628 2209 1752 2242 versari

984 2262 1129 2299 putetur.

1050 2304 1173 2333 nullum
1198 2305 1232 2332 ut
1255 2305 1408 2333 certamen
1428 2302 1610 2341 instituam,
1644 2310 1754 2333 verum

985 2349 1045 2379 dic.
1067 2348 1089 2387 f.
1111 2346 1234 2389 cedam]
1258 2347 1304 2377 De
1323 2346 1466 2390 eleganti
1485 2345 1659 2378 verborum
1680 2345 1755 2378 col-

985 2392 1149 2424 locatione
1180 2393 1303 2423 nullum
1333 2396 1367 2423 ut
1399 2404 1431 2423 v.
1466 2390 1488 2422 d
1521 2391 1546 2423 I.
1574 2394 1614 2431 ὃ,
1642 2390 1694 2424 16.
1720 2397 1754 2422 et

985 2437 1027 2469 de
1051 2436 1214 2480 asyndeto
1241 2436 1296 2479 (de
1329 2436 1452 2469 omisso
1481 2435 1549 2474 sed)
1577 2449 1608 2469 v.
1635 2447 1695 2468 nos
1718 2435 1753 2467 in

988 2483 1044 2514 Gr.
1061 2484 1099 2513 L.
1123 2484 1150 2526 Q.
1168 2480 1278 2519 138‚b
1301 2482 1335 2522 b)
1362 2494 1394 2525 p.
1408 2481 1486 2515 353.
1510 2480 1562 2512 ed.
1575 2481 1608 2513 2.
1644 2480 1753 2512 Etiam

986 2527 1097 2569 paullo
1122 2533 1219 2570 post:
1256 2529 1289 2558 in
1316 2530 1386 2559 sinu
1406 2528 1589 2567 gaudeant,
1622 2528 1754 2567 ylariose

985 2575 1068 2613 loqui
1091 2574 1244 2603 desinant.
1291 2573 1330 2602 V.
1355 2571 1436 2603 ibid.
1458 2571 1489 2611 a)
1516 2571 1627 2613 p.352
1639 2582 1688 2615 sq.

1052 2620 1085 2649 in
1109 2619 1180 2649 sinu
1199 2618 1372 2659 yaudeant]
1408 2617 1451 2647 H.
1471 2627 1500 2647 e.
1525 2627 1656 2655 secum,
1680 2616 1752 2659 pri-

984 2661 1086 2693 vatim
1122 2661 1269 2704 (proprie
1294 2672 1344 2694 ore
1375 2665 1464 2702 toyae
1483 2662 1555 2694 sinu
1585 2661 1754 2702 obvoluto).

986 2707 1101 2748 Comp.
1127 2705 1249 2738 Tibull.
1276 2707 1330 2738 IV.
1361 2706 1422 2745 13,
1446 2706 1487 2739 8:
1524 2707 1641 2749 procul
1668 2707 1754 2739 absit

985 2752 1090 2794 gloria
1113 2751 1223 2793 vulgi;
1271 2751 1334 2791 Qui
1357 2750 1464 2793 sapit,
1489 2750 1522 2783 in
1543 2751 1648 2784 tacito
1668 2764 1753 2796 gau-

985 2797 1063 2829 deat
1083 2796 1138 2828 ille
1158 2797 1240 2828 sinu.
1265 2797 1363 2840 Prop.
1382 2798 1421 2828 11.
1435 2796 1489 2835 25,
1503 2796 1564 2830 30:
1590 2799 1627 2830 In
1646 2798 1751 2830 tacito

986 2842 1104 2875 cohibe
1122 2841 1240 2885 gaudia
1256 2841 1365 2874 clausa
1384 2841 1468 2873 sinu.
1494 2844 1570 2875 Seu.
1589 2855 1640 2887 ep.
1665 2843 1748 2876 105:

984 2888 1012 2920 si
1030 2889 1116 2920 bona
1138 2894 1195 2919 tua
1216 2898 1283 2919 non
1305 2887 1495 2927 iactaveris,
1531 2888 1559 2920 si
1580 2888 1692 2921 scieris
1715 2887 1755 2920 iir

984 2933 1056 2966 sinu
1080 2933 1233 2976 gaudere.

1054 2979 1132 3012 CAP.
1144 2979 1258 3011 XXII.
1275 2978 1329 3012 52.
1351 2980 1538 3023 Chrysippo]
1557 2980 1665 3020 Quem
1675 2985 1750 3022 'spe-
