1843 3101
164 48 247 93 168
702 63 1195 109 LIBER11.27,65.66.

166 140 238 183 dus
263 140 337 193 sit,
383 141 534 197 (omnia
557 142 659 184 enim
682 143 784 185 bene
807 145 909 186 facta
932 145 973 186 in
992 145 1081 188 luce
1101 161 1144 188 se
1171 147 1355 190 collocari
1379 149 1518 191 volunt
1529 151 1566 203 ς)
1597 151 1667 193 sed
1690 158 1749 194 ta-

162 227 254 257 men
283 216 429 257 nullum
461 216 656 258 theatrum
688 217 823 259 virtuti
855 220 1098 262 conscientia
1129 222 1255 263 maius
1286 230 1362 264 est.

276 288 464 331 XXVII.
509 297 577 332 65.
613 291 746 347 Atque
765 293 804 334 in
827 294 962 348 primis
985 296 1218 338 meditemur
1239 297 1347 349 illud,
1381 305 1424 339 ut
1442 298 1540 340 baec
1562 300 1748 356 patientia

162 362 363 415 dolorum,
409 378 521 418 quam
545 379 665 421 saepe
693 367 767 408 iam
796 370 912 410 animi
937 370 1154 411 intentione
1181 371 1263 412 dixi
1288 386 1376 413 esse
1405 372 1659 427 firmandam,
1706 375 1748 417 in

161 438 266 478 omni
301 451 447 491 genere
483 453 525 480 se
561 441 803 495 aequabilem
837 444 1037 498 praebeat.
1101 442 1231 500 Saepe
1266 445 1368 486 enim
1403 447 1539 499 multi,
1585 448 1648 502 qui
1681 455 1749 490 aut

159 518 320 567 propter
342 503 533 554 victoriae
557 515 833 570 cupiditatem,
879 526 946 559 aut
969 526 1127 574 propter
1151 520 1324 574 gloriae,
1369 527 1438 561 aut
1461 521 1578 562 etiam
1610 529 1652 563 ut
1685 522 1746 563 ius

158 599 272 626 suum
298 593 337 627 et
359 587 578 629 libertatem
605 596 809 642 tenerent,
854 593 1018 634 vulnera
1043 601 1290 649 exceperunt
1315 594 1468 635 fortiter
1493 602 1533 636 et
1555 595 1744 649 tulerunt,

158 658 275 700 iidem
310 661 454 702 omissa
479 664 732 705 contentione
757 666 931 707 dolorem
957 667 1081 708 morbi
1118 668 1220 709 serre
1250 683 1327 709 non
1360 676 1538 724 possunt.
1600 669 1745 725 Neque

158 733 262 774 enim
287 734 418 787 illum,
453 751 566 792 quem
593 738 705 779 facile
735 740 929 794 tulerant,
962 742 1117 782 ratione
1140 749 1206 783 aut
1229 743 1423 798 sapientia
1447 743 1641 795 tulerant,
1675 745 1746 786 sed

158 808 288 849 studio
309 809 439 864 potius
471 818 510 851 et
531 812 673 866 gloria.
737 812 872 869 Itaque
896 815 1054 856 barbari
1080 817 1233 870 quidam
1269 823 1309 857 et
1330 816 1520 859 immanes
1547 819 1653 860 ferro
1676 819 1746 860 de-

156 888 307 923 certare
341 885 534 926 acerrime
572 895 759 941 possunt,
815 897 1023 944 aegrotare
1058 890 1227 931 viriliter
1260 905 1338 932 non
1371 899 1544 946 queunt:
1596 891 1743 934 Graeci

155 963 286 997 autem
308 957 512 1011 homiues,
560 975 638 1001 non
669 962 763 1002 satis
785 963 975 1014 animosi,
1023 965 1258 1020 prudentes,
1294 973 1335 1006 ut
1368 973 1429 1006 est
1463 973 1596 1022 captus
1620 967 1744 1008 homi-

154 1043 271 1082 num,
316 1032 437 1084 satis,
487 1033 637 1075 bostem
659 1036 862 1091 adspicere
890 1052 967 1077 nou
992 1045 1178 1093 possunt,
1223 1039 1349 1079 eidem
1384 1040 1543 1082 morbos
1573 1041 1745 1082 toleran-

154 1110 217 1144 ter
232 1111 348 1160 atque
369 1106 535 1148 humane
558 1110 703 1150 serunt.
766 1110 822 1151 At
844 1109 995 1152 Cimbri
1016 1119 1055 1152 et
1075 1110 1266 1154 Celtiberi
1283 1113 1321 1154 in
1343 1114 1502 1170 proeliis
1522 1115 1740 1167 exsultant,

152 1176 418 1221 lamentantur
443 1182 483 1223 in
508 1183 670 1235 morb03
706 1185 800 1226 nihil
826 1186 928 1227 enim
955 1194 1083 1242 potest
1109 1202 1199 1228 esse
1231 1189 1458 1243 aequabile,
1493 1191 1593 1244 quod
1619 1205 1698 1231 non
1722 1204 1745 1232 a

153 1259 264 1294 certa
299 1255 454 1298 ratione
485 1258 773 1313 proficiscatur.
837 1267 905 1302 66.
952 1260 1033 1303 Sed
1069 1277 1184 1317 quum
1223 1262 1384 1314 videas,
1433 1277 1527 1315 eos,
1575 1263 1639 1319 qui
1678 1272 1746 1306 aut

154 1328 311 1381 studio,
356 1337 424 1371 aut
447 1331 632 1387 opinione
659 1334 872 1386 ducantur,
920 1336 958 1376 in
984 1350 1030 1377 eo
1056 1338 1327 1392 persequendo
1353 1345 1468 1393 atque
1493 1338 1744 1394 adipiscendo

155 1400 293 1443 dolore
316 1418 394 1444 non
415 1406 567 1461 frangi:
616 1407 760 1448 debeas
786 1408 1016 1451 existimare
1031 1444 1041 1462 ,
1088 1419 1154 1452 aut
1175 1426 1253 1452 non
1276 1425 1365 1453 esse
1383 1412 1524 1453 malum
1549 1413 1740 1466 dolorem,

153 1482 244 1528 aut,
289 1478 405 1519 etiam
429 1479 486 1531 si,
531 1481 711 1536 quicquid
737 1497 918 1538 asperum
941 1485 1188 1540 alienumque
1214 1493 1353 1527 natura
1387 1487 1460 1539 sit,
1494 1487 1531 1528 id
1556 1488 1745 1544 appellari

156 1561 356 1595 tractionem
396 1570 511 1597 natum
544 1573 592 1598 est
619 1578 659 1599 ex
689 1579 750 1600 non
784 1579 817 1600 eo
839 1571 933 1609 quod.

156 1605 350 1651 Comparari
376 1617 488 1652 potest
510 1623 664 1654 graecum
687 1612 740 1656 ἐφ’
765 1608 794 1647 ὦ
820 1622 852 1645 et
878 1611 932 1658 ἐφ’

156 1645 224 1686 ὥτε
247 1665 308 1696 pro
330 1653 386 1688 ἐπὶ
405 1654 515 1700 τούτῳ
540 1653 568 1692 ἕ.
610 1659 760 1702 Denique
775 1652 930 1692 ¹monen-

182 1709 254 1740 um,
282 1711 342 1742 pro
367 1712 427 1733 non
452 1705 536 1743 quod
561 1715 635 1745 gnon
654 1707 726 1745 quox>
741 1730 752 1746 ‚
775 1708 828 1738 sed
851 1708 933 1747 quod

154 1754 255 1788 saepe
277 1745 309 1777 in
332 1746 439 1779 altero
462 1749 610 1780 membro
629 1762 647 1781 a
673 1750 833 1783 Cicerone
853 1752 932 1795 poni

154 1791 221 1830 sed,
245 1793 299 1823 sed
321 1796 437 1832 lamen,
462 1794 508 1825 uti
527 1793 560 1826 h.
575 1795 596 1826 1.
636 1795 689 1827 Cf.
711 1798 733 1828 Ι.
762 1798 786 1835 l,
811 1797 847 1829 1:
875 1809 934 1830 non

155 1838 230 1875 quia
246 1836 456 1882 philosophia
473 1840 601 1883 graecis
624 1848 657 1873 et
675 1841 794 1874 litteris
818 1850 851 1873 et
872 1842 934 1874 do-

155 1881 303 1914 ctoribus
329 1885 452 1927 percipi
485 1897 552 1918 non
579 1894 711 1930 posset3
747 1890 801 1920 sed
824 1900 933 1920 meum

153 1936 286 1969 semper
302 1929 460 1962 iudicium
482 1931 545 1965 fuit
566 1939 645 1964 cett.
662 1934 720 1965 111.
738 1936 792 1973 22,
816 1934 870 1967 54.
891 1934 932 1966 de

154 1971 210 2004 Or.
230 1973 270 2004 ΙΙ.
297 1974 355 2013 18,
379 1974 432 2008 74.

215 2027 254 2061 *se
278 2022 423 2052 collocari
450 2024 571 2065 volunt]
614 2025 654 2055 V.
691 2024 862 2057 Adnotata
897 2025 931 2057 in

154 2062 180 2093 Ι.
203 2062 265 2102 41,
291 2063 346 2097 935.

217 2110 386 2154 theatrum]
408 2111 450 2143 de
468 2114 713 2155 spectatoribus
733 2115 929 2160 intelligen-

154 2151 244 2185 dum.
293 2156 335 2187 V.
360 2156 445 2188 Adu.
468 2157 500 2189 in
527 2159 550 2189 Ι.
571 2157 635 2198 —i-l»,
658 2160 732 2194 106.

219 2199 459 2234 CAR-XXVII.
485 2202 539 2236 63.
563 2210 689 2245 propter
712 2207 846 2252 yloriae]
873 2210 930 2240 III.

153 2243 220 2284 32,
239 2245 300 2279 77:
340 2253 374 2278 et
399 2247 441 2279 de
465 2251 630 2281 communi
657 2253 851 2285 conditione
878 2254 930 2285 vi-

153 2295 220 2329 tae,
246 2297 280 2322 et
298 2293 447 2335 proprie,
473 2294 500 2325 si
519 2295 598 2337 quid
618 2295 661 2327 sit
681 2299 719 2329 de
740 2301 849 2339 ipsius,
876 2299 930 2342 qui

153 2343 321 2377 maereat,
346 2337 592 2382 disputandum.
641 2343 765 2383 1v.31‚
792 2344 854 2376 65:
884 2349 931 2377 Ac

154 2380 197 2413 de
219 2382 381 2415 malorum
406 2384 563 2427 opinione
587 2386 755 2420 hactenus.
803 2389 931 2422 Videa-

153 2438 226 2459 mus
249 2440 338 2461 nunc
364 2432 402 2463 de
426 2432 586 2463 bonorum.

219 2476 316 2507 iidem
345 2478 464 2508 omissa
494 2476 589 2520 cett.]
626 2478 816 2511 Pronomen
847 2482 930 2513 idem

155 2529 255 2561 saepe
278 2520 488 2553 adversativa
511 2522 543 2553 vi
565 2533 628 2565 pro
650 2527 752 2556 tamen
771 2527 855 2557 idem
874 2526 929 2558 vel

153 2565 236 2597 idem
260 2569 364 2599 tamen
385 2574 569 2611 usurpatur.
618 2568 710 2600 Infra
731 2570 770 2601 V.
790 2570 841 2609 10,
863 2570 927 2604 50:

153 2620 224 2642 non
248 2612 418 2652 concedo,
454 2619 508 2649 ut.
534 2624 634 2657 quum
658 2613 693 2658 (i.
715 2627 743 2646 e.
766 2616 927 2658 quamvis)

155 2666 212 2692 ea,
241 2668 324 2699 quae
343 2670 443 2701 supra
463 2659 672 2699 enumeravi,
699 2659 732 2692 in
752 2660 846 2692 malis
864 2673 929 2693 nu-

153 2709 304 2742 merent,
339 2706 437 2737 iidem
465 2704 600 2744 dicant,
637 2717 769 2749 semper
794 2706 930 2739 beatum

155 2757 227 2779 esse
249 2749 446 2792 sapientem.
482 2751 523 2782 V.
542 2762 604 2783 nos
620 2750 655 2784 in
674 2752 732 2784 Gr.
747 2752 787 2784 L.
811 2752 839 2795 ξ).
854 2753 928 2794 123,

153 2790 186 2824 3.
212 2804 246 2835 p.
257 2793 336 2827 269.
361 2795 414 2827 ed.
427 2795 460 2828 2.
683 2827 688 2832 .

221 2842 254 2870 ut
274 2843 317 2872 est
339 2845 450 2881 coptus
472 2842 648 2888 hominum]
673 2843 717 2875 H.
739 2854 768 2875 e.
786 2854 852 2887 pro
872 2855 930 2875 ra-

153 2879 248 2914 tione
264 2909 272 2920 ,
319 2885 514 2920 conditione
560 2895 675 2932 captus
715 2889 929 2929 Graecorum,

155 2925 277 2960 Graeci
299 2941 363 2973 qua
385 2939 462 2964 sunt
484 2945 503 2965 a
525 2941 644 2966 natura
667 2934 821 2967 instructi
846 2947 930 2977 pru—

151 2968 279 3004 dentia.
317 2975 374 3008 Sic
385 2978 562 3011 Terentius
576 2979 722 3025 Adelph.
741 2981 799 3012 ΙΙΙ.
815 2978 849 3020 4,
866 2978 928 3015 34:

969 1570 1022 1602 hic
1040 1572 1126 1603 Geta
1143 1572 1327 1610 Praeterea,
1353 1576 1386 1603 u!
1407 1576 1519 1613 captus
1539 1573 1746 1606 servulorum

969 1621 1031 1656 est,
1059 1612 1122 1648 non
1147 1617 1251 1649 malus
1273 1618 1389 1660 Neque
1410 1617 1507 1650 iners.
1535 1619 1628 1651 Caes.
1648 1620 1682 1652 B.
1702 1621 1743 1652 G.

971 1663 1035 1700 lv,
1057 1662 1095 1694 3:
1125 1674 1264 1705 quorum
1289 1674 1346 1705 χες.
1372 1663 1547 1706 Ubiorum)
1573 1664 1637 1697 fuit
1659 1665 1745 1697 civi-

969 1714 1018 1738 tas
1053 1709 1161 1750 ampla
1194 1715 1293 1751 atque
1323 1708 1463 1747 florens,
1503 1714 1535 1741 ul
1566 1714 1609 1742 est
1634 1716 1745 1752 captus

974 1754 1228 1794 Germanorum.
1252 1754 1395 1785 Maxime
1409 1761 1519 1787 autem
1531 1755 1612 1787 illud
1627 1761 1660 1788 nl
1673 1757 1745 1789 sine

970 1799 1072 1830 verbo
1089 1799 1233 1842 ponitur,
1258 1799 1303 1831 ita
1323 1806 1357 1830 ut
1375 1799 1410 1831 id
1428 1812 1467 1832 ex
1483 1801 1643 1833 orationis
1658 1813 1744 1834 nexu

969 1845 1191 1888 supplendum
1218 1845 1278 1876 sit:
1306 1844 1347 1876 (le
1369 1857 1434 1889 quo
1453 1857 1510 1877 usu
1535 1858 1635 1890 supra
1656 1847 1700 1880 ad
1715 1849 1742 1880 1.

971 1893 1012 1930 δ,
1042 1892 1092 1923 ls).
1119 1890 1254 1933 copiose
1275 1890 1527 1933 disputavimus.

1037 1938 1172 1968 humane
1190 1938 1307 1978 serunt]
1324 1937 1366 1968 H.
1379 1948 1405 1968 e.
1425 1937 1535 1970 animo
1552 1938 1740 1979 moderato,

968 1981 1014 2013 uti
1037 1981 1206 2014 hominem
1227 1981 1334 2014 decet.
1371 1982 1578 2015 Sic'rerent.
1597 1984 1742 2028 Adelph.

967 2029 991 2059 I.
1009 2030 1041 2066 2,
1063 2027 1125 2061 (ἰὸς
1152 2027 1205 2059 vix
1227 2029 1363 2060 Immone
1383 2031 1513 2068 patitur.
1551 2028 1606 2062 Sic
1619 2029 1740 2062 Graeci

966 2072 1081 2105 dicunt
1105 2069 1326 2116 ἅνὶῑρωπίνως
1349 2073 1462 2116 φέρειν
1487 2086 1517 2105 ν.
1543 2086 1571 2109 c.
1594 2073 1656 2114 τὰς
1679 2072 1744 2110 τύ-

966 2131 1051 2163 γας,
1086 2117 1124 2153 τὸ
1164 2118 1396 2163 συμβεβηκός.
1452 2119 1621 2153 Plutarch.
1643 2121 1742 2154 Gons.

965 2158 1007 2196 a'd
1030 2165 1175 2208 Apollon
1207 2177 1240 2208 p.
1259 2165 1340 2198 116:
1374 2164 1548 2204 πείῖΰοντες
1575 2165 1619 2201 τὰ
1650 2165 1742 2201 κοινᾶ

965 2211 1022 2243 τεῦ
1058 2210 1127 2243 ἶίευ
1152 2207 1388 2252 συμπτώματα
1410 2211 1531 2250 κοινῶς
1551 2211 1663 2255 φέρειν
1685 2212 1745 2246 καὶ

965 2255 1008 2288 τά
1044 2238 1238 2298 εένξρώτῑινα
1269 2252 1499 2297 dapmnum.
1557 2257 1744 2290 Menander

968 2300 1091 2344 p.·265'.
1138 2300 1310 2332 Meineke:
1343 2297 1563 2344 ἀνθρωπίνως
1590 2301 1655 2348 χρὴ
1680 2302 1744 2342 τοὶς

964 2342 1071 2391 τύχας
1094 2346 1228 2388 φέρειν,
1255 2344 1337 2385 ξένε.

1037 2394 1152 2424 Cimbri
1163 2396 1189 2424 et
1206 2391 1361 2435 Celtiberi]
1378 2391 1487 2424 Valer.
1501 2392 1636 2425 Maxim.
1651 2394 1691 2425 Π.
1704 2392 1738 2434 6,

967 2437 1018 2469 11:
1036 2437 1159 2468 Alacris
1173 2444 1206 2469 et
1219 2436 1315 2469 sortis
1331 2437 1538 2470 Cimbrorum
1549 2445 1583 2470 et
1595 2437 1741 2470 Celtibe-

965 2493 1078 2514 rorum
1093 2482 1346 2526 (philosophia),
1357 2483 1456 2526 quiin
1468 2483 1539 2515 acie
1549 2483 1672 2526 gaudio
1684 2495 1742 2515 ex-

966 2527 1153 2567 suItabant‚
1187 2535 1346 2572 tanquam
1377 2528 1522 2571 gloriose
1544 2535 1579 2560 et
1597 2528 1742 2562 feliciter

964 2573 1033 2604 vita
1056 2574 1238 2613 excessuri;
1267 2574 1538 2606 lamentabantur
1553 2574 1588 2606 in
1607 2574 1740 2614 morbo,

965 2619 1058 2661 quasi
1084 2619 1227 2662 turpiter
1257 2626 1290 2651 et
1320 2619 1554 2652 miserabiliter
1586 2619 1738 2663 perituri.

1033 2663 1088 2697 66.
1121 2667 1155 2696 in
1178 2675 1212 2696 eo
1235 2664 1460 2708 persequendo]
1497 2666 1522 2697 E
1550 2665 1740 2698 nominibus

963 2711 1068 2741 studio
1091 2716 1125 2741 et
1155 2712 1299 2751 opinione
1329 2709 1582 2753 intelligendum
1616 2718 1667 2743 est
1692 2713 1740 2753 id,

964 2756 1016 2786 cui
1037 2757 1160 2787 student
1179 2759 1207 2787 et
1227 2757 1311 2796 quod
1333 2758 1448 2787 bonum
1468 2759 1647 2797 opinantur.
1685 2758 1742 2790 Sic

964 2805 1057 2832 recte
1079 2800 1121 2832 de
1141 2800 1173 2832 h.
1194 2800 1215 2831 l.
1238 2800 1355 2832 statuit
1373 2803 1542 2835 Nissenius.
1592 2802 1643 2834 Cf.
1659 2803 1684 2835 1.
1705 2802 1740 2843 2,

965 2845 1004 2878 4:
1031 2845 1269 2890 discebantque
1289 2848 1324 2879 id
1347 2858 1484 2880 omnes:
1511 2847 1567 2881 ubi
1579 2847 1740 2882 v.Adno-

964 2896 1037 2923 tata
1062 2900 1186 2924 nostra.

1033 2940 1195 2978 aliquanto
1215 2937 1381 2982 maiorem]
1416 2939 1457 2970 H.
1481 2951 1510 2971 e.
1530 2939 1620 2972 bona
1643 2945 1741 2983 parte

964 2982 1134 3016 maiorem.
1178 2985 1344 3025 Aliquanto
1364 2990 1398 3016 et
1417 2986 1616 3027 aliquantum
1635 2984 1740 3029 signi-
