1811 3053
140 40 196 84 22
751 48 1102 82 rRoLEGOMENA.

144 139 261 182 sunt,
302 133 428 171 serius
452 131 625 180 demum,
655 137 833 183 tempore
856 131 943 180 illo,
976 144 1098 181 quum
1121 130 1418 168 Atheniensium
1443 130 1578 182 legati,
1608 133 1709 170 Car-

144 201 306 250 neades,
337 201 534 239 Critolaus
561 207 599 237 et
616 199 826 251 Diogenes,
855 206 935 237 tres
955 198 1187 251 philosophi
1209 198 1424 248 clarissimi,
1454 200 1615 237 Romam
1637 213 1709 239 ve·-

144 276 294 306 nerunt
316 270 415 320 (156
434 283 467 306 a.
481 266 605 319 (jhu),
635 267 967 318 praeclarissimae
988 267 1094 305 illius
1120 267 1351 318 disciplinae
1374 267 1550 305 studium
1568 267 1711 306 laetius

144 337 389 375 efflorescere
413 336 558 387 coepit.
616 336 803 387 Epicurei
828 343 920 388 post
943 338 983 373 C.
1007 335 1242 372 Amafinium
1269 335 1391 386 primi
1415 336 1600 385 fuerunt,
1641 335 1711 386 qui

142 405 437 456 philosophiam
462 418 570 441 suam
591 404 735 442 litteris
756 405 887 442 latinis
915 396 1216 455 consignarunt.
1255 417 1289 440 e.
1310 407 1350 442 5.
1391 404 1521 441 Pauca
1541 403 1713 442 subiun-

143 480 295 525 guntur
326 473 373 510 de
402 472 619 510 academica
649 472 962 524 philosophandi
992 472 1161 509 ratione.
1204 485 1237 509 c.
1265 474 1303 510 4.
1332 471 1464 522 princ.

254 542 299 578 ll.
357 542 614 578 PnorosITUM
647 538 805 594 (θέσις).
877 542 969 578 Nm
1002 544 1112 578 omni
1143 542 1275 577 (mimi
1303 539 1612 591 perturbatione
1639 553 1713 577 sa-

136 612 256 660 pien-9
288 609 448 647 videtur
481 624 638 647 vacare.

252 678 356 715 Huic
379 677 594 715 sententiae
611 678 767 715 Tullius
791 678 846 715 ita
869 677 1105 728 respondet,
1136 682 1203 725 ut,
1234 675 1417 714 hesterna
1441 675 1715 727 disputatione

138 745 183 782 in
200 752 333 797 partes
358 753 510 794 vocata,
541 747 804 797 aegritudine
826 746 984 796 quidem
1008 745 1223 796 sapientem
1246 758 1389 783 vacare
1415 744 1541 794 dicat,
1572 758 1617 782 ea
1637 758 1713 782 au-

139 820 218 852 tem
245 815 417 862 sublata,
448 815 556 865 sequi
584 815 718 863 etiam,
750 828 798 852 ne
820 820 966 852 metum
989 813 1146 864 quidem
1180 813 1319 851 cadere
1345 827 1459 865 posse
1481 813 1523 851 in
1553 812 1712 864 sapien-

139 888 237 931 tem,
269 897 359 920 nam
382 890 525 920 metum
552 896 630 921 esse
659 897 796 920 earum
817 896 952 920 rerum
976 882 1216 930 absentium,
1248 895 1418 932 quarum
1443 881 1712 933 praesentium

137 950 189 988 sit
219 951 446 1002 aegritudo:
486 952 684 1002 reliquum
711 952 834 1002 igitur
863 964 959 998 esse,
1001 956 1049 987 ut
1067 950 1381 998 demonstretur,
1420 963 1468 987 ne
1490 950 1588 987 duas
1619 948 1712 1000 qui-

139 1018 225 1055 dem
249 1033 348 1069 quae
372 1026 522 1057 restent
542 1019 877 1070 perturbationes,
906 1017 1098 1054 laetitiam
1119 1017 1343 1068 gestientem
1364 1023 1403 1055 et
1425 1017 1641 1066 libidinem,
1670 1016 1715 1054 in

138 1087 354 1137 sapientem
386 1088 539 1125 cadere.
581 1101 613 1124 c.
640 1091 679 1126 4.

250 1155 321 1192 His
351 1162 479 1193 autem
514 1156 682 1204 relictis,
723 1161 851 1192 totum
883 1155 930 1192 de
962 1153 1334 1204 perturbationibus
1363 1153 1495 1191 locum
1525 1153 1714 1204 disputa-

138 1222 247 1260 tione
271 1237 342 1261 sua
368 1224 575 1275 complecti
606 1223 850 1274 ingreditur,
887 1229 1005 1272 atque
1030 1222 1083 1258 ita
1107 1221 1281 1271 quidem,
1312 1227 1360 1258 ut
1385 1222 1613 1260 Stoicorum
1642 1235 1714 1259 ra-

138 1290 298 1340 tionem,
331 1292 397 1342 qui
420 1306 542 1342 quum
562 1292 609 1329 de
631 1291 751 1329 animi
773 1289 1147 1342 perturbationibus
1169 1289 1388 1340 disputent,
1416 1303 1593 1341 magnam
1613 1303 1713 1341 par-

138 1365 214 1396 tem
246 1360 288 1396 in
319 1359 367 1397 iis
392 1359 611 1411 partiendis
646 1366 684 1397 et
711 1360 940 1397 definiendis
965 1357 1151 1409 occupati
1180 1358 1279 1407 sint,
1318 1358 1552 1396 medicinam
1583 1364 1714 1395 autem

137 1428 490 1479 perturbationum
520 1428 662 1466 leviter
692 1435 847 1465 tantum
883 1429 1098 1478 attingant,
1142 1440 1229 1463 cum
1254 1427 1610 1478 Peripateticorum
1642 1440 1713 1464 ra-

138 1495 268 1544 tione,
300 1497 389 1547 qui,
419 1496 623 1548 partiendi
648 1503 686 1534 et
709 1496 921 1534 definiendi
938 1484 1069 1547 'spinis
1089 1495 1393 1547 praetermissis,
1424 1494 1474 1532 ad
1498 1494 1714 1547 placandos

137 1564 412 1616 sanandosque
435 1567 585 1604 animos
608 1565 731 1603 multa
756 1566 935 1613 ass'erant,
967 1564 1281 1616 coniungendam
1308 1563 1471 1601 iudicet.
1512 1563 1614 1601 Tota
1634 1561 1714 1614 igi-

138 1638 208 1669 tur
239 1632 360 1670 huius
391 1634 483 1672 libri
516 1635 736 1685 disputatio
765 1633 968 1685 tripertita
1000 1639 1068 1670 est.

252 1702 298 1739 A.
357 1704 506 1740 Prima
532 1717 637 1754 pmzs·
667 1702 772 1739 sistit
804 1702 1018 1739 divisiones
1054 1707 1092 1738 et
1125 1700 1373 1738 definitiones
1409 1698 1585 1737 omnium
1616 1711 1712 1750 per-

142 1770 422 1807 turbationum
459 1771 602 1808 animi:
651 1771 695 1808 in
726 1771 870 1821 quibus
902 1783 1035 1822 presse
1066 1769 1248 1820 sequitur
1282 1769 1511 1807 Stoicorum
1538 1766 1716 1818 vestigia.

140 1850 173 1874 c.
197 1841 367 1878 6—14.

253 1907 297 1943 Β.
355 1907 506 1944 Altera
531 1922 635 1958 pars
658 1907 790 1955 docet,
819 1907 1142 1958 perturbationes
1167 1906 1210 1943 in
1231 1905 1448 1956 sapientem
1470 1904 1609 1942 cadere
1630 1917 1713 1941 non

140 1985 265 2023 posse.
325 1972 367 2010 In
405 1988 483 2024 quo
521 1975 610 2012 loco
636 1976 790 2013 Tullius
817 1976 973 2026 longius
1007 1974 1255 2026 exspatiatur
1290 1973 1333 2010 in
1360 1972 1572 2010 refellenda
1597 1971 1712 2009 Peri-

140 2041 405 2091 pateticorum
433 2042 481 2079 de
513 2043 866 2093 perturbationum
901 2051 939 2082 et
972 2043 1199 2081 necessitate
1233 2048 1273 2079 et
1306 2041 1479 2079 utilitate
1509 2039 1714 2078 sententia.

141 2122 175 2146 c.
201 2113 393 2148 15-26,

256 2179 297 2215 C.
368 2180 503 2216 Tertia
528 2193 632 2230 pars·
661 2178 856 2229 proponit
886 2179 1075 2227 remedia,
1107 2192 1207 2228 quae
1234 2176 1608 2229 perturbationibus
1637 2175 1712 2214 ad-

142 2243 314 2283 hibenda
343 2246 438 2284 sint.
477 2261 509 2285 c.
535 2250 732 2286 27-58,

716 2406 761 2443 A.
819 2406 976 2443 PfflMA
1005 2405 1142 2443 PARS.

900 2499 956 2522 DE

395 2560 619 2596 DIVISIONE
645 2563 703 2596 ET
728 2562 1018 2595 DEFINITIONE
1043 2561 1471 2594 PERTURBATIONUM.

262 2672 297 2696 a.
355 2658 558 2709 Definitio
585 2656 909 2708 perturbationi-s*
934 2659 1097 2707 edu-sque
1118 2657 1306 2705 partium
1324 2654 1554 2705 descriptio.
1605 2655 1709 2690 Per-

149 2726 329 2764 turbatio
362 2720 536 2778 (πάθος,
571 2723 906 2773 Leidensclzaft)‚
948 2737 1046 2774 quae
1076 2723 1210 2761 oritur
1236 2736 1256 2760 e
1285 2722 1434 2760 iudicio
1460 2728 1500 2759 et
1523 2720 1712 2772 opinione

149 2790 295 2845 (salsa),
325 2809 424 2845 quae
446 2802 503 2833 est
522 2793 713 2832 imbecilla
731 2792 902 2830 assensio
929 2790 984 2844 (v.
1005 2790 1171 2843 §.15.),
1202 2797 1258 2828 est
1279 2805 1427 2828 aversa
1452 2804 1479 2827 a
1503 2796 1614 2827 recta
1636 2803 1710 2827 ra—

151 2861 278 2904 tione,
310 2871 451 2900 contra
478 2871 698 2910 naturam,
730 2863 863 2899 animi
892 2863 1104 2898 commotio
1131 2853 1173 2911 (ἦ
1196 2853 1337 2909 c'z'toyog
1359 2855 1428 2895 καὶ
1461 2851 1568 2909 παρὰ
1588 2851 1711 2906 φύσιν

148 2928 281 2976 ψυχῆς
301 2927 464 2979 κίνησις,
486 2932 599 2984 Diog.
620 2932 750 2970 Laert.
768 2929 851 2980 VII,
872 2927 998 2981 110.).
1056 2929 1186 2967 Huius
1210 2926 1412 2966 contraria
1437 2933 1496 2965 est
1517 2933 1709 2965 constan-
