1859 3149
598 52 768 86 Lmen
792 53 834 86 v.
857 50 924 95 32,
948 50 1005 86 90.
1027 50 1085 87 91.
1553 46 1639 90 313

43 143 165 193 gunt,
208 134 350 177 melius
379 148 424 177 se
457 133 625 186 habent,
671 148 786 189 quam
807 133 1036 190 Epicurus?
1066 148 1117 176 an
1142 134 1190 176 ad
1216 142 1373 188 cetera,
1407 150 1508 190 quae
1534 139 1638 181 mala

45 216 258 267 putantur,
291 224 371 251 non
391 217 431 251 et
448 207 664 265 Epicurus,
699 216 740 250 et
759 209 900 264 reliqui
921 209 1140 266 philosophi
1162 210 1258 252 satis
1278 211 1403 267 parati
1424 212 1638 256 videntur?

48 284 150 340 Quis
177 299 258 327 non
287 290 560 342 paupertatem
593 283 850 326 extimescit?
894 283 1040 340 Neque
1071 291 1202 327 tamen
1233 285 1437 342 quisquam
1466 287 1640 344 philoso-

46 360 230 418 phorum.

160 432 352 477 XXXII.
414 433 493 476 Hic
517 448 616 476 vero
648 434 734 490 ipse
767 447 881 490 quam
913 448 1036 490 parvo
1060 441 1122 475 est
1145 437 1382 477 contentus!
1428 435 1561 480 Nemo
1592 439 1641 480 de

47 509 155 552 tenui
186 509 295 551 victu
325 509 435 566 plura
468 509 582 550 dixit.
645 507 806 550 Etenim
832 523 933 565 quac
957 523 1022 551 res
1050 510 1242 566 pecuniae
1267 511 1519 566 cupiditatem
1545 515 1642 556 affe·

44 591 163 638 runt,
196 591 241 626 ut
259 585 409 637 amori,
443 591 486 626 ut
506 584 733 637 ambitioni,
767 591 811 626 ut
833 585 1072 640 quotidianis
1097 585 1316 641 sumptibus
1339 588 1476 643 copiae
1499 603 1642 645 suppe-

45 666 156 712 tant,
203 673 321 715 quum
343 660 481 716 procul
501 660 549 701 ab
575 660 623 701 iis
658 660 840 701 omnibus
862 660 982 702 rebus
1005 660 1132 713 absit,
1178 675 1250 702 cur
1271 663 1476 718 pecuniam
1498 679 1641 720 magno

47 748 170 791 opere
191 734 390 776 desideret
413 735 478 777 vel
497 735 650 791 potius,
685 749 756 776 cur
774 742 887 776 curet
907 736 1097 777 omnino?
1143 740 1214 777 90.
1249 737 1315 778 An
1338 735 1510 794 Scythes
1530 739 1643 782 Ana-

48 809 200 852 charsis
222 809 348 866 potuit
363 823 434 865 pro
457 810 579 852 nihilo
598 810 802 866 pecuniam
824 810 996 863 ducere3
1046 818 1246 853 nostrates
1270 812 1490 870 philosophi
1512 817 1644 858 facere

47 899 129 927 non
155 878 370 940 poterunt?
428 883 540 927 lllius
564 885 731 941 epistola
758 886 884 927 fertur
911 885 971 927 his
1005 886 1163 927 verbis:
1215 887 1507 939 „Aucufflffls
1532 889 1644 932 His-

48 974 143 1002 Nom
172 973 365 1003 SALVTEM.
440 958 543 1001 Mihi
580 960 741 1002 amictui
777 968 839 1002 est
876 958 1108 1017 Scythicum
1149 963 1349 1018 tegimen,
1406 965 1645 1008 calciamen-

47 1042 127 1076 tum
160 1035 336 1076 solorum
360 1034 529 1088 callum,
577 1035 705 1077 cubile
728 1042 858 1088 terra,
893 1037 1187 1093 pulpamentum
1217 1038 1365 1090 fames,
1412 1039 1538 1093 lacte,
1580 1057 1645 1083 ca-

48 1123 144 1162 seo,
177 1123 298 1151 carne
320 1122 480 1151 vescor.
543 1107 679 1164 Quare
704 1117 748 1152 ut
769 1112 816 1152 ad
845 1112 1020 1167 quietum
1046 1126 1109 1154 me
1135 1113 1228 1154 licet
1252 1113 1408 1155 venias.
1471 1114 1647 1159 Munera

49 1192 182 1227 autem
203 1184 306 1237 ista,
339 1184 481 1240 quibus
508 1199 551 1226 es
574 1185 792 1227 delectatus
808 1218 819 1238 ,
851 1187 917 1228 vel
943 1187 1096 1229 civibus
1120 1188 1197 1229 tuis
1213 1220 1224 1239 ,
1258 1189 1322 1229 vel
1348 1189 1421 1230 diis
1445 1190 1646 1234 immorta-

52 1259 154 1302 libus
174 1259 334 1301 dona.“
397 1257 549 1302 Omnes
569 1261 652 1302 fere
673 1260 893 1317 philosophi
913 1263 1085 1304 omnium
1107 1263 1417 1319 disciplinarum,
1451 1266 1528 1307 nisi
1547 1282 1647 1322 quos

49 1348 73 1376 a
94 1341 205 1376 recta
225 1335 379 1377 ratione
403 1342 542 1377 natura
563 1335 708 1377 vitiosa
731 1336 990 1390 detorsisset,
1036 1338 1175 1379 eodem
1207 1338 1280 1380 hoc
1309 1339 1441 1380 animo
1467 1355 1555 1382 esse
1578 1358 1647 1399 po-

49 1416 227 1452 tuerunt.
287 1415 361 1452 91.
395 1408 610 1464 Socrates,
652 1411 693 1452 iu
722 1425 863 1467 pompa
896 1427 1012 1467 quum
1042 1427 1183 1468 magna
1210 1413 1271 1454 vis
1301 1415 1386 1455 auri
1414 1417 1648 1473 argentique

51 1485 251 1526 ferretur:
299 1483 441 1537 Quam
466 1486 603 1528 multa
623 1499 713 1528 non
735 1486 971 1528 desidero!
1008 1487 1149 1543 inquit.
1211 1485 1494 1542 Xenocrates,
1530 1507 1648 1547 quum

58 1559 184 1615 legati
208 1559 256 1601 ab
278 1559 514 1602 Alexandro
537 1561 822 1617 quinquaginta
845 1561 881 1603 ei
904 1562 1049 1604 talenta
1070 1562 1321 1617 attulissent,
1354 1579 1454 1621 quae
1476 1575 1563 1609 erat
1582 1583 1651 1625 pe-

53 1694 137 1725 Oxx.
186 1695 232 1726 At
249 1692 306 1727 hic
324 1693 500 1727 reflexivus
521 1705 598 1727 usus
619 1694 708 1740 apud
730 1695 830 1728 Cice-

865 1702 903 1729 ut
924 1695 967 1728 ad
986 1697 1044 1729 IV.
1067 1693 1118 1737 14,
1137 1695 1192 1730 31.
1217 1696 1409 1739 docuimus,
1445 1711 1546 1744 saepe
1565 1700 1648 1734 alius

51 1750 170 1772 ronem
193 1738 378 1772 rarissimus
398 1746 460 1773 est.
506 1740 560 1773 Cf.
583 1741 613 1786 §.
628 1741 689 1776 57:
718 1743 831 1775 habere

866 1742 960 1775 verbi
990 1742 1078 1774 vices
1113 1743 1267 1776 sustinet.
1327 1745 1391 1777 Pro
1420 1750 1564 1787 poterunt
1593 1747 1649 1780 alii

52 1781 263 1819 se'videntur
285 1789 461 1828 angustius.

120 1833 225 1875 Neque
245 1835 350 1866 lamen
369 1834 553 1876 quisquam]
579 1832 832 1865 Sententiarum

53 1888 176 1910 nexus:
203 1877 316 1911 Virtus
335 1878 518 1910 secundum
540 1889 655 1911 omnes
677 1878 832 1922 philoso-

53 1922 199 1967 phorum
213 1923 406 1967 disciplinas
419 1923 500 1956 satis
517 1924 549 1956 in
564 1936 600 1956 se
615 1923 717 1956 habet
731 1936 834 1968 prae-

54 1968 133 2002 sidii
157 1968 202 2002 ad
225 1969 330 2002 vitam
355 1969 499 2002 beatam.
548 1969 650 2010 Quod
679 1970 728 2002 ita
763 1982 834 2003 esse

56 2026 96 2048 ex
118 2026 160 2049 eo
183 2014 404 2059 intelligitur,
441 2015 533 2061 quod
555 2015 835 2060 philosophorum

55 2072 158 2093 nemo
193 2061 382 2094 extimescit
412 2073 470 2101 ea,
507 2073 591 2106 quae
615 2062 657 2095 ab
678 2063 741 2102 iis,
779 2063 835 2107 qui

55 2106 271 2151 philosophia
298 2119 367 2140 non
388 2115 467 2140 suut
487 2107 624 2146 imbuti,
658 2109 746 2141 mala
768 2121 834 2153 pu-

55 2159 190 2193 tantur-3
213 2160 249 2186 ut
266 2153 332 2186 hoc
350 2160 444 2186 utar:
471 2166 588 2186 omnes
608 2154 730 2188 timent
748 2167 836 2199 pau-

57 2206 224 2243 pertatem
236 2225 245 2240 ,
276 2199 556 2244 philosophorum
571 2226 579 2239 ,
605 2212 836 2246 quameunque

56 2252 227 2278 sectantur
249 2245 481 2288 disciplinam,
507 2258 617 2280 nemo.

127 2291 206 2324 Cn.
220 2292 372 2324 XXXII.
397 2291 452 2325 90.
477 2294 606 2332 Scythes
627 2293 834 2336 Anacharsis]

57 2336 300 2370 Attributivum
312 2339 441 2378 Scythes
466 2350 541 2371 cum
563 2339 598 2371 vi
618 2339 837 2382 praemissum

59 2389 132 2423 est,
157 2382 234 2426 quia
256 2383 441 2427 opponitur
461 2384 572 2417 verbis
597 2396 689 2429 seqq.
713 2390 838 2418 nostra-

59 2433 104 2462 tes
121 2430 320 2470 philosophi,
343 2429 377 2461 h.
394 2441 423 2462 e.
447 2442 515 2463 non
543 2430 705 2463 barbarae
728 2431 836 2474 gentis

60 2474 120 2519 ph.
150 2475 314 2519 Postponi
328 2475 417 2507 solet
432 2487 555 2508 nomen
570 2477 754 2520 proprium,
781 2476 837 2509 ubi

60 2531 131 2553 non
153 2519 191 2553 iu
216 2532 279 2563 eo,
312 2520 374 2553 sed
396 2521 430 2553 in
454 2522 619 2555 attributo
649 2523 838 2555 sententiae

61 2565 195 2611 pondus
219 2567 420 2600 collocatum
434 2592 442 2607 ,
468 2575 503 2599 et
523 2567 607 2600 illud
628 2568 708 2602 huic
728 2569 839 2613 expli-

64 2611 204 2646 cationis
235 2625 349 2646 caussa
382 2613 574 2657 appositum
614 2620 675 2647 est.
731 2617 840 2659 Supra

64 2669 94 2690 c.
116 2657 178 2700 19,
198 2659 261 2692 55:
297 2659 404 2692 Cinna
435 2663 571 2701 colleyae
601 2663 652 2693 sui
662 2686 673 2702 ,
707 2664 842 2695 consulis

47 2705 129 2736 'Gm
150 2706 296 2747 Octavii,
316 2705 466 2749 praecidi
487 2712 588 2750 caput
610 2706 716 2739 iussit.
741 2707 840 2740 offic.

66 2749 94 2781 Ι.
118 2749 179 2789 10,
198 2751 263 2784 52:
300 2753 432 2785 Theseus
466 2753 524 2796 (sc.
547 2753 656 2796 pater)
682 2755 747 2795 filio
763 2755 845 2795 Hip-

66 2795 174 2835 potyto
194 2807 265 2829 non
285 2804 374 2830 esset
395 2798 542 2831 orbatus.
562 2797 636 2831 Fin.
657 2800 700 2832 11.
715 2798 768 2839 16,
782 2798 844 2832 54:

71 2838 210 2872 decreta
229 2853 250 2874 a
271 2847 382 2876 senatu
403 2850 456 2877 est
474 2846 595 2877 consuli
613 2845 765 2889 quaestio
787 2845 847 2876 Cn.

76 2884 247 2930 Caepioni.
290 2888 332 2920 V.
352 2899 414 2921 nos
434 2889 469 2922 in
489 2891 531 2922 L.
548 2891 606 2922 Gr.
623 2891 655 2935 ᾗ
667 2890 742 2930 166,
765 2888 799 2922 4.
815 2890 845 2933 c)

73 2941 108 2974 p.
121 2928 201 2965 464.
220 2930 275 2963 ed.
289 2931 323 2965 2.

141 2978 246 3018 facere
265 2987 329 3011 non
347 2981 508 3024 poterunt]
532 2981 680 3015 Verbum
698 2982 850 3022 faciendi,

867 1788 967 1821 codd.
1002 1788 1163 1820 exhibent
1194 1794 1383 1831 potuerunt;
1425 1799 1461 1824 at
1496 1792 1662 1830 futurum.

868 1834 995 1878 optime
1016 1846 1088 1866 sese
1112 1834 1224 1867 habet.
1274 1836 1409 1869 Scilicet
1430 1838 1545 1871 Cicero
1568 1852 1649 1872 sen-

867 1879 1008 1912 tentiam
1045 1880 1211 1924 prolatam
1245 1893 1314 1914 non
1349 1882 1393 1915 ad
1427 1884 1648 1930 philosophos

869 1925 1042 1970 quosdam,
1064 1926 1120 1970 qui
1136 1939 1252 1960 revera
1270 1940 1332 1971 pro
1352 1929 1457 1962 nihilo
1475 1933 1650 1975 pecuniam

870 1972 992 2004 ducere
1025 1984 1094 2005 non
1127 1980 1331 2016 potuerunt,
1372 1976 1500 2009 referre
1532 1978 1648 2019 voluit,

869 2018 930 2050 sed
952 2018 1090 2051 omnino
1110 2019 1144 2050 in
1166 2020 1344 2053 cultiorum
1365 2022 1513 2065 gentium
1533 2025 1648 2068 philo-

870 2064 985 2108 sophis
1021 2064 1182 2108 pecuniae
1219 2066 1438 2111 cupiditatem
1475 2071 1649 2114 castigare.

871 2111 911 2144 V.
928 2110 1099 2144 Adnotata
1120 2111 1155 2144 in
1177 2111 1283 2152 c.14,
1308 2110 1363 2146 42.
1414 2115 1515 2156 Quod
1539 2125 1650 2150 autem

870 2157 1039 2200 sequitur:
1062 2159 1184 2190 Omnes
1199 2159 1271 2191 fere
1290 2159 1373 2203 phil.
1387 2181 1430 2185 —
1450 2161 1568 2195 eodem
1585 2164 1651 2196 hoc

871 2203 983 2235 animo
1001 2215 1073 2235 esse
1094 2212 1297 2247 potuerunt3
1324 2217 1362 2238 ex
1385 2219 1425 2239 eo
1447 2207 1529 2240 nihil
1553 2210 1651 2253 plane

872 2248 1025 2282 concludi
1048 2257 1162 2292 potest
1184 2258 1301 2283 contra
1324 2254 1526 2286 sententiam
1547 2267 1564 2287 a
1584 2267 1651 2287 no·-

870 2295 920 2327 bis
945 2295 1123 2338 prolatam.
1170 2297 1333 2330 Futurum
1364 2299 1452 2331 enim
1479 2301 1567 2345 apud
1592 2302 1652 2333 Ci—

873 2352 1029 2373 ceronem
1047 2341 1239 2385 saepissime
1256 2345 1394 2388 ponitur
1411 2346 1443 2377 in
1463 2347 1651 2379 obiectione

873 2394 907 2419 et
925 2386 992 2419 levi
1012 2387 1256 2431 obiurgatione,
1278 2390 1439 2434 imprimis
1458 2393 1492 2424 in
1514 2404 1552 2424 ea
1572 2405 1651 2425 ver*

872 2433 993 2465 borum
1013 2433 1186 2474 iunctura,
1210 2448 1274 2480 qua
1295 2437 1438 2480 protasis
1461 2449 1521 2481 per
1540 2450 1648 2472 vocu—

871 2479 938 2512 lam
970 2479 1245 2523 interrogativam
1275 2493 1317 2514 an
1343 2482 1556 2516 conformata
1588 2492 1648 2524 est,

873 2525 923 2557 uti
935 2524 1036 2557 docet
1053 2529 1201 2561 Goerenz.
1215 2528 1258 2560 ad
1274 2528 1374 2560 Acad.
1390 2529 1433 2567 Il,
1452 2527 1507 2562 41.
1520 2542 1552 2573 p.
1565 2531 1648 2564 225:

874 2582 917 2604 an
931 2573 1044 2605 Stoicis
1055 2575 1133 2613 ipsis
1146 2576 1224 2606 inter
1238 2584 1267 2606 se
1282 2576 1467 2615 disceptare,
1491 2578 1570 2608 mihi
1580 2587 1651 2609 cum

873 2620 913 2650 iis
927 2628 989 2650 non
1003 2620 1130 2651 licebit?
1165 2621 1205 2651 V.
1220 2618 1391 2651 Adnotata
1403 2620 1434 2652 in
1450 2621 1506 2652 IV.
1522 2620 1574 2660 14,
1595 2622 1650 2654 ³12.

943 2666 1124 2704 Scythicum
1153 2664 1300 2708 teyimen]
1338 2665 1452 2697 Iustin.
1475 2667 1526 2705 ΙΙ,
1547 2668 1578 2699 2.
1610 2667 1654 2700 de

879 2709 1029 2754 Scythis:
1045 2712 1179 2751 pellibus
1189 2711 1297 2749 ferinis
1306 2715 1359 2742 aul
1371 2713 1504 2744 murinis
1512 2717 1652 2746 utuntur.

947 2757 1085 2788 solorum
1103 2755 1233 2799 callum]
1259 2756 1302 2788 H.
1318 2768 1345 2787 e.
1370 2756 1464 2798 pedis
1491 2758 1615 2802 planta.

948 2805 1066 2833 natura
1082 2803 1210 2843 vit-iosaj
1232 2813 1353 2839 moreS,
1372 2802 1502 2835 indoles
1521 2804 1652 2839 vitiosa.

880 2846 997 2879 Paullo
1022 2852 1098 2889 post
1128 2850 1297 2886 potuerunt
1320 2846 1447 2881 dictum
1471 2857 1522 2882 est
1545 2862 1564 2883 e
1586 2851 1655 2884 lin-

883 2903 968 2934 guae
988 2891 1112 2923 latinae
1144 2892 1277 2924 ratione
1304 2904 1366 2936 pro
1387 2898 1570 2935 potuissent.
1610 2899 1653 2931 V.

885 2937 1056 2970 Adnotata
1079 2936 1113 2967 in
1137 2939 1162 2969 I.
1185 2936 1250 2978 49,
1274 2938 1348 2972 116.

955 2983 1008 3016 91.
1035 2984 1132 3023 legati
1151 2985 1191 3016 ab
1214 2986 1408 3029 Alexandro]
1442 2989 1492 3021 De
1508 2990 1605 3025 Offic.
1626 2993 1652 3031 Ι,
