1859 3117
715 74 1066 110 PROLEGOMENA.
1267 51 1272 59 ”
1631 60 1688 105 29

91 169 206 214 sunt,
238 163 378 203 subter
399 174 440 201 se
460 160 618 209 habeat,
650 159 848 211 culpaque
871 159 981 197 omni
1007 172 1160 207 carens,
1190 163 1353 210 praeter
1376 170 1416 195 se
1436 157 1563 209 ipsam
1584 156 1688 194 nihil

91 240 253 273 censeat
273 233 326 272 ad
349 245 389 271 se
414 230 636 284 pertinere:
667 228 872 280 sequitur,
905 235 952 266 ut
973 242 1015 266 ea
1041 228 1091 266 ad
1115 229 1228 266 beate
1257 226 1475 265 vivendum
1499 232 1691 265 contenta

91 303 158 342 sit.
219 301 341 351 Quod
364 308 518 349 autem,
550 312 674 350 quum
698 304 770 336 aut
792 298 978 349 corporis
1002 298 1213 336 doloribus
1237 296 1486 344 cruciamur,
1517 301 1589 333 aut
1613 295 1690 332 ad-

92 373 221 412 versis
240 371 428 410 fortunae
449 369 605 408 casibus
628 367 864 419 affligimur,
896 380 1011 418 saepe
1037 366 1133 405 huic
1160 355 1379 404 sententiae
1409 365 1592 403 diffidere
1622 364 1690 402 in—

94 441 282 494 cipimus,
312 439 356 478 id
383 439 476 477 inde
505 438 570 487 fit,
602 437 711 488 quod
736 450 785 474 ex
810 435 972 474 humani
1009 437 1163 486 generis
1192 436 1378 485 mollitia,
1410 449 1493 473 non
1525 448 1575 472 ex
1607 434 1693 486 ipsa

93 511 250 549 virtute
279 508 328 547 de
357 508 525 547 virtutis
555 507 705 545 robore
737 505 1019 544 existimamus.
1055 503 1097 556 5.
1117 509 1155 544 5.
1179 509 1216 544 4.
1278 505 1402 543 Cuius
1432 504 1592 556 quidem
1623 517 1693 541 er-

93 579 200 618 roris
240 577 368 616 omnis
406 591 428 615 a
462 575 720 630 philosophia
759 575 929 627 petenda
967 574 1167 612 correctio
1203 581 1273 612 est.
1315 594 1368 604 —a
1427 573 1694 625 Philosophia

95 648 262 700 egregiis
285 647 474 686 laudibus
494 653 734 697 exornatur,
766 660 799 683 c.
822 650 861 684 2.
878 643 920 697 5.
936 649 974 683 5.
994 644 1157 695 eiusque
1175 650 1471 695 contemptores
1492 644 1554 682 vel
1578 644 1695 681 vitu-

95 724 303 770 peratores
330 716 509 768 graviter
534 722 744 753 notantur.
774 713 816 768 5.
837 718 876 754 6.
918 715 972 751 De
998 712 1282 765 philosophiae
1302 713 1542 763 antiquitate
1567 713 1696 762 deque

95 786 223 838 ipsius
249 785 423 824 nominis
451 785 621 836 origine.
652 800 686 823 c.
709 788 748 823 5.
791 786 846 822 De
873 783 1121 835 Pythagora,
1155 797 1234 820 non
1268 782 1441 820 nominis
1467 783 1595 819 solum
1627 783 1695 820 in-

94 850 277 904 venture,
306 855 375 894 sed
396 869 533 893 rerum
558 856 674 893 etiam
696 855 875 906 ipsarum
899 853 1200 904 amplificatore.
1260 852 1316 889 De
1337 852 1515 889 Socratis
1536 852 1574 888 in
1599 851 1698 903 phi-

95 924 323 978 losophiam
344 924 533 963 moralem
561 924 712 962 meritis
734 924 862 975 deque
888 924 973 961 eius
994 921 1232 974 disputandi
1254 921 1561 959 consuetudine.
1601 936 1635 959 c.
1658 923 1698 959 4.

212 1028 258 1067 II.
316 1029 577 1067 Pnorosrrmr
603 1025 774 1078 (θέσις).
842 1029 935 1066 Nun
969 1026 1131 1065 videtur
1155 1026 1215 1065 ad
1244 1026 1358 1064 beate
1381 1025 1601 1063 vivendum
1625 1039 1699 1062 scz-

99 1101 156 1137 ti-s·
181 1113 304 1151 posse
333 1101 480 1136 virtus.

214 1193 250 1218 a.
309 1178 536 1217 Sententiae
563 1178 796 1229 propositae
829 1177 883 1215 sic
908 1177 1201 1229 respondetur:
1247 1178 1362 1215 Certe
1393 1175 1444 1214 ad
1471 1176 1565 1214 bene·
1593 1176 1642 1222 (i.
1666 1189 1700 1214 e.

95 1247 282 1299 honeste)
306 1248 528 1286 vivendum
550 1247 646 1285 satis
672 1254 730 1284 cst
753 1247 945 1298 praesidii
974 1247 1015 1284 in
1040 1247 1208 1284 virtute.
1254 1245 1601 1294 Quemadmodum
1624 1259 1701 1282 au-

97 1325 196 1367 tem,
228 1317 298 1369 qui
320 1317 420 1355 male
444 1317 570 1365 vivit,
613 1316 733 1354 miser
756 1316 808 1354 sit
832 1329 986 1354 necesse
1014 1322 1090 1365 est,
1123 1316 1196 1363 ita,
1227 1316 1295 1366 qui
1322 1316 1419 1353 bene
1445 1315 1569 1362 vivit,
1602 1315 1704 1352 idem

98 1389 211 1427 beate
235 1386 351 1425 vivat
374 1399 530 1424 necesse
552 1392 622 1424 est.
653 1408 711 1413 —
768 1386 812 1423 Id
840 1392 955 1436 negat
980 1385 1260 1433 adversarius,
1293 1385 1446 1433 dicens,
1478 1384 1573 1421 bene
1601 1384 1648 1432 (i.
1671 1398 1704 1422 e.

98 1456 287 1505 honeste)
319 1455 435 1494 etiam
473 1455 513 1493 in
549 1455 730 1493 maximis
761 1455 1006 1493 cruciatibus
1041 1454 1124 1492 vivi
1156 1467 1291 1506 posse,
1334 1468 1416 1492 non
1448 1454 1540 1491 item
1576 1454 1706 1494 beate.

102 1541 136 1566 c.
160 1531 200 1566 5.
229 1523 271 1578 5.
298 1529 362 1565 12.
404 1525 563 1563 Tullius
593 1532 735 1562 contra
761 1524 898 1573 affert,
931 1524 1054 1562 vitam
1085 1525 1239 1562 beatam
1273 1523 1614 1561 cuinvir1u1i1›us
1648 1523 1705 1560 ita

102 1609 183 1634 esse
206 1594 486 1644 consociatam,
518 1601 562 1632 ut
589 1607 793 1645 nunquam
818 1608 900 1642 eas,
932 1608 981 1632 ne
1008 1594 1040 1631 si
1060 1594 1110 1631 ad
1134 1600 1330 1631 tortorem
1353 1593 1512 1644 quidem
1538 1592 1706 1644 rapian-

103 1672 193 1715 tur,
235 1678 258 1702 a
285 1677 324 1702 se
346 1664 474 1702 deseri
502 1664 700 1716 patiatur.
730 1686 788 1691 —
847 1664 1114 1701 Adversarius
1141 1663 1347 1711 concedit,
1379 1662 1483 1700 hanc
1506 1662 1709 1699 virtutum

97 1735 190 1774 vita
221 1734 337 1772 beata
371 1734 680 1772 coniunctaruin
721 1733 921 1785 picturam
955 1733 1235 1785 amplissimam
1272 1746 1372 1780 esse,
1414 1745 1538 1782 quum
1576 1736 1709 1768 autem

105 1804 261 1842 animus
296 1804 345 1842 ab
371 1803 445 1841 ista
466 1803 628 1854 pictura
652 1802 972 1854 imaginibusque
998 1803 1203 1840 virtutum
1230 1802 1278 1838 ad
1305 1814 1389 1837 rem
1416 1800 1709 1851 veritatemque

105 1874 365 1922 traducatur,
395 1873 565 1924 probari
595 1886 676 1910 non
701 1886 835 1924 posse,
875 1885 982 1921 eum,
1024 1871 1093 1921 qui
1119 1876 1379 1920 torqueatur,
1420 1869 1581 1907 beatum
1613 1882 1709 1907 esse.
1752 1894 1755 1895 γ

105 1944 239 1982 Novas
269 1942 396 1995 igitur
423 1941 624 1991 rationes,
657 1942 804 1993 quibus
828 1941 897 1978 illa
921 1940 1119 1978 sententia
1145 1938 1425 1988 confirmetur,
1458 1938 1709 1990 conquiren-

106 2012 176 2051 das
207 2025 300 2050 esse.
340 2009 476 2063 5-15.
502 2014 568 2050 14.

221 2093 263 2132 b.
321 2092 400 2130 Iam
422 2090 561 2128 Cicero
589 2089 868 2128 adversarium
894 2089 1057 2127 reducit
1082 2088 1133 2127 ad
1156 2088 1219 2139 id,
1250 2088 1362 2141 quod
1384 2095 1518 2128 actum
1546 2096 1604 2127 est
1637 2103 1710 2128 su-

108 2161 341 2214 perioribus
377 2158 737 2211 disputationibus.
798 2159 853 2197 Ut
886 2159 1006 2196 animi
1039 2159 1370 2211 perturbationes
1402 2159 1528 2197 vitam
1557 2159 1711 2197 beatam

109 2230 280 2280 tollunt3
312 2230 369 2267 sic
391 2228 434 2266 in
457 2229 576 2266 animi
600 2228 736 2279 quieto
764 2235 802 2267 et
820 2228 980 2280 placato
1004 2235 1113 2267 statu
1133 2230 1220 2267 vita
1242 2229 1357 2266 beata
1381 2228 1576 2266 cernitur.
1636 2227 1714 2266 At-

111 2299 184 2351 qui
211 2298 366 2338 virtute
397 2297 572 2336 efficitur
598 2297 697 2336 haec
727 2298 850 2336 animi
879 2298 1126 2348 constantia3
1168 2312 1263 2350 ergo
1287 2298 1422 2337 virtus
1455 2298 1542 2350 ipsa
1572 2311 1645 2349 per
1675 2309 1716 2334 se

111 2368 234 2407 efficit
265 2368 390 2406 vitam
424 2368 592 2406 beatam.
632 2382 666 2406 c.
691 2371 731 2406 6.
790 2368 849 2406 Ita
882 2368 1047 2406 videtur
1080 2367 1130 2405 ad
1165 2368 1319 2405 exitum
1343 2366 1499 2406 venisse
1521 2365 1713 2417 quaestio.

112 2438 405 2487 Veruntamen,
437 2437 628 2489 quoniam
652 2436 750 2475 haec
773 2437 860 2489 ipsa
882 2451 946 2475 res
967 2427 1200 2489 gravissima
1219 2444 1295 2486 est,
1327 2450 1412 2474 eam
1429 2436 1585 2474 Tullius
1608 2448 1713 2486 pro-

111 2506 215 2559 priis
247 2513 287 2561 et
314 2506 397 2544 suis
426 2506 671 2558 argumentis
707 2513 746 2544 et
782 2506 1127 2544 admonitionibus
1157 2506 1410 2545 tractandam
1442 2504 1645 2556 suscipere
1674 2515 1716 2540 se

112 2575 215 2615 velle
240 2575 352 2614 dicit.
388 2589 424 2614 c.
444 2579 485 2615 7.

231 2670 266 2695 c.
325 2655 596 2695 Adversarius
618 2657 856 2706 assentitur,
887 2670 1028 2695 eorum
1052 2670 1153 2708 quae
1176 2656 1315 2695 Cicero
1336 2652 1520 2708 posuerit
1541 2651 1714 2690 alterum

86 2755 91 2758 -
115 2724 230 2764 alteri
254 2739 499 2777 consequens
523 2739 624 2775 esse,
654 2733 722 2776 ut,
754 2726 1107 2777 quemadmodum,
1137 2726 1182 2775 si,
1214 2725 1323 2776 quod
1347 2724 1558 2762 honestum
1580 2721 1644 2770 sit,
1671 2720 1716 2759 id

117 2793 247 2832 solum
263 2794 315 2833 sit
341 2795 506 2844 bonum,
537 2802 751 2846 sequatur,
782 2795 907 2834 vitam
928 2796 1085 2833 beatam
1107 2795 1262 2833 virtute
1283 2791 1439 2839 confici,
1470 2789 1539 2839 sic,
1569 2789 1604 2828 si
1627 2789 1715 2829 vita

118 2861 234 2901 beata
263 2863 306 2902 in
329 2863 485 2903 virtute
507 2865 578 2914 sit,
608 2864 714 2903 nihil
737 2877 817 2903 esse
840 2864 920 2903 nisi
940 2865 1138 2903 virtutem
1167 2864 1340 2910 bonum3
1381 2860 1448 2898 sed
1477 2872 1518 2897 se
1539 2873 1622 2897 non
1643 2858 1714 2897 in-

120 2929 301 2984 telligere
320 2932 440 2983 dicit,
469 2947 551 2985 quo
571 2933 693 2972 modo
717 2933 750 2972 ii
773 2933 1009 2986 philosophi
1031 2933 1108 2972 sibi
1128 2936 1332 2978 constent,
1361 2928 1451 2980 qui,
1481 2928 1635 2968 etiamsi
1662 2928 1716 2967 sit
