1811 3053
125 79 182 122 38

128 165 301 207 omnium
321 165 479 217 artium,
513 177 612 220 quae
633 162 682 204 ad
702 168 852 203 rectam
873 161 1031 203 vivendi
1046 162 1151 203 viam
1171 160 1429 216 pertinerent,
1461 159 1564 201 ratio
1584 166 1624 201 et
1643 160 1699 200 di-

128 240 294 296 sciplina
314 239 441 281 studio
464 237 696 294 sapientiae,
730 249 828 291 quae
850 235 1092 292 philosophia
1115 235 1270 286 dicitur,
1303 233 1593 286 contineretur,
1626 233 1700 274 hoc

129 314 222 355 mihi
243 312 398 355 Latinis
420 312 559 354 litteris
582 310 852 352 illustrandum
877 309 1032 364 putavi,
1059 323 1137 349 non
1160 308 1250 362 quia
1267 307 1511 363 philosophia
1532 306 1700 349 Graecis

128 394 167 429 et
188 388 332 429 litteris
354 395 392 428 et
412 385 635 427 doctoribus
654 384 799 440 percipi
824 398 901 424 non
923 390 1073 438 posset,
1106 383 1175 423 sed
1197 395 1325 422 meum
1343 395 1500 437 semper
1514 381 1699 422 iudicium

127 461 222 513 fuit,
256 462 384 502 onmia
415 467 572 501 nostros
594 466 662 500 aut
683 458 886 500 invenisse
914 471 984 513 per
1007 470 1050 497 se
1077 455 1317 512 sapientius,
1357 469 1473 510 quam
1500 454 1696 507 Graecos,

103 589 106 592 Δ
128 543 194 576 aut
212 541 371 590 accepta
391 534 438 574 ab
460 534 533 575 illis
555 533 696 574 secisse
721 532 909 582 meliora,
945 545 1044 586 quae
1062 530 1214 586 quidem
1234 529 1348 584 digna
1370 528 1625 580 statuissent,
1659 529 1700 569 in

614 614 656 647 2.
688 605 793 647 Nam
825 619 956 646 mores
989 612 1028 645 et
1056 604 1234 645 instituta
1263 603 1369 645 vitae
1392 616 1536 658 resque
1568 603 1702 644 dome-

734 80 1084 123 1.113Ess1.1,2.

126 608 264 663 quibus
288 608 552 649 elaborarent.

125 682 245 723 sucas
276 697 321 723 ac
353 682 563 723 familiares
595 695 667 722 nos
698 681 874 736 profecto
906 686 945 720 et
974 679 1113 720 melius
1139 685 1319 729 tuemur,
1353 684 1393 718 et
1416 677 1584 728 lautius3
1617 689 1701 717 rem

124 769 221 796 vero
243 755 432 812 publicam
458 756 583 797 nostri
608 755 778 796 maiores
802 760 909 794 certe
931 753 1157 794 melioribus
1183 757 1503 807 temperaverunt
1527 757 1568 791 et
1588 749 1701 791 insti-

126 829 218 870 tutis
248 836 289 870 et
317 829 483 884 legibus.
548 828 653 882 Quid
682 829 822 883 loquar
851 828 898 868 de
928 841 972 868 re
1003 826 1190 867 militari?
1233 825 1275 866 in
1309 839 1384 880 qua
1416 839 1531 879 quum
1553 823 1701 865 virtute

125 904 250 944 nostri
270 904 431 944 multum
450 903 673 955 valuerunt,
703 910 781 943 tum
801 902 884 957 plus
903 902 1019 942 etiam
1040 900 1259 956 disciplina.
1298 897 1382 940 Iam
1400 898 1482 949 illa,
1509 911 1609 953 quae
1632 911 1703 938 na-

125 986 168 1019 tis
204 986 283 1019 belli
321 987 424 1019 civilis
462 988 636 1020 Caesarem
672 987 759 1019 inter
796 993 896 1030 atque

126 1033 320 1076 Pompeium
343 1034 428 1075 gesti
452 1033 669 1077 temporibus.

193 1077 324 1122 artium]
354 1078 583 1110 Doctrinarum
617 1078 669 1109 vel
701 1076 893 1120 disciplina-

125 1134 207 1155 rum.
242 1124 280 1155 V.
302 1126 461 1156 Bremium
480 1124 521 1155 ud
538 1124 668 1155 Cornel.
693 1123 779 1166 Nep.
796 1121 893 1155 Dion.

125 1168 154 1211 I,
171 1171 210 1201 2:
235 1168 403 1212 ingenium
424 1188 468 1193 ——-
489 1176 603 1212 aptum
625 1168 668 1200 ad
690 1175 777 1200 artes
802 1167 896 1210 opti-

124 1225 214 1253 mas,
241 1221 275 1245 et
299 1216 475 1247 Forcellinii
498 1215 598 1247 Thes.
624 1215 697 1247 Lat.
723 1214 756 1245 h.
782 1225 814 1246 v.

189 1263 374 1300 pertinerent
411 1278 456 1284 —-
489 1261 708 1301 contineretur]
753 1258 895 1291 Tirones

125 1303 321 1343 observent,
347 1311 475 1336 veteres
500 1305 679 1348 scriptores
705 1304 836 1341 latinos,
861 1303 896 1334 in

126 1349 240 1393 primis
263 1349 475 1388 Ciceronem,
500 1350 535 1381 in
558 1349 718 1382 orationis
744 1348 896 1391 obliquae

126 1394 409 1427 enuntiationibus
442 1406 526 1439 quae
554 1395 708 1426 dicuntur
731 1393 897 1426 secunda-

125 1439 181 1472 riis
206 1447 283 1484 post
305 1446 434 1484 tempus
463 1440 680 1483 praeteritum
704 1440 803 1472 etiam
826 1446 897 1470 tum

124 1485 357 1529 imperfectum
382 1493 416 1518 et
443 1485 704 1530 plusquamperf.
737 1485 897 1517 adhibere

124 1531 253 1571 solere,
278 1543 377 1575 quum
397 1532 563 1564 sententia
586 1532 732 1571 effertur,
759 1542 842 1574 quae
862 1530 896 1561 in

124 1576 235 1608 omnia
268 1584 420 1620 tempora
453 1584 486 1609 et
519 1577 552 1608 in
591 1588 704 1609 omnes
741 1576 894 1608 homines

125 1621 250 1665 pariter
270 1621 368 1655 cadit.
415 1623 488 1655 Tali
507 1622 609 1654 modo
630 1622 791 1666 generalis
811 1633 894 1664 quae

123 1667 246 1699 dicitur
280 1667 444 1700 sententia
479 1669 625 1701 refertur
663 1667 705 1699 ad
737 1667 895 1699 iudicium

125 1712 205 1749 eius,
231 1726 249 1745 a
267 1725 332 1757 quo
354 1714 485 1756 prolata
506 1720 566 1752 est,
592 1720 625 1745 et
645 1720 804 1755 tanquam
827 1712 894 1743 eius

124 1758 260 1802 propria
281 1759 481 1801 designatur.
515 1759 570 1791 Sic
589 1759 677 1790 infra
698 1759 738 1790 II.
758 1759 812 1796 25,
830 1756 892 1790 61:

124 1805 299 1847 Pompeius
322 1804 488 1844 narrabat,
515 1803 728 1836 Posidonium
751 1802 896 1846 graviter

127 1855 161 1881 et
175 1849 310 1893 copiose
327 1849 368 1882 de
385 1850 449 1882 hoc
466 1850 549 1893 ipso,
572 1850 654 1881 nihil
670 1860 741 1881 esse
759 1848 893 1888 bonum,

125 1893 187 1925 nisi
229 1895 318 1937 quod
358 1895 537 1927 honestum
576 1899 671 1935 esset,
719 1894 895 1926 cubantem

125 1938 354 1982 disputavisse.
393 1940 444 1972 cf.
470 1952 529 1972 nos
553 1940 596 1972 ad
615 1952 642 1972 c.
662 1938 694 1980 4,
719 1940 758 1973 7:
783 1943 817 1971 ut
838 1941 896 1972 ha-

125 1985 193 2016 bere
215 1987 412 2025 auderemus,
438 1992 471 2017 et
489 1986 522 2017 in
543 1986 689 2016 Gramm.
711 1985 751 2016 L.
774 1985 802 2019 (ἵ.
820 1982 894 2023 140,

125 2031 155 2073 a)
181 2029 267 2061 Adn.
286 2030 317 2063 3.
341 2029 375 2064 Μ
397 2037 431 2061 et
446 2030 532 2062 Adn.
546 2028 577 2062 4.
597 2040 629 2072 p.
644 2030 711 2063 360
723 2023 785 2072 sq.⁹
796 2028 848 2061 ed.
861 2028 893 2061 2.

191 2078 274 2107 ratio
293 2079 320 2107 el
340 2076 521 2119 disciplina]
557 2074 693 2117 Saepius
720 2075 802 2106 haec
828 2074 894 2104 duo

127 2120 260 2152 nomina
293 2120 405 2152 iuncta
437 2120 663 2163 reperiuntur,
700 2126 737 2151 ut
762 2119 803 2150 de
829 2118 894 2149 Off.

126 2165 184 2197 111.
209 2163 251 2205 -i,
282 2166 346 2198 20:
389 2165 462 2197 Erit
494 2173 605 2197 autem
638 2165 721 2196 haec
752 2164 897 2195 formula

125 2210 314 2243 stoicorum
345 2213 462 2243 rationi
485 2213 728 2250 disciplinaeque
756 2209 897 2240 maxime

127 2263 360 2289 consentanea.
386 2257 478 2288 Ital-io
497 2255 680 2298 respondet
699 2266 818 2297 graeco
838 2266 897 2285 vo-

125 2301 243 2334 cabulo
266 2301 421 2346 μέζῒοδος,
445 2301 478 2334 h.
499 2313 529 2333 e.
551 2301 614 2337 via,
641 2311 704 2343 qua
723 2306 811 2331 artes
829 2306 897 2330 tra-

126 2345 250 2379 duntur
268 2347 321 2379 vel
338 2346 520 2378 discuntur.
555 2347 730 2385 Disciplina
750 2352 800 2376 est
818 2344 896 2375 artis

126 2392 179 2424 vel
203 2391 376 2425 doctrinae
399 2391 534 2423 alicuius
558 2388 729 2432 σύστημα.
781 2390 833 2421 Cf.
855 2390 898 2421 de

127 2439 182 2469 Or.
202 2439 227 2470 Ι.
246 2435 300 2471 46,
326 2438 411 2470 201:
437 2435 601 2479 regendae
623 2435 823 2478 reipublicae
842 2445 898 2467 ra-

127 2485 168 2515 tio
191 2495 230 2515 ac
254 2485 394 2516 scientia.
451 2482 543 2514 Infra
573 2493 600 2514 c.
621 2481 682 2520 13,
708 2481 771 2514 30:
808 2480 897 2512 nulla

125 2531 247 2561 ratione
271 2529 425 2571 nullaque
448 2528 601 2560 doctrina.

193 2583 274 2615 quae
304 2574 502 2615 philosophia
531 2571 658 2615 dicitur]
695 2570 896 2603 Indicativus

125 2617 160 2650 in
183 2618 336 2652 oratione
357 2618 488 2662 obliqua
501 2643 508 2656 ,
533 2627 726 2660 praegresso
743 2622 895 2659 tempore

129 2665 332 2706 praeterito,
367 2664 478 2697 locum
497 2662 597 2695 habet
621 2662 655 2694 in
678 2661 716 2694 iis
740 2661 895 2693 enuntia-

129 2708 274 2742 tionibus
289 2735 297 2748 ‚
343 2721 427 2753 quae
463 2707 692 2752 explicationis
729 2718 841 2738 caussa
876 2718 894 2738 a

129 2753 290 2796 scriptore
309 2754 444 2787 additae
461 2760 548 2787 sunt.
573 2754 615 2785 V.
635 2753 724 2785 Held.
745 2752 788 2784 ad
804 2751 895 2783 Caes.

131 2798 166 2828 e.
192 2799 232 2831 c.
254 2801 301 2839 1.,
328 2800 379 2833 1⁸.
407 2793 507 2844 1³12&
544 2806 578 2831 ει
609 2799 746 2830 Κῆὴηεν.
773 2798 812 2829 L.
838 2797 895 2829 Gr.

131 2841 247 2883 §.16st
283 2844 367 2878 Adn.
393 2846 426 2880 7.
482 2843 688 2877 Femininum
722 2852 802 2883 quae
834 2854 897 2885 pro

132 2893 249 2919 neutro
272 2891 355 2929 quod
386 2890 531 2933 positum
556 2896 615 2922 est.
664 2889 705 2921 V.
727 2887 898 2927 Adnotata

129 2929 173 2964 ad
191 2931 248 2964 lv.
274 2936 324 2971 10,
350 2936 404 2968 25.
424 2945 469 2960 -4
510 2936 664 2967 Ceterum
682 2934 898 2975 philosophiae

128 2986 250 3009 nomen
267 2977 434 3012 Ciceronis
455 2987 565 3013 aetate
588 2978 737 3012 nondum
753 2978 787 3010 in
807 2989 898 3010 com-

128 3032 260 3053 munem
281 3025 441 3053 sermonis
462 3025 730 3053 aonsrietndinem
756 3023 895 3053 venisse..

931 991 1071 1029 apparet
1103 996 1143 1016 ex
1164 984 1251 1016 illius
1282 995 1347 1028 qua
1377 994 1454 1015 usus
1485 989 1536 1014 est
1559 981 1703 1015 circum-

931 1031 1112 1063 locutione.

993 1087 1056 1108 non
1074 1075 1163 1119 quia]
1186 1073 1301 1106 Rarius
1320 1073 1408 1117 apud
1423 1073 1618 1105 Ciceronem
1635 1083 1701 1116 po·-

932 1121 1020 1153 nitur
1043 1133 1123 1165 pro:
1148 1131 1209 1153 non
1231 1130 1302 1160 quo,
1326 1130 1389 1152 non
1409 1120 1503 1160 quod.
1542 1119 1592 1150 De
1610 1125 1700 1150 stru-

932 1176 1023 1199 ctura
1046 1179 1076 1198 v.
1100 1165 1270 1198 Adnotatu
1293 1165 1336 1197 ad
1357 1166 1399 1197 11.
1425 1164 1490 1203 23,
1515 1163 1569 1197 56.
1601 1169 1635 1195 et·
1661 1163 1704 1196 de

930 1223 991 1245 non
1006 1215 1080 1252 quia
1097 1231 1136 1235 —
1153 1213 1208 1243 sed
1223 1221 1283 1253 pro
1295 1212 1349 1242 sed
1361 1212 1437 1250 quia
1455 1208 1496 1240 ad
1510 1210 1552 1240 ΙΙ.
1571 1208 1627 1246 27,
1647 1207 1703 1242 6-1.

1001 1259 1128 1289 Graecis
1146 1260 1172 1287 el
1196 1258 1303 1288 lilleris
1325 1259 1352 1287 el
1371 1253 1561 1297 doctoribus]
1595 1254 1636 1285 V.
1661 1254 1705 1286 ad

931 1303 989 1333 III.
1015 1301 1074 1341 16,
1101 1299 1165 1334 54:
1201 1303 1343 1334 adversis
1365 1302 1498 1332 casibus.
1549 1299 1705 1331 Ceterum

931 1350 1049 1379 litterae
1069 1346 1110 1378 de
1130 1346 1281 1378 omnibus
1299 1345 1349 1384 iis,
1375 1356 1458 1389 quae
1477 1344 1518 1376 de
1539 1344 1650 1387 aliqua
1668 1356 1705 1377 re

930 1393 1054 1435 scripta
1082 1399 1178 1432 sunt,
1213 1391 1377 1424 dicuntur.
1424 1389 1498 1421 Fin.
1520 1390 1547 1421 Ι.
1573 1387 1615 1429 4,
1643 1392 1704 1422 12:

931 1440 1027 1470 Hanc
1047 1449 1179 1469 omnem
1197 1437 1424 1481 quaestionem
1443 1435 1485 1467 de
1502 1434 1621 1467 finibus
1638 1434 1705 1468 bo·-

931 1495 1049 1515 norum
1072 1490 1106 1515 et·
1136 1483 1299 1515 malorum
1330 1483 1401 1514 fere
1429 1492 1448 1513 a
1471 1480 1569 1513 nobis
1593 1480 1704 1524 expli-

932 1536 1037 1561 catam
1060 1540 1131 1561 esse
1154 1529 1203 1560 his
1224 1527 1344 1560 litteris
1366 1526 1574 1559 arbitramur.

996 1577 1187 1615 sapientius,
1211 1585 1308 1615 quam
1331 1576 1485 1613 Graecos,
1510 1572 1568 1615 ct.]
1604 1571 1702 1605 Hanc
1739 1575 1742 1578 ’

932 1620 1046 1652 Cicero
1071 1620 1271 1651 sententiam
1304 1618 1406 1650 nimio
1429 1617 1558 1661 patriae
1589 1627 1704 1649 amore

931 1666 1127 1697 obcaecatus
1149 1671 1183 1696 et
1205 1665 1348 1697 fortasse
1374 1675 1414 1696 eo
1438 1662 1576 1695 consilio
1602 1661 1703 1695 vide-

929 1718 984 1742 tur
1002 1711 1190 1753 protulisse,
1219 1718 1254 1741 ut
1268 1711 1493 1741 Romanorum
1511 1708 1638 1740 animos
1659 1707 1703 1740 ad

928 1756 1114 1788 litterarum
1134 1755 1280 1787 studium
1295 1753 1702 1798 persequendumexhor-

928 1808 1066 1833 tal-etur.
1117 1802 1169 1833 Cf.
1195 1801 1237 1832 de
1259 1803 1350 1832 Orat.
1372 1801 1397 1831 Ι.
1421 1799 1454 1840 4,
1482 1800 1540 1832 15:
1567 1798 1704 1842 Ingenia

930 1858 1018 1887 vero,
1044 1854 1081 1879 ut
1102 1847 1213 1879 multis
1234 1846 1331 1878 rebus
1351 1856 1523 1889 possumus
1543 1843 1701 1883 iudicare,

930 1900 1120 1925 nostrorum
1141 1892 1313 1924 hominum
1335 1890 1474 1922 multum
1497 1889 1615 1922 ceteris
1635 1889 1702 1922 ho-

929 1937 1070 1970 minibus
1093 1938 1239 1970 omnium
1257 1936 1403 1980 gentium
1422 1935 1670 1978 praestiterunt.

998 1987 1030 2016 in
1048 1986 1159 2024 quibus
1176 1983 1383 2023 elaborarent]
1407 1982 1590 2023 Utrumque
1603 1987 1700 2014 recte

930 2028 1066 2060 dicitur:
1094 2031 1254 2061 elaborare
1270 2034 1304 2059 et
1318 2030 1459 2059 laborare
1475 2025 1510 2057 in
1523 2025 1633 2069 aliqua
1651 2037 1700 2065 re,

929 2081 966 2106 ut
985 2075 1019 2106 in
1040 2073 1168 2113 studiis,
1193 2073 1323 2111 litten's,
1348 2071 1408 2104 sed
1429 2071 1539 2114 aliquo
1562 2077 1703 2102 senten-

930 2119 998 2151 tiae
1015 2119 1215 2151 discrimine.
1259 2121 1419 2151 Labor-ure
1438 2117 1524 2149 enim
1545 2122 1596 2148 est
1613 2116 1649 2148 in
1666 2127 1703 2148 re

931 2164 1038 2207 aliqua
1063 2164 1211 2196 studiose
1236 2171 1336 2207 atque
1358 2162 1453 2195 enixe
1475 2161 1605 2205 agenda
1629 2167 1701 2193 tra-

933 2209 1117 2251 orandaque
1141 2209 1282 2245 versari,
1311 2208 1450 2240 notione
1473 2208 1627 2240 adiuncta
1649 2206 1704 2239 vel

931 2253 1124 2294 molestiae,
1149 2254 1202 2285 vel
1226 2254 1452 2290 difficultatis,
1481 2253 1535 2285 vel
1558 2253 1704 2285 frustra-

932 2299 1050 2337 tionis,
1086 2298 1139 2329 vel
1164 2310 1258 2330 curae
1281 2298 1575 2336 sollicitudinisve3
1599 2300 1704 2330 elabo-

930 2354 1002 2376 rare
1025 2350 1141 2375 contra
1163 2350 1213 2375 est
1233 2354 1247 2374 e
1268 2346 1372 2375 labore
1389 2343 1421 2374 in
1444 2342 1553 2385 aliqua
1572 2354 1608 2374 re
1629 2342 1703 2374 col-

932 2389 1043 2420 locato
1065 2389 1155 2431 quasi
1175 2398 1327 2430 emergere
1347 2394 1381 2419 et
1400 2387 1452 2419 vel
1471 2388 1514 2419 ad
1533 2393 1703 2431 speratum

933 2434 1098 2473 fructum,
1133 2434 1185 2466 vel
1207 2434 1250 2465 ad
1270 2433 1478 2477 propositum
1502 2433 1600 2465 finem
1621 2444 1702 2476 per-

932 2480 1055 2519 venire,
1083 2479 1284 2522 omninoque
1303 2478 1486 2511 laborando
1505 2478 1630 2522 aliquid
1647 2478 1700 2510 ef-

933 2524 1048 2556 ficere:
1088 2525 1166 2556 hinc
1200 2537 1330 2568 semper
1363 2524 1516 2567 ponitur,
1555 2524 1609 2555 ubi
1633 2534 1703 2555 non

932 2570 1040 2609 anxia,
1062 2570 1121 2601 sed
1139 2570 1274 2602 liberior
1295 2570 1456 2614 quaedam
1475 2569 1596 2613 agendi
1614 2568 1701 2602 ratio

935 2623 1223 2647 commemoratur.

997 2661 1029 2693 2.
1063 2665 1090 2693 et
1110 2664 1220 2693 melius
1245 2665 1387 2702 tuemur,
1420 2664 1448 2693 et
1467 2659 1598 2703 lautius]
1633 2661 1698 2691 At-

930 2706 1070 2738 tcndant
1093 2707 1218 2738 tirones
1242 2706 1285 2738 ad
1304 2707 1391 2738 hanc
1415 2706 1602 2748 elegantem
1621 2715 1700 2736 ver-

931 2751 1049 2783 borum
1065 2752 1331 2791 collocationem,
1350 2751 1383 2783 in
1400 2762 1463 2794 qua
1479 2750 1606 2782 solutae
1621 2761 1702 2781 ora-—

931 2796 1030 2828 tionis
1054 2808 1186 2829 caesura
1207 2797 1369 2830 cernitur:
1394 2807 1457 2839 qua
1478 2794 1639 2834 efficitur,
1664 2801 1702 2826 ut

933 2842 1040 2874 oratio
1059 2843 1263 2874 numerosius
1289 2841 1397 2874 cadat.
1447 2840 1499 2873 Cf.
1522 2839 1555 2879 3,
1579 2839 1618 2873 6:
1644 2839 1701 2884 qui

932 2898 986 2918 eas
1013 2899 1074 2919 nec
1098 2888 1295 2930 disponere.
1330 2898 1392 2919 nec
1410 2886 1575 2918 illustrare
1591 2889 1700 2926 possit,

932 2944 994 2964 nec
1012 2931 1234 2965 delectatione
1253 2933 1361 2976 aliqua
1378 2931 1510 2963 allicere
1528 2930 1700 2963 lectorem.

932 2974 974 3017 4,
1001 2977 1037 3011 7:
1085 2978 1324 3022 (philosophia)
1361 2989 1445 3021 quae
1477 2975 1520 3009 de
1553 2975 1700 3010 maximis

933 3023 1180 3053 ‹inaestionilius
1207 3023 1343 3053 coninse
1366 3027 1485 3053 nosset.
1520 3029 1702 3053 ornateoue
