1859 3117
723 49 1074 83 enom-:coneus
1641 41 1688 85 21

453 227 491 264 b.
551 223 752 264 ALTERA
781 225 908 264 PARS
943 225 1340 266 DISPU'I'ATIONIS.

869 319 927 344 DE

599 383 785 416 OFFICHS
817 384 1192 418 CONSOLANTIUM.

203 477 350 519 Officia
370 478 667 519 consolantium
686 478 978 530 aegritudinem
995 487 1094 518 sunt
1112 481 1254 519 tollere
1275 480 1567 534 aegritudinem
1587 484 1684 521 t'un-

90 550 215 601 ditus,
234 555 307 588 aut
326 549 479 599 sedare,
505 555 578 587 aut
598 547 812 587 detrahere
831 563 950 600 quam
974 549 1206 601 plurimum,
1237 557 1307 589 aut
1331 551 1594 603 supprimere,
1616 566 1687 590 nec

90 619 177 671 pati
198 632 361 658 manare
381 618 563 671 longius,
593 624 664 656 aut
685 617 734 655 ad
760 617 837 656 alia
864 618 1090 657 traducere.
1151 619 1257 657 llaec
1288 621 1522 659 consolandi
1543 635 1686 674 genera

87 688 244 741 singula
263 688 412 741 singuli
433 686 670 741 philosophi
692 694 934 738 sequuntur.
995 688 1135 726 Cicero
1163 695 1294 727 autem
1321 689 1416 727 haec
1435 690 1567 728 onmia
1598 690 1684 728 col—

87 757 245 809 ligenda
275 764 426 808 censet,
457 759 552 809 quia
576 757 680 795 alius
707 756 787 794 alio
815 757 935 795 modo
958 764 1190 807 moveatur,
1230 771 1393 809 eamque
1421 758 1687 797 adhibendam

88 827 359 877 curationem,
396 841 515 879 quam
538 826 709 878 quisque
737 826 915 878 recipere
944 827 1092 879 possit,
1135 835 1495 880 opportunumque
1531 835 1686 880 tenipus

85 896 323 936 sumendum
341 910 436 936 esse.
463 894 506 949 §.
531 899 599 936 76.
657 895 825 947 Singula
847 896 1080 935 consolandi
1105 911 1250 950 genera
1272 898 1500 936 accuratius
1522 904 1560 936 et
1583 898 1683 936 ube-

85 965 171 1004 rius
200 966 474 1005 illustrantur.
514 980 548 1004 c.
572 970 641 1005 52.
660 969 730 1005 55.

200 1035 266 1074 ΙΙΙ.
307 1036 530 1074 CoxcLusm
554 1049 697 1072 *ro'rics
721 1047 1037 1073 inspurxrioms.
1097 1036 1359 1088 Posteaquam
1382 1038 1522 1075 Cicero
1549 1051 1588 1075 se
1611 1050 1682 1075 ex-

85 1104 263 1154 cusavit,
293 1104 426 1157 quod,
457 1117 581 1155 quum
605 1103 828 1155 quaesitum
859 1111 977 1152 esset,
1010 1111 1194 1156 possetne
1224 1107 1264 1144 in
1298 1106 1516 1157 sapientem
1544 1107 1683 1144 cadere

85 1173 310 1226 aegritudo,
341 1187 363 1211 a
382 1173 594 1225 proposito
621 1173 812 1210 aberrans
836 1180 960 1210 totam
980 1173 1028 1210 de
1049 1175 1299 1226 aegritudine
1323 1175 1548 1213 doctrinam
1572 1189 1682 1214 coni-

84 1242 228 1295 plexus
253 1249 369 1281 esset:
400 1255 484 1281 eam
510 1242 767 1291 sententiam,
799 1256 876 1292 qua
905 1242 1030 1280 totius
1060 1243 1349 1295 disputationis
1379 1259 1516 1282 caussa
1549 1245 1681 1283 conti-

84 1318 250 1362 neatur,
280 1318 348 1362 ut,
380 1311 592 1366 quidquid
608 1314 663 1349 sit
685 1314 728 1349 in
755 1312 1024 1363 aegritudine
1043 1314 1172 1358 ntuli,
1207 1313 1254 1351 id
1274 1328 1354 1350 Ιιωι
1382 1316 1578 1351 mam-ale
1609 1318 1680 1357 sii,

84 1381 158 1421 aed
187 1382 425 1420 voluntario
459 1380 618 1420 iudicio
650 1389 685 1418 et
717 1383 927 1433 opinionis
956 1397 1088 1420 errore
1117 1390 1399 1427 contractem,
1433 1382 1599 1434 repetit,
1632 1390 1683 1431 ct,

85 1464 336 1503 quanquam,
357 1451 548 1490 universa
570 1451 822 1502 aegritudine
844 1451 1013 1500 sublata,
1047 1451 1298 1503 reliquorum
1321 1452 1519 1490 malorum
1547 1466 1566 1490 e
1587 1453 1682 1504 qui·-

83 1521 160 1558 bus
184 1520 344 1558 oriatur
364 1520 576 1572 aegritudo
600 1521 774 1558 remedia
799 1535 881 1559 non
905 1535 1146 1573 magnopere
1171 1522 1401 1572 quaerenda
1423 1522 1523 1569 sint,
1552 1529 1681 1560 tamen

85 1590 334 1642 singularum
372 1603 510 1628 rerum
543 1591 736 1642 proprias
769 1590 1062 1629 consolationes
1094 1606 1174 1629 non
1211 1590 1372 1629 inutiles
1402 1605 1482 1629 csse
1518 1592 1682 1629 iudicat.

83 1659 250 1710 Deinde,
282 1673 383 1711 quae
404 1659 617 1712 superiore
641 1660 918 1712 disputatione
941 1660 1062 1698 latius
1087 1668 1126 1698 et
1146 1661 1334 1699 diss'usius
1356 1661 1538 1712 exposita
1556 1668 1683 1709 erant,

83 1731 224 1782 paucis
243 1729 564 1782 comprehendit.
611 1729 792 1782 Denique
819 1730 932 1768 varia
956 1730 1223 1782 aegritudinis
1247 1744 1391 1781 genera
1417 1730 1595 1768 breviter
1617 1730 1680 1768 di-

83 1805 272 1837 numerat
299 1805 345 1838 et.
360 1799 466 1838 viam
491 1799 570 1837 sibi
603 1800 734 1839 munit
764 1800 815 1838 ad
839 1800 1042 1851 sequentis
1074 1799 1361 1851 disputationis
1392 1806 1681 1851 argumentum.

86 1882 120 1906 c.
150 1872 220 1909 54,

198 2073 852 2122 TUSCULANARUM
899 2073 1580 2123 DISPUTATIONUM

719 2178 838 2212 ΗΒΕ]
863 2179 1048 2221 ommi,

357 2245 428 2281 Qut
446 2245 526 2275 EST
545 2246 601 2275 DE
619 2246 812 2282 RELIQL'IS
833 2246 952 2275 ANIMI
971 2247 1409 2280 PERTt'RBATloMBL'S.

586 2375 594 2380 .
650 2322 1124 2360 CONSPECTUS.

203 2425 232 2463 l.
289 2425 549 2464 Pnoofflnm.
606 2425 848 2464 Laudamur
869 2426 1060 2476 Romani,
1093 2426 1221 2477 quod,
1254 2440 1376 2478 quum
1401 2441 1424 2464 a
1445 2427 1577 2478 primo
1601 2427 1681 2463 [r-

89 2494 267 2533 bisvortu
295 2494 461 2547 egregiis
491 2494 672 2533 moribus
694 2494 995 2547 institutisque,
1027 2502 1066 2534 et
1089 2495 1302 2548 disciplina
1329 2510 1375 2534 ac
1400 2496 1685 2548 temperatione

90 2563 269 2602 civitatis
290 2563 552 2614 eminuerint,
583 2570 691 2615 tum,
722 2564 933 2603 dominatu
962 2566 1073 2618 regio
1098 2578 1143 2604 re
1172 2565 1337 2617 publica
1364 2566 1550 2613 liberata,
1581 2577 1683 2616 pro—

88 2632 328 2685 gressionem
341 2632 614 2672 adim'rabilem
626 2633 981 2686 incredibilemque
1005 2648 1168 2674 cursum
1178 2635 1226 2673 ad
1243 2649 1397 2673 omnem
1415 2633 1684 2672 excellentiam

90 2702 273 2741 fecerint.
303 2716 339 2741 c.
361 2706 399 2741 1.
424 2701 467 2756 ς.
490 2707 528 2742 1.
569 2704 650 2742 Iam
677 2704 905 2754 antiquitus
927 2704 1097 2743 Romani
1116 2704 1254 2743 studia
1271 2704 1492 2751 doctrinae,
1523 2703 1684 2742 aliunde

91 2771 276 2810 arcessita
289 2801 302 2822 ‚
323 2779 628 2820 ⁴conservarunt
649 2779 690 2810 et
713 2773 943 2811 coluerunt.
1004 2773 1130 2812 Cujus
1150 2776 1210 2812 rei
1231 2786 1405 2812 caussam
1427 2786 1449 2809 a
1475 2771 1688 2825 Pythago-->

93 2851 162 2878 rae
179 2839 368 2879 doctrina
398 2842 658 2899 repetendam
691 2855 791 2892 esse,
832 2856 958 2893 quum
983 2843 1218 2882 coniectura
1242 2841 1452 2894 probabile
1479 2847 1556 2891 est,
1597 2848 1683 2882 tum

46 2922 50 2927 ·
95 2907 332 2958 quibusdam
353 2910 474 2949 etiam
493 2911 735 2950 testimoniis
756 2911 963 2951 historicis
984 2912 1202 2950 indicatur.
1243 2908 1285 2962 §-
1304 2914 1344 2948 2.
1365 2913 1405 2948 5.
1435 2924 1469 2948 c.
1489 2915 1530 2950 2.
1581 2912 1681 2951 Phi-

94 2974 320 3029 losophiam
339 2986 474 3023 autem
493 2987 648 3020 veteres
667 2981 842 3020 Romani
866 2981 954 3020 vita
981 2981 1122 3033 magis,
1163 2992 1282 3029 quam
1315 2978 1462 3018 litteris
1480 2984 1682 3034 persecuti
