1859 3149
147 70 157 90 t
601 58 776 94 menn
803 57 1173 103 1.29,71.30,72.
1633 48 1692 95 89

89 143 250 198 videto,
291 149 334 185 ut
361 142 476 184 deum
500 140 636 192 noris,
679 140 755 182 etsi
787 141 874 182 eius
899 141 1062 197 ignores
1093 148 1134 184 et
1158 141 1313 193 locum,
1356 147 1397 184 et
1422 140 1590 193 faciem,
1631 142 1691 184 sic

88 221 262 264 animum
284 218 354 260 tibi
376 223 485 258 tuum
512 222 648 256 notum
675 229 767 257 esse
793 224 1004 273 oportere,
1039 217 1156 260 etiam
1183 217 1218 260 si
1243 217 1406 273 ignores
1432 224 1472 259 et
1494 217 1624 258 locum
1651 224 1692 259 et

87 296 271 339 formam.
334 298 405 336 71.
439 289 486 333 lu
506 290 626 332 animi
645 298 777 332 autem
799 291 1027 347 cognitione
1050 293 1228 335 dubitare
1250 307 1329 335 uon
1352 306 1579 350 possumuS,
1614 291 1692 334 nisi

88 371 206 429 plane
230 369 270 412 in
293 366 466 425 physicis
494 366 664 423 plumbei
683 380 846 417 sumus,
881 367 974 422 quin
999 367 1095 409 nihil
1115 368 1167 410 sit
1187 367 1330 410 animis
1353 368 1597 420 admixtum,
1632 368 1692 409 ni·

90 447 144 490 hil
173 451 427 495 concretum,
474 441 571 484 nihil
598 441 851 498 copulatum,
896 442 991 484 nihil
1013 451 1356 498 coagmentatum,
1403 444 1498 485 nihil
1524 443 1689 500 duplex.

90 520 207 578 Quod
232 535 349 577 quum
374 519 428 561 ita
453 518 530 570 sit,
564 524 673 560 certe
698 531 772 559 nec
794 518 978 568 secerni,
1014 532 1088 559 uec
1110 519 1256 571 dividi,
1292 533 1366 560 nec
1388 512 1582 575 discerpi,
1616 532 1692 561 nec

88 596 254 640 distrahi
281 601 437 653 potest,
481 607 532 636 ne
558 592 725 635 interire
752 592 924 648 ‘quidem
948 593 1082 649 igitur.
1147 592 1222 635 Est
1246 595 1349 636 enim
1371 595 1556 636 interitus
1578 594 1693 650 quasi

87 673 291 717 discessus
315 678 356 712 et
379 669 553 712 secretio
579 683 626 710 ac
653 668 870 725 diremptus
895 682 1033 710 earum
1067 669 1259 726 partium,
1305 684 1406 725 quae
1435 678 1526 711 ante
1553 669 1693 711 interi-

87 755 170 791 tum
201 746 404 789 iunctione
431 745 558 801 aliqua
591 744 843 786 tenebamur.
911 743 983 786 llis
1012 752 1052 786 et
1085 745 1229 786 talibus
1255 745 1475 786 rationibus
1500 746 1692 788 adductus

89 821 282 867 Socrates
312 835 385 864 nec
411 828 619 878 patronum
651 819 848 876 quaesivit
882 820 929 861 ad
960 819 1147 861 iudicium
1178 821 1346 877 eapitis,
1392 834 1466 862 nec
1498 820 1692 863 iudicibus

86 897 256 956 supplex
279 897 375 949 suit,
409 896 661 952 adhibuitque
685 894 850 936 liberam
873 896 1160 937 contumaciam
1176 928 1187 948 ‚
1230 911 1253 937 a
1277 896 1548 952 magnitudine
1571 896 1693 938 animi

85 974 240 1017 ductam
256 1005 268 1024 ‚
302 987 380 1014 non
403 985 426 1013 a
449 970 661 1027 superbia,
696 977 736 1012 et
756 984 943 1026 supremo
964 971 1072 1012 vitae
1096 971 1158 1013 die
1185 971 1232 1013 ‹le
1261 971 1334 1013 hoc
1357 971 1443 1028 ipso
1466 972 1587 1013 multa
1612 971 1693 1014 dis-

86 1048 214 1092 seruit
235 1055 277 1090 et
296 1047 431 1104 paucis
454 1053 546 1088 ante
569 1045 730 1097 diebus,
774 1059 891 1101 quum
912 1047 1025 1088 facile
1049 1053 1184 1103 posset
1206 1046 1319 1088 educi
1337 1060 1359 1087 e
1380 1047 1558 1088 custodia
1575 1079 1586 1099 ‚
1621 1061 1693 1088 no-

84 1124 182 1178 luit,
225 1130 267 1166 et
298 1130 379 1164 tum
411 1135 538 1179 paene
572 1121 612 1163 in
652 1136 771 1163 manu
803 1121 880 1162 iam
919 1121 1165 1163 mortiferum
1198 1122 1292 1163 illud
1327 1129 1467 1163 tenens
1507 1122 1691 1178 poculum

83 1199 239 1243 locutus
257 1198 314 1241 ita
336 1204 424 1250 est,
465 1203 507 1238 ut
530 1211 610 1238 non
638 1197 686 1238 ad
711 1204 879 1238 mortem
907 1197 1037 1250 trudi,
1080 1211 1219 1239 verum
1242 1197 1281 1238 in
1309 1197 1462 1239 caelum
1484 1197 1691 1240 videretur

84 1275 320 1318 ascendere.

195 1346 346 1392 XXX.
391 1354 463 1391 72.
507 1345 569 1389 Ita
589 1347 693 1389 enim
719 1347 911 1389 censebat
935 1347 1066 1404 itaque
1090 1348 1304 1390 disseruit:
1355 1348 1451 1390 duas
1483 1362 1574 1390 esse
1602 1348 1690 1390 vias

972 1437 1153 1477 ascendas
1194 1435 1257 1467 Alii
1285 1435 1491 1479 scripserunt
1516 1437 1690 1476 escendere,

904 1482 995 1526 quod
1021 1490 1070 1513 est
1095 1481 1127 1513 iu
1155 1481 1285 1513 (luobus
1310 1481 1445 1525 optimis
1477 1481 1598 1520 codd„
1627 1493 1689 1525 pro

904 1528 992 1571 vulg.
1030 1530 1217 1560 ascendere:
1256 1527 1346 1572 quod
1380 1528 1455 1560 liuic
1481 1527 1557 1560 loco
1582 1528 1689 1560 multo

904 1575 1007 1618 magis
1030 1575 1197 1607 cunm-uit.
1244 1577 1414 1607 tjscemtere
1436 1574 1524 1606 euim
1549 1582 1582 1606 et
1605 1586 1689 1618 pro-

84 1435 387 1470 antecedentibus:
440 1439 641 1474 concretum,
687 1437 869 1476 copulatum

48 1492 58 1496 ·
84 1490 170 1518 etc.:
195 1493 280 1527 quae
300 1481 418 1515 eadem
436 1481 530 1514 tenui
549 1481 725 1514 notionum
744 1480 869 1514 discri-

85 1528 176 1562 mine
199 1528 289 1561 inter
310 1540 346 1561 se
370 1527 542 1561 differunt.

154 1585 192 1609 ne
213 1576 339 1608 interire
362 1576 490 1617 quidem
516 1574 626 1616 iyitnr]
666 1572 722 1605 Sic
751 1572 868 1617 scripsi

0 1952 1 1957 ¹
54 1946 173 1978 .dem
207 1947 348 1986 igitur
381 1950 443 1976 eet.

85 1632 149 1666 pro
171 1620 282 1665 vulg.:
306 1631 363 1653 nec
383 1623 508 1653 interire
530 1623 638 1662 ἐρίων.
682 1620 722 1651 V.
750 1619 868 1652 Adno-

85 1674 160 1710 tnta
179 1674 295 1700 nostra
314 1666 347 1699 in
371 1679 401 1700 c.
415 1666 470 1703 26.
497 1665 561 1700 65:
588 1677 630 1698 ne
650 1666 682 1698 in
705 1665 770 1698 ‹leo
790 1666 868 1710 qui-

85 1713 163 1746 dem
180 1713 366 1766 quicquum.
403 1712 528 1746 Eadem
544 1711 768 1746 conclusionis*
791 1715 866 1744 l'or-

32 1783 36 1785 ‡
82 1771 138 1793 ma
171 1766 336 1804 reperitur
367 1771 397 1792 c.
417 1760 483 1799 34,
517 1761 581 1792 δεῖ
621 1769 667 1791 ne
702 1761 735 1791 ιή
759 1761 867 1791 animo

83 1817 103 1848 q
115 1818 134 1839 u
146 1809 158 1840 n·
168 1808 190 1839 d
201 1817 257 1839 em
282 1809 322 1848 59
333 1808 344 1838 i
355 1810 397 1838 ιιι
409 1816 426 1838 r
444 1817 559 1838 sensus
579 1812 742 1837 remanet.
769 1817 796 1838 c.
808 1805 866 1848 30',

83 1855 148 1887 ὅδε
173 1863 222 1886 ne
241 1863 349 1886 curere
368 1853 542 1894 quidem
564 1854 707 1892 igitur
727 1851 760 1883 in
778 1862 866 1882 mor-

83 1905 144 1931 tuo
165 1905 226 1932 est.
275 1899 347 1931 Fin.
366 1899 404 1930 V.
424 1898 480 1938 30,
503 1898 567 1931 91:
593 1908 641 1930 ne
664 1907 750 1938 seyes
770 1899 867 1938 qui-

504 1943 556 1976 Cf.
591 1943 635 1974 ud
662 1954 690 1974 c.
716 1944 774 1978 1⁴.
809 1943 864 1975 32.

83 1990 130 2024 Ν.
147 1990 343 2029 D.111.17,
363 1988 427 2024 43:
452 1999 499 2023 ne
518 1990 676 2029 nymphae
695 1989 867 2029 quidem

87 2037 166 2070 deae
188 2039 341 2078 igitur.

153 2093 210 2116 nec
225 2082 412 2123 patronum]
434 2081 476 2112 V.
497 2079 540 2112 de
555 2081 647 2112 Orat.
663 2080 689 2112 1.
711 2076 766 2118 54,
787 2078 864 2112 231.

151 2138 207 2161 nec
228 2128 403 2168 patronum
425 2128 580 2168 quaesivit
603 2145 645 2150 -
658 2151 668 2167 ‚
702 2136 758 2158 nec
782 2127 867 2157 iudi-

84 2176 171 2207 cibus
191 2175 325 2214 supplex
347 2174 427 2214 fuit,
455 2173 672 2213 adhibuitque]
701 2171 865 2204 panicula

86 2229 145 2261 que
164 2231 233 2252 nou
252 2218 436 2262 respondet
454 2218 730 2251 antecedentibus
746 2229 802 2251 nec
820 2238 865 2242 —

85 2275 153 2305 nec,
175 2264 235 2297 sed
253 2264 403 2308 adiungit
420 2272 550 2305 tantum
573 2264 734 2297 orationis
756 2277 865 2296 mem-

83 2311 192 2344 brum.
242 2310 315 2344 Atia
336 2310 423 2344 ratio
442 2318 504 2350 est,
530 2310 585 2342 ubi
605 2309 728 2343 dicitur
746 2321 801 2344 nec
820 2331 866 2336 -—

84 2361 125 2399 et,
148 2363 206 2389 aut
227 2362 255 2390 et
271 2377 317 2382 -—
339 2367 416 2398 nec,
442 2356 485 2389 de
504 2356 622 2401 quibus
644 2369 674 2389 v.
696 2357 866 2389 Adnotata

83 2402 118 2436 in
133 2415 161 2436 c.
173 2402 207 2442 4,
221 2403 252 2438 7.
279 2403 345 2435 Ubi
358 2402 463 2436 semel
475 2414 531 2436 nec
543 2402 865 2443 antecedit,-deinde

84 2459 144 2492 que
167 2449 336 2494 sequitur,
362 2449 472 2482 oratio
496 2446 724 2489 ἀνακόλουξος
748 2456 809 2482 est.

151 2498 285 2529 liberam
321 2497 570 2538 contumaciam]
614 2495 742 2528 Nobis:
783 2498 868 2529 edler

86 2543 197 2583 Tmtz,
227 2544 321 2575 Stolz.
379 2543 462 2575 Tac.
488 2542 532 2574 H.
557 2543 592 2579 Ι,
617 2542 659 2575 3:
695 2546 868 2575 contumax

87 2587 190 2621 etiam
206 2587 365 2620 adversus
383 2595 554 2621 tormenta
572 2587 667 2620 fidos.
705 2588 865 2628 Quinctil.

85 2633 117 2666 Π
128 2659 139 2675 ,
162 2632 206 2668 4:
229 2634 372 2673 maxima
395 2641 446 2667 est
464 2633 677 2667 innocentiae
701 2639 865 2667 contuma-

85 2681 148 2712 οἱα.
181 2679 273 2712 Alias
293 2680 377 2714 haec
397 2680 561 2713 vocabula
582 2680 616 2712 in
640 2680 762 2712 malam
783 2692 866 2724 par-

84 2729 155 2758 tem
175 2725 394 2770 accipiuntur.
444 2726 610 2770 Compara
631 2727 779 2759 Socratis

87 2771 312 2815 γαληγορίαν,
346 2784 368 2805 a
390 2772 622 2817 Xenophonte
651 2772 752 2818 Apol.
785 2773 816 2817 §-
833 2773 863 2806 l.

88 2825 394 2853 commemoratam.

154 2859 194 2897 de
213 2864 271 2896 hoc
290 2865 376 2906 ipso]
408 2864 489 2897 Seil.
512 2863 555 2897 de
586 2863 773 2897 animorum
795 2864 864 2897 im-

85 2907 302 2944 mortalitate.
326 2909 382 2942 Sic
396 2910 486 2954 apud
501 2911 649 2944 Graecos
667 2907 751 2945 αὗτό
765 2911 865 2945 τοῦτο

85 2951 131 2984 de
151 2963 216 2993 eo,
249 2953 285 2986 in
307 2966 374 3000 quo
396 2956 634 3001 disputationis
658 2956 761 2990 cardo
783 2969 865 2990 ver-

82 3004 217 3078 {Tim-st
232 2999 284 3080 Vi
296 3012 361 3035 nos
387 3001 434 3036 ad
450 3003 613 3048 Xenoph.
636 3003 865 3037 Commentar-

137 3066 146 3077 .
227 3069 238 3086 ,
285 3067 296 3078 .

906 1621 976 1665 prin
993 1627 1025 1651 et
1045 1621 1175 1664 tropica
1199 1620 1444 1663 siguum-..tione
1462 1628 1512 1652 est
1535 1627 1688 1652 nostrum

904 1671 1076 1708 ersteiyen‚
1112 1666 1201 1710 quod
1229 1670 1334 1699 locum
1362 1667 1481 1702 habet,
1519 1678 1619 1710 (ptum
1644 1666 1687 1699 de

902 1713 1079 1746 altitudine».
1106 1722 1136 1743 et
1167 1713 1284 1744 minium
1311 1713 1530 1745 contentione
1554 1712 1685 1755 agitur:

902 1761 1068 1792 ascendere
1101 1762 1274 1798 bestctqen,
1309 1762 1493 1799 aussteiqen.
1544 1759 1581 1791 V.
1611 1761 1688 1791 Bre-

902 1809 1000 1838 mium
1035 1805 1077 1837 :ul
1112 1805 1244 1837 (hu-nel.
1284 1806 1367 1848 Nep.
1403 1804 1568 1836 'stu—mist.
1594 1805 1686 1843 Vlli,

902 1851 933 1886 6.
962 1863 991 1895 p.
1007 1852 1060 1884 53.
1111 1850 1166 1882 sic
1194 1851 1234 1882 (le
1265 1851 1367 1882 exmiv.
1391 1851 1535 1889 XXlll,
1560 1855 1622 1883 ‹75ss:
1650 1853 1687 1883 Si

903 1900 972 1938 quis
997 1900 1028 1929 in
1056 1898 1178 1928 caetum
1212 1899 1412 1929 ascendisset.
1462 1896 1576 1929 l‘urud.
1598 1897 1624 1930 I.
1651 1898 1686 1936 2,

907 1945 965 1976 ll:
1001 1944 1141 1975 ascendit
1167 1945 1199 1974 in
1223 1945 1356 1975 caelum.
1408 1944 1509 1976 Recte.
1532 1942 1620 1975 iufra
1643 1943 1686 1976 V.

903 1989 946 2027 9,
972 1992 1026 2021 24.
1055 1988 1086 2020 iu
1114 1989 1250 2032 optimis
1275 1989 1366 2021 libris
1389 1989 1530 2032 legitur:
1569 1989 1601 2022 iu
1625 2000 1686 2021 ro—

902 2042 971 2067 tam
989 2035 1121 2067 beatam
1140 2035 1241 2067 vitam
1263 2047 1328 2067 uon
1344 2037 1516 2069 escendere.
1565 2038 1686 2075 Quan-

903 2093 1001 2125 quam
1024 2080 1212 2124 complures
1234 2081 1324 2126 apud
1346 2089 1476 2114 veteres
1501 2081 1685 2126 scriptores

902 2127 1113 2172 reperiuntur
1127 2127 1204 2164 loci,
1230 2128 1263 2160 in
1285 2128 1415 2172 quibus,
1441 2128 1468 2160 si
1487 2128 1589 2160 lectio
1606 2140 1685 2161 vera

902 2182 971 2214 est,
998 2174 1135 2206 verbum
1155 2176 1340 2208 escendendi
1365 2186 1426 2218 pro
1449 2174 1553 2207 verbo
1575 2185 1684 2207 ascen·

900 2222 997 2253 dendi
1018 2221 1166 2264 positum
1193 2221 1357 2253 videatur.

971 2267 1052 2300 CAP.
1072 2267 1190 2301 XXX.
1225 2267 1278 2301 72.
1328 2269 1375 2300 Ita
1411 2271 1493 2300 enim
1523 2268 1679 2309 censebat]

901 2315 1024 2346 Omnes
1062 2325 1146 2357 quae
1185 2313 1240 2346 hic
1277 2314 1497 2358 proferuntur
1535 2312 1682 2346 Socratis

900 2360 1088 2392 sententiae
1116 2359 1244 2404 petitae
1272 2368 1350 2392 sunt
1376 2368 1410 2392 et
1442 2371 1618 2404 expressae
1642 2369 1683 2390 ex

902 2406 1049 2439 Platonis
1071 2406 1253 2440 Phaedone
1276 2405 1414 2450 aliisque
1435 2407 1582 2438 eiusdem
1603 2404 1682 2448 phi-

900 2452 1036 2496 losophi
1059 2452 1204 2496 scriptis.
1255 2452 1459 2496 Comparntu
1491 2450 1682 2493 dignissima

901 2506 980 2531 sunt
1011 2510 1095 2543 quae
1127 2498 1218 2531 idem
1244 2498 1360 2531 Cicero
1385 2499 1418 2531 in
1443 2498 1584 2530 eandem
1610 2506 1681 2528 rem

901 2545 935 2578 in
957 2544 1096 2578 somnio
1119 2545 1286 2589 Scipionis
1318 2544 1521 2589 disputavit,
1557 2548 1594 2573 ut
1618 2541 1679 2573 sub

899 2592 956 2624 fin.
982 2593 1024 2633 (c.
1041 2592 1074 2624 9.
1098 2590 1140 2623 de
1156 2592 1239 2635 Rep.
1258 2593 1315 2629 Vl,
1337 2593 1429 2626 ¹302:
1455 2590 1542 2621 Nam
1564 2598 1681 2619 eorum

899 2637 1022 2677 animi,
1047 2637 1103 2680 qui
1125 2650 1162 2670 se
1186 2637 1338 2682 corporis
1363 2634 1590 2684 voluptatibus
1616 2632 1681 2665 de-

900 2683 1059 2717 diderunt
1075 2709 1083 2723 ,
1121 2695 1299 2728 earumque
1323 2695 1357 2715 se
1383 2681 1475 2726 quusi
1509 2678 1679 2712 ministros

806 2737 866 2770 με·
899 2730 1128 2774 praebuerunt
1163 2730 1371 2773 impulsuque
1405 2726 1580 2760 libidinum
1613 2736 1679 2758 vo-

898 2776 1083 2819 luptatibus
1119 2771 1352 2808 obedientium'
1381 2773 1520 2806 deorum
1553 2777 1587 2803 et
1610 2770 1677 2804 ho-

899 2822 1027 2854 minum
1039 2822 1111 2854 iura
1123 2822 1348 2858 violaverunt,
1363 2816 1558 2862 corporibus
1572 2816 1678 2862 elapsi

901 2868 1024 2901 circum
1045 2875 1171 2901 terram
1192 2867 1298 2910 ipsam
1321 2864 1536 2903 volutantur,
1557 2875 1621 2896 nec
1641 2863 1677 2897 in

898 2914 989 2947 hunc
1019 2914 1150 2952 locum,
1186 2912 1248 2944 nisi
1279 2910 1392 2943 multis
1415 2910 1576 2954 exagitati
1596 2921 1675 2944 sae-

902 2960 1003 2999 culis,
1027 2965 1252 2992 revertuntur.

965 3009 1071 3047 itaque
1090 3003 1252 3046 disseruit]
1275 3004 1516 3047 Imperfectum
1534 3005 1678 3038 censebat

898 3056 935 3083 et
970 3051 1164 3096 perfectum
1203 3051 1351 3084 disseruit
1388 3050 1439 3084 sic
1478 3049 1677 3096 explioenda
