1843 3101
155 41 238 84 150

156 131 431 188 impelluntur,
475 133 693 186 feriuntur,
726 133 988 188 abiiciuntur,
1020 135 1189 188 cadunt,
1222 142 1263 177 et
1287 134 1373 192 ipse
1396 134 1511 177 labor
1534 136 1648 192 quasi
1668 135 1749 177 cal-

158 206 238 249 lum
269 208 460 262 quoddam
493 207 652 249 obducit
678 208 821 250 dolori.

269 280 389 323 XVI.
452 288 522 324 57.
576 281 760 324 Militiam
795 297 893 325 vero
928 284 1123 338 (n‘ostram
1160 284 1272 336 dico,
1318 299 1398 326 non
1433 281 1742 340 Spartiatarum,

157 369 321 410 quorum
348 356 556 410 procedit*
577 371 717 413 agmen
751 358 797 399 ad
822 358 981 409 tibiam,
1027 373 1101 399 nec
1126 359 1333 400 adhibetur
1364 359 1440 400 ulla
1466 359 1552 400 sine
1575 373 1745 415 anapae-

698 53 873 87 LIBER
896 55 939 87 11.
965 51 1030 97 16,
1053 52 1113 89 37.
1136 53 1194 90 aa.

157 430 229 471 stis
256 430 418 485 pedibus
442 430 658 486 hortatiog)
693 433 815 474 nostri
841 433 1041 474 exercitus
1065 434 1231 489 primum
1259 433 1362 474 unde
1387 447 1531 499 nomen
1558 433 1743 486 habeant,

154 503 292 555 vides3
344 504 510 558 deinde,
560 507 622 561 qui
653 508 789 560 labor,
838 515 1006 563 quantus
1045 508 1241 563 agminis;
1291 508 1398 549 serre
1431 508 1518 563 plus
1555 508 1746 551 dimidiati

1639 582 1747 625 Nam

153 659 306 694 scutum
326 687 336 705 ‚
369 654 539 709 gladium
555 688 565 707 ,
601 657 752 712 galeam
775 657 815 697 in
840 671 961 698 onere
986 657 1111 698 nostri
1135 657 1278 698 milites
1305 671 1384 698 non
1407 657 1493 712 plus
1518 665 1743 710 numerant,

153 579 302 619 mensis
327 579 499 633 cibaria3
545 582 675 633 ferre,
723 582 755 623 si
783 582 874 637 quid
899 583 946 623 ad
971 596 1081 623 usum
1105 582 1254 633 velint3
1289 583 1394 624 serre
1417 583 1578 624 vallum.

153 741 266 782 quam
291 727 502 782 humeros,
551 730 721 772 lacertos
737 764 747 783 ,
792 746 944 773 manus.

151 801 300 843 dicunt.

151 876 225 917 ctis
253 878 457 931 oneribus,
493 880 689 935 expeditis
712 881 849 931 armis,
885 889 926 921 ut
950 881 1152 932 membris,
1186 895 1362 937 pugnare
1383 881 1549 937 possint.

1018 731 1143 773 Arma
1168 732 1272 773 enim
1298 731 1473 773 membra
1496 731 1630 773 militis
1655 746 1746 774 esse

376 802 488 858 Quae
510 805 663 860 quidem
698 807 751 847 ita
774 813 967 861 geruntur
998 814 1112 862 apte,
1158 813 1224 858 ut,
1267 806 1300 847 si
1335 820 1430 848 usus
1467 807 1588 858 ferat,
1636 806 1746 848 abie-

1614 880 1746 936 Quid?

150 952 388 994 exercitatio
415 954 641 1009 legionum3
689 955 808 1009 quid?
849 955 914 995 ille
940 970 1104 1006 rursus,
1149 969 1394 1007 concursus,
1437 955 1587 996 clamor
1610 956 1745 1011 quanti

150 1023 298 1067 laboris
319 1029 401 1068 est!

150 1099 224 1140 duc
251 1101 333 1155 pari
365 1102 495 1143 animo
527 1103 829 1145 inexercitatum
863 1105 1052 1155 militem;
1101 1105 1242 1145 mulier
1265 1103 1477 1145 videbitur.

466 1027 533 1068 Ex
555 1028 627 1069 lioc
653 1029 717 1069 ille
743 1029 896 1071 animus
919 1030 958 1070 in
981 1030 1141 1085 proeliis
1167 1037 1322 1086 paratus
1345 1029 1393 1070 ad
1418 1029 1595 1071 vulnera.

1658 1029 1744 1072 Ad-

1552 1109 1623 1146 58.
1659 1101 1744 1146 Cur

151 1179 297 1214 tantum
324 1175 491 1218 interest
516 1177 619 1218 inter
644 1193 789 1219 novum
818 1186 858 1220 et
880 1187 1057 1220 veterem
1082 1179 1301 1220 exercitum
1317 1210 1328 1229 ,
1373 1185 1561 1233 quantum
1587 1179 1742 1237 experti

148 1250 310 1290 sumus?
368 1249 496 1291 Aetas
519 1252 688 1293 tironum
712 1253 940 1308 plerumque
961 1254 1125 1305 melior,
1170 1253 1239 1294 sed
1272 1254 1376 1294 serre
1396 1252 1573 1294 laborem
1589 1285 1601 1305 ‚
1647 1268 1742 1294 con-

148 1328 327 1364 temnere
348 1325 490 1366 vulnus
516 1328 761 1368 consuetudo
784 1328 914 1368 docet.

149 1453 215 1493 nai,
240 1455 396 1498 Aegypti.
431 1456 604 1489 Sententia
624 1457 726 1500 igitur
747 1457 809 1490 erit
827 1458 925 1490 haec:

148 1500 310 1532 Lacaenis
344 1501 525 1545 virginibus
558 1504 662 1546 magis
696 1516 792 1536 curae
827 1505 927 1536 fuisse

148 1545 336 1588 palaestrae
363 1548 639 1588 exercitationes,
677 1562 774 1594 quam
799 1549 926 1582 libero-

147 1603 220 1623 rum
243 1594 531 1634 procreationem:
559 1607 644 1637 qune
667 1596 794 1628 scilicet
819 1604 927 1628 exter-

148 1648 263 1670 norum
283 1639 483 1682 populorum
505 1641 636 1673 seminis
652 1642 795 1673 maximo
814 1642 926 1675 studio

147 1682 199 1715 sit.
250 1683 332 1716 Cum
363 1688 502 1718 Turnebo
526 1689 716 1727 fertilitatem
746 1698 807 1732 pro
838 1688 925 1729 luxu,

147 1728 275 1761 deliciis
300 1738 333 1762 et
357 1743 466 1763 rerum
492 1732 696 1765 abundantia
721 1734 861 1776 accipio.

215 1778 332 1808 callum
357 1779 517 1818 quoddam
543 1781 666 1811 obducit
693 1781 808 1821 dolori]
836 1780 927 1813 Inl'ra

146 1821 206 1854 ΙΙΙ.
223 1822 279 1861 22,
303 1823 365 1856 53:
393 1835 533 1866 quorum
555 1825 672 1857 animis
694 1825 848 1858 diuturna
869 1837 925 1858 co-

146 1866 267 1909 gitatio
302 1871 419 1902 callum
454 1871 629 1902 vetustatis
661 1874 845 1904 obduxerat.
883 1872 926 1903 ad

145 1912 237 1945 Fam.
252 1914 366 1953 JX.2‚
391 1916 432 1949 3:
461 1917 669 1949 consuetudo
690 1920 806 1950 callum
827 1919 926 1950 obdu-

144 1960 192 1989 ,τίῑ
212 1960 387 1993 stomacho
414 1973 502 1995 meo.
551 1963 640 1996 Ilinc
663 1963 800 1996 verbum
824 1966 927 1996 occal-

145 2004 291 2036 lescendi.

216 2050 295 2082 CM».
315 2051 408 2085 XVI.
442 2052 497 2086 37.
531 2056 693 2096 Militiam]
722 2056 770 2087 Ex
796 2054 924 2098 vulgari

146 2093 279 2127 dicendi
307 2096 438 2130 ratione
476 2099 583 2130 oratio
618 2100 665 2131 sic
698 2101 769 2133 sere
800 2113 924 2144 proce—

145 2139 226 2173 dere
257 2140 418 2174 debebat:
456 2146 500 2176 De
522 2147 636 2177 militia
660 2158 740 2178 vero
764 2147 842 2190 quid
868 2147 920 2178 di·-

146 2185 248 2219 cam?
299 2188 459 2230 (nostram
494 2189 592 2229 dico,
635 2202 700 2223 non
734 2192 923 2235 Spartiata-

147 2243 275 2264 rum—
287 2234 309 2273 ς)
326 2233 429 2272 vides,
452 2235 594 2277 primum
609 2237 695 2269 unde
710 2238 814 2270 nostri
829 2250 922 2272 exer-

147 2277 230 2310 citus
251 2290 373 2311 nomen
393 2279 560 2320 habeant,
598 2282 718 2315 deinde
740 2290 824 2321 etc.;
861 2285 922 2316 sed

146 2323 370 2357 accusativum
392 2328 541 2358 militiam
563 2328 686 2370 posuit,
714 2330 866 2362 oratione
887 2330 920 2361 in

145 2370 361 2413 parenthesin
376 2376 484 2403 tracta
498 2384 504 2403 :
526 2376 675 2406 'militiam
688 2387 767 2407 vero
781 2380 922 2408 nostram

145 2417 227 2448 dico.
277 2416 470 2460 Comparari
502 2425 614 2461 potest
646 2420 728 2452 haec
755 2427 922 2453 structura

146 2473 221 2493 cum
245 2461 284 2493 iis
306 2462 464 2506 exemplis
478 2489 485 2502 ‚
511 2463 543 2495 in
568 2464 683 2508 quibus
705 2469 851 2498 attractio
873 2470 922 2499 in-

143 2517 237 2540 versa
257 2508 442 2551 reperitur,
465 2509 575 2553 qualia
594 2517 671 2542 sunt
691 2512 781 2554 Virg.
798 2515 880 2544 Aen.
895 2514 919 2551 Ι,

144 2552 232 2586 573:
263 2555 375 2587 Urbem
393 2565 489 2596 quam
506 2562 618 2588 statuo
638 2563 747 2588 vestra
769 2563 829 2590 est.
865 2558 918 2589 Cf.

145 2609 207 2631 nos
220 2598 253 2631 in
268 2600 325 2632 Gr.
342 2602 377 2634 L.
393 2599 510 2644 §.145.
527 2602 608 2634 Not.
624 2601 673 2635 1⁴2.
686 2614 718 2645 p.
733 2602 811 2636 3855.
825 2602 877 2634 ed.
889 2606 920 2636 2.

209 2648 352 2686 procedit
376 2657 490 2688 agmen
510 2649 554 2680 ad
573 2650 698 2690 tibiam]
731 2648 785 2680 Sic
806 2660 922 2691 margo

144 2690 267 2723 Veneti
291 2692 416 2730 Alteri3
446 2704 559 2725 omnes
583 2693 654 2725 fere
679 2693 777 2725 codd.
806 2693 924 2737 legunt

141 2745 193 2776 pr.
223 2738 399 2771 admodum
430 2740 501 2783 (aut
532 2740 576 2772 ad
603 2740 744 2781 modum)
772 2741 854 2772 adt.
877 2758 923 2763 —

143 2781 250 2814 Tibiis
273 2784 458 2827 Spartiatas
475 2785 509 2817 in
523 2784 660 2829 proeliis
678 2785 832 2817 tubarum
847 2785 923 2818 loco

145 2836 221 2858 usos
237 2839 320 2869 esse,
340 2841 393 2862 res
410 2837 460 2863 est
480 2831 686 2875 pervulgata.
711 2830 865 2875 Thucyd.
880 2832 921 2870 V,

145 2869 206 2903 70:
221 2874 500 2925 ..Λακεδαιμόνιοι
519 2877 674 2923 βραδέως
694 2876 754 2911 καὶ
774 2875 840 2912 ὑπὸ
858 2872 924 2911 αὗ-

146 2916 255 2968 ληξων
286 2922 416 2956 πολλῶν
451 2919 546 2969 νόμῳ
582 2919 850 2966 ἐγκαθεστῶτων
885 2918 924 2957 οὗ

144 2971 202 2995 του
224 2962 316 2998 θείου
337 2965 456 3011 χάριν,
488 2965 562 3004 ἀλλ’
587 2968 642 3004 ἵνα
671 2966 811 3012 tiis-⁶303<
837 2967 926 3012 μετὰ

978 1327 1086 1382 Quin
1111 1328 1228 1370 etiam
1251 1327 1455 1379 videmus,
1502 1341 1556 1368 ex
1577 1329 1662 1369 acie
1686 1329 1745 1370 ef-

964 1459 1094 1502 ῥυῇμοῦ
1131 1458 1299 1504 βαίνοντες
1331 1458 1522 1501 προέλὲοιεν
1539 1483 1547 1499 ,
1595 1459 1654 1494 καὶ
1690 1458 1739 1503 μὴ

963 1505 1195 1548 &mandeba-o,
1219 1500 1333 1543 αὐτοῖς
1355 1502 1379 1548 ἡ
1400 1501 1515 1545 τάξις·
1545 1501 1627 1547 ὅπερ
1651 1507 1749 1550 φιλεῖ

962 1549 1004 1586 τὰ
1028 1547 1161 1594 μεγάλα
1183 1549 1399 1593 στρατόπεδα
1420 1550 1452 1584 ἐν
1470 1554 1546 1590 ταῖς
1561 1550 1744 1594 προσόδοις

962 1601 1077 1630 ποιεῖν.
1108 1597 1216 1629 valer.
1241 1596 1376 1628 Maxim.
1394 1598 1434 1629 tt.
1450 1596 1481 1635 6,
1499 1600 1539 1630 2:
1567 1598 1743 1631 Lacedae-

963 1643 1150 1675 moniorum
1176 1642 1338 1674 exercitus
1368 1654 1436 1674 non
1468 1649 1545 1675 ante
1572 1643 1615 1676 ad
1640 1643 1743 1676 dimi-

964 1688 1104 1720 candum
1125 1688 1330 1721 descendere
1350 1688 1514 1729 solebant,
1535 1700 1632 1732 quam
1648 1692 1743 1723 tibiae

961 1739 1107 1767 concentu
1142 1742 1176 1767 et
1207 1737 1374 1775 anapaesti
1405 1736 1496 1774 pedis
1526 1737 1654 1768 modulo
1679 1747 1742 1768 co—

960 1780 1161 1812 hortationis
1179 1780 1322 1812 calorem
1339 1779 1450 1812 animo
1465 1780 1656 1821 traxissent,
1677 1793 1740 1814 ve-

961 1832 1039 1869 geto
1064 1834 1097 1858 et
1128 1826 1244 1858 crebro
1269 1825 1353 1858 ictus
1386 1836 1471 1858 sono
1503 1833 1640 1859 strenue
1672 1827 1741 1860 ho-
1763 1832 1770 1840 ⁴

962 1879 1048 1904 stem
1069 1872 1226 1906 invadere
1248 1870 1379 1914 moniti.
1398 1891 1444 1896 —
1476 1871 1656 1916 Anapaesti
1675 1884 1740 1905 au·-

959 1925 1029 1949 tem
1055 1918 1156 1961 pedes
1181 1917 1340 1961 aptissimi
1365 1923 1442 1949 sunt
1473 1917 1517 1950 ad
1542 1918 1740 1952 excitandos

963 1963 1283 2007 inflammandosque
1305 1962 1444 1995 animos.

1029 2013 1083 2051 qui
1106 2012 1214 2050 labor,
1238 2013 1375 2050 quantus
1397 2008 1549 2053 ayminis]
1586 2009 1739 2054 Asynde-

959 2062 1021 2088 ton
1047 2056 1079 2088 in
1106 2055 1302 2099 gradatione
1330 2054 1539 2098 aptissimum
1561 2062 1626 2088 est:
1659 2066 1736 2097 quos

962 2101 994 2143 ii.
1020 2113 1048 2133 e.
1085 2101 1211 2146 quales)
1250 2104 1370 2134 labores
1402 2100 1539 2134 omnino
1572 2101 1739 2134 sustinent

961 2147 1124 2180 exercitus
1145 2147 1262 2186 nostri,
1287 2150 1421 2189 quantos
1439 2153 1560 2187 autem,
1587 2146 1644 2180 ubi
1661 2153 1740 2180 sunt

960 2193 993 2225 in
1018 2193 1159 2236 agmine.

1019 2241 1098 2279 ferre
1108 2242 1181 2279 plus
1193 2240 1355 2271 dimidiati
1365 2241 1480 2271 mensis
1490 2238 1627 2282 cibaria]
1644 2238 1736 2272 Caes.

959 2285 994 2316 B.
1014 2285 1047 2316 C.
1070 2286 1102 2321 1,
1130 2285 1191 2317 76:
1217 2284 1389 2327 legionarii
1413 2284 1542 2316 dierum
1563 2285 1669 2318 XXII
1694 2284 1736 2318 ab

957 2330 1066 2362 Ilerda
1085 2330 1286 2361 frumentum
1305 2329 1383 2361 iussi
1399 2336 1494 2362 erant
1507 2329 1638 2363 efferre.
1660 2330 1735 2362 Liv.

956 2376 1081 2409 XLIV.
1095 2378 1128 2414 2,
1143 2373 1182 2408 4:
1212 2374 1333 2408 Consul
1346 2379 1541 2408 menstruum
1557 2375 1648 2408 iusso
1668 2375 1736 2408 mi-

957 2422 1017 2454 lite
1039 2433 1152 2453 secum
1177 2421 1265 2453 ferre
1287 2421 1471 2464 profectus.

1018 2467 1183 2511 yet-untur]
1215 2469 1321 2510 Saepe
1345 2466 1526 2510 scriptores
1558 2466 1601 2498 ab
1627 2465 1738 2500 activa

959 2513 1068 2546 forma
1102 2512 1286 2545 deflectunt
1318 2512 1361 2545 ad
1394 2511 1580 2555 passivam,
1627 2511 1682 2544 vel
1716 2524 1736 2545 a

958 2571 1044 2602 pass.
1072 2558 1116 2590 ad
1138 2558 1292 2591 activam.
1328 2558 1401 2591 Fin.
1429 2558 1477 2597 11,
1502 2558 1562 2590 15:
1588 2557 1623 2590 Si
1646 2557 1736 2591 enim

958 2604 1001 2636 ad
1024 2604 1235 2636 honestatem
1260 2603 1372 2636 omnia
1393 2604 1591 2644 referantur,
1626 2615 1736 2647 neque

957 2649 990 2681 in
1012 2661 1051 2682 ea
1066 2649 1275 2693 voluptatem
1293 2651 1401 2682 dicant
1418 2649 1536 2682 inesse.
1570 2649 1662 2681 Infra
1677 2651 1735 2684 ΙΙΙ,

957 2694 1019 2728 29:
1045 2697 1225 2735 repulerunt
1247 2715 1303 2728 —.
1343 2694 1467 2727 Contra
1487 2696 1636 2728 dicuntur
1652 2695 1737 2729 haec

959 2746 1038 2772 cett.
1069 2741 1124 2772 1v.
1158 2740 1199 2774 9:
1234 2740 1442 2784 voluptatem
1471 2759 1517 2765 —
1549 2743 1737 2775 describunt.

959 2787 1052 2825 Quae
1073 2792 1185 2819 autem
1199 2786 1331 2819 libidini
1350 2785 1499 2819 subiecta
1517 2794 1606 2828 sunt,
1627 2799 1666 2820 ea
1685 2787 1735 2821 sic

957 2833 1161 2874 definiuntur.

1025 2879 1180 2919 expeditis
1211 2878 1326 2921 armis]
1371 2877 1438 2911 Mit
1471 2877 1737 2923 achlagfertigen

959 2923 1110 2958 Waffen.

1027 2968 1083 3003 38.
1106 2974 1260 3011 quantum
1277 2972 1399 3012 experti
1413 2972 1538 3015 sumus]
1562 2968 1736 3016 „Respicit
