1843 3085
192 61 274 103 110

190 156 260 193 97.
295 147 394 204 Quis
424 150 523 190 lianc
553 147 671 189 animi
698 146 859 188 maximi
892 146 1126 201 aequitatem
1153 146 1193 186 in
1219 145 1305 201 ipsa
1329 152 1455 186 morte
1475 145 1677 198 laudaret,
1723 146 1757 187 si

188 232 354 266 mortem
377 223 519 264 malum
544 222 760 262 iudicaret?
818 219 938 262 Vadit
963 220 1063 260 enim
1095 220 1134 260 in
1159 220 1322 260 eundem
1348 233 1547 260 carcerem
1572 227 1687 275 atque
1717 220 1759 261 in

698 67 865 100 menn
889 68 914 99 1.
939 66 1003 109 40,
1027 64 1082 103 97.
1107 65 1171 110 41,
1195 64 1251 99 98.

187 300 355 340 eundem
385 297 516 352 paucis
547 302 633 350 post
662 295 775 335 anuis
809 293 995 350 scyphum
1020 292 1207 335 Socrates
1231 294 1368 334 eodem
1391 294 1542 335 scelere
1569 293 1755 345 iudicum,

189 387 263 428 quo
290 380 545 427 tyrannorum
565 367 849 409 Theramenes.
914 367 1025 421 Quae
1052 375 1111 408 est
1133 367 1251 421 igitur
1273 367 1357 408 eius
1383 367 1533 420 oratio,
1567 381 1642 422 qua
1669 368 1760 409 facit

188 460 275 487 eum
298 443 411 485 Plato
438 458 549 483 usum
573 443 672 498 apud
696 442 867 493 iudices,
902 441 977 482 iam
1000 448 1124 482 morte
1150 442 1380 482 multatum?

298 515 417 558 XLI.
454 516 633 571 „Magna
657 530 733 568 me,
758 515 895 569 inquit,
916 529 1005 570 spes
1025 522 1147 565 tenet,
1169 515 1332 566 iudices,
1352 514 1452 556 hene
1473 515 1565 556 mihi
1578 515 1757 569 evenire,

186 592 288 648 quod
313 591 445 631 mittar
464 591 509 631 ad
527 598 705 631 mortem.
757 589 937 630 Necesse
964 596 1023 629 cst
1046 589 1148 630 enim
1171 589 1222 629 sit
1244 589 1410 630 alterum
1436 589 1482 630 de
1508 589 1683 630 duobus:
1717 597 1760 630 ut

186 674 405 708 autsensus
427 665 584 705 omuino
604 678 739 704 omnes
762 678 868 704 mors
885 664 1052 713 auferat,
1072 669 1137 703 aut
1158 663 1197 703 in
1220 663 1336 704 alium
1355 663 1543 718 quendam
1564 662 1690 703 locum
1708 677 1761 704 ex

185 740 245 781 his
268 740 364 781 locis
386 745 511 779 morte
534 738 738 792 migretur.
774 736 1038 792 Quamobrem
1064 737 1148 778 sive
1169 750 1310 777 sensus
1331 736 1610 791 exstinguitur,
1633 750 1758 777 mors-

186 829 260 870 que
281 815 316 855 ei
341 827 479 854 somno
499 812 635 852 similis
656 818 742 863 est,
772 812 834 866 qui
857 825 1132 866 nonnunquam
1153 811 1267 852 etiam
1291 810 1377 851 sine
1398 810 1495 852 visis
1516 810 1758 852 somniorum

184 888 484 945 placatissimam
500 887 667 941 quietem
688 886 824 926 ass‘ert:
859 885 907 925 dii
928 885 1041 925 boni!
1077 884 1164 938 quid
1184 884 1281 924 lucri
1304 891 1363 924 est
1379 883 1523 925 emori!
1559 891 1625 924 aut
1646 898 1759 938 quam

183 962 294 1004 multi
318 962 399 1002 dies
420 960 584 1016 reperiri
603 966 780 1014 possunt,
809 958 872 1012 qui
893 958 958 998 tali
978 957 1082 998 nocti
1103 958 1418 1012 anteponantur?
1477 955 1553 999 Cui
1569 957 1603 998 si
1621 957 1758 998 similis

184 1038 314 1077 futura
335 1041 394 1076 est
416 1033 652 1089 perpetuitas
675 1032 799 1073 omnis
825 1031 1101 1086 consequentis
1129 1030 1316 1086 temporis
1334 1063 1346 1083 ,
1390 1030 1474 1086 quis
1497 1044 1558 1072 me
1579 1030 1759 1072 heatior?

184 1116 253 1152 98.
279 1107 352 1150 Sin
369 1122 463 1148 vera
479 1115 584 1158 sunt,
601 1120 699 1161 quae
719 1106 913 1156 dicuntur,
934 1105 1203 1160 migrationem
1223 1118 1313 1145 csse
1329 1112 1493 1145 mortem
1507 1105 1546 1146 in
1564 1119 1629 1146 eas
1648 1118 1756 1156 oraS,

183 1197 295 1239 quas,
329 1182 392 1237 qui
415 1196 436 1222 e
453 1181 533 1223 vita
551 1187 826 1230 excesserunt,
859 1179 1058 1219 incolunt:
1092 1179 1128 1218 id
1150 1178 1268 1218 multo
1286 1177 1359 1218 iam
1382 1177 1533 1219 beatius
1550 1185 1624 1219 est.
1675 1177 1758 1219 Te-

181 1272 232 1299 ne
247 1289 258 1309 ‚
292 1271 407 1311 quum
427 1256 474 1297 ab
495 1256 542 1297 iis
557 1287 568 1306 ‚
602 1255 666 1310 qui
688 1269 730 1296 se
752 1254 920 1294 iudicum
943 1266 1104 1293 numero
1127 1252 1259 1292 haberi
1275 1251 1411 1292 volunt
1428 1282 1439 1302 ‚
1474 1251 1674 1303 evaseriS,
1708 1251 1758 1293 ad

183 1345 252 1372 eos
282 1330 443 1380 venire,
478 1329 542 1383 qui
567 1342 663 1370 vere
689 1327 837 1369 iudices
865 1326 1132 1382 appellentur,
1165 1324 1366 1376 Minoem,
1397 1324 1754 1377 Rhadamanthum,

182 1404 377 1455 Aeaeum,
413 1402 714 1458 Triptolemum,
749 1400 1038 1454 convenireque
1057 1414 1141 1450 eos,
1176 1399 1239 1454 qui
1259 1399 1361 1440 iuste
1380 1406 1523 1440 etcum
1548 1400 1621 1440 fide
1642 1398 1756 1441 vixe-

183 1478 288 1520 rint!
324 1476 435 1518 Hace
457 1475 721 1531 peregrinatio
742 1474 949 1515 mediocris
970 1473 1082 1515 vobis
1103 1473 1227 1514 videri
1250 1474 1406 1529 potest?
1442 1472 1496 1515 Ut
1516 1487 1614 1514 vero
1635 1472 1757 1513 eollo-

186 1552 358 1607 quicum
384 1548 543 1606 Orpheo
560 1581 570 1600 ,
603 1548 769 1590 Musaeo
786 1580 796 1600 ,
830 1548 1005 1589 Homero
1023 1579 1034 1599 ,
1070 1546 1243 1588 Hesiodo
1270 1547 1412 1598 liceat,
1446 1547 1578 1602 quanti
1601 1547 1757 1588 tandem

184 1625 432 1667 aestimatis?
473 1623 666 1679 Equidem
699 1636 816 1678 saepe
848 1622 995 1673 emori,
1041 1621 1074 1662 si
1099 1621 1182 1662 [ieri
1211 1628 1369 1677 posset,
1411 1620 1581 1671 vellem,
1623 1626 1666 1660 ut
1692 1633 1754 1672 ea,

987 1731 1058 1761 Sive
1083 1728 1168 1761 enim
1191 1731 1359 1760 Zenonem
1381 1740 1539 1772 sequare:
1565 1746 1610 1752 —-
1636 1729 1755 1760 sivero

183 1740 271 1786 post.
309 1732 435 1765 Cecidit
454 1731 541 1764 enim
561 1731 592 1763 in
611 1730 751 1773 proelio
778 1729 867 1774 quod
885 1729 950 1761 tri-

986 1774 1196 1806 Academiam
1222 1781 1364 1805 veterem
1388 1785 1634 1817 persequamur.
1681 1772 1756 1805 Pari

182 1779 276 1823 ginta
296 1778 428 1831 tyrinni
453 1784 569 1809 contra
587 1776 831 1820 Thrasybulum
856 1787 951 1807 com-

183 1824 342 1856 miserunt
362 1822 451 1867 (403.
472 1835 500 1854 a.
525 1822 600 1854 Chr
622 1822 891 1862 n.).Co⁷1secula
910 1825 952 1852 est

185 1870 307 1913 (erfolf³
299 1869 356 1909 ⁷te)
394 1868 498 1900 multo
531 1867 679 1911 gravius,
717 1878 815 1909 quam
847 1870 951 1898 secula

184 1919 228 1947 est
251 1914 397 1958 (folgte).
455 1913 663 1956 Significatur
687 1912 785 1953 enim,
810 1917 952 1943 mortem

187 1959 307 1991 Critiae
334 1959 547 1991 Theramenis
579 1938 841 2007 praedictionem
874 1968 951 1988 vere

184 2011 329 2036 secutam
354 2015 434 2034 esse.
482 2005 522 2035 V.
537 2004 578 2034 ad
600 2016 627 2035 c.
646 2003 702 2042 16,
727 2002 781 2035 56.

251 2048 305 2082 97.
331 2051 357 2080 si
376 2053 503 2080 mortem
525 2051 645 2079 malum
669 2048 861 2087 indicarem]
890 2049 951 2085 „In

184 2094 235 2126 his
251 2093 356 2125 minus
370 2093 461 2124 firme
476 2093 606 2124 videtur
620 2093 819 2124 conclusum.
845 2094 949 2125 Immo

184 2150 264 2171 vero
286 2139 355 2182 quis
376 2137 525 2169 laudaret
544 2149 744 2180 magnopere
766 2138 855 2169 illam
877 2138 951 2169 ani—

183 2184 228 2216 mi
251 2184 472 2227 aequitatem,
506 2183 533 2214 si
554 2190 694 2214 mortem
719 2182 841 2214 bonum
863 2182 952 2214 iudi—

186 2228 302 2262 caret?
352 2230 437 2260 Nam
463 2228 565 2259 virtus
595 2227 748 2260 elucescit
770 2227 802 2259 in
829 2227 952 2259 adver—

184 2275 238 2314 sis,
264 2274 418 2317 gravibus
438 2273 700 2316 calamitosisque
722 2273 860 2312 casibus,
883 2285 949 2304 non

183 2327 351 2363 spectatur
385 2318 481 2350 rebus
521 2318 688 2362 prosperis
723 2325 756 2350 et
787 2318 821 2350 in
857 2318 951 2350 molli

182 2365 289 2399 vita.“

254 2411 346 2443 Vadit
376 2411 455 2442 enim
484 2412 516 2441 in
547 2428 591 2433 -—
619 2419 773 2441 carcerem
804 2413 895 2449 atque
918 2411 950 2441 in

182 2458 314 2489 eundem
337 2474 380 2479 —-—
404 2453 567 2497 scyphum]
606 2454 690 2484 Mire
713 2465 791 2485 sane
815 2453 950 2486 dictum.

184 2503 220 2534 In
246 2500 347 2533 verbo
367 2502 457 2532 vadit
477 2499 562 2531 inest
584 2498 780 2541 significatio
804 2498 950 2530 animose

339 2544 535 2577 Coniunctio
555 2546 636 2576 enim
657 2544 820 2575 rationem
840 2543 950 2575 reddit

896 2591 951 2620 sed

184 2546 292 2578 eundi.

183 2591 368 2623 sententiae
402 2589 603 2633 cogitatione
630 2588 853 2631 supplendae:

184 2639 404 2669 Theramenem
427 2638 555 2667 missum
579 2636 746 2675 [aciamus.

250 2684 356 2725 Plato]
382 2681 523 2724 Apolog.
549 2678 693 2712 Socratis
716 2690 742 2710 c.
766 2678 821 2712 32.
848 2690 880 2721 p.
894 2676 948 2711 40.

186 2727 220 2758 C.
246 2739 318 2770 sqq.

252 2772 330 2804 Cap,
345 2773 437 2804 XLI.
461 2781 531 2813 spes
552 2790 597 2795 —
620 2773 691 2802 bene
715 2770 791 2801 mihi
812 2770 946 2811 evenire]

183 2816 226 2848 H.
252 2829 279 2849 e
307 2829 378 2849 cum
402 2829 520 2860 magna
544 2826 596 2857 spe
618 2817 728 2855 credo,
762 2814 846 2846 bene
868 2813 949 2846 mihi

184 2864 312 2894 evenire.
359 2863 447 2895 Hinc
470 2861 651 2894 infinitivus
678 2859 860 2904 praesentis
881 2869 949 2892 eve-

183 2907 260 2937 nire.
310 2907 361 2938 Cf.
387 2920 436 2950 gr.
461 2907 614 2947 ἐλπίζειν.

245 2952 308 2982 sive
327 2953 447 2996 sensus]
463 2952 546 2985 Voci
567 2954 630 2984 sive
646 2950 827 2994 respondet
844 2950 872 2993 §.
883 2949 943 2983 98:

183 2992 241 3026 Sin
273 3005 351 3027 vera
380 3004 468 3029 sunt.
522 2997 578 3028 Sic
602 2996 757 3028 Academ.
784 2998 808 3028 l.
835 2996 878 3034 2,
903 2994 945 3028 7:

986 1819 1085 1851 modo
1111 1819 1198 1862 apud
1222 1820 1394 1850 Platonem
1419 1818 1439 1851 l.
1465 1819 1497 1850 d.
1521 1818 1657 1861 legitur:
1695 1817 1755 1852 καὶ

987 1866 1052 1899 εἷ’·-
1040 1883 1048 1898 t
1064 1876 1080 1898 ε,
1105 1863 1147 1907 δη
1173 1868 1261 1907 *moe
1265 1864 1325 1907 μία
1346 1864 1488 1907 αἴσξησί
1492 1877 1508 1902 ς
1529 1863 1616 1898 ἐστιν
1636 1883 1681 1888 -—
1703 1863 1754 1895 cui

987 1917 1065 1953 post
1084 1910 1269 1953 longiorem
1291 1909 1449 1941 orationis
1471 1908 1755 1952 intercapedinem

986 1955 1074 1988 infra
1097 1957 1132 1987 E.
1154 1955 1353 1998 iespondet:
1383 1954 1412 1988 εἶ
1431 1951 1462 1989 δ’
1482 1965 1545 1988 αυ.

1054 2000 1109 2034 98
1129 2001 1359 2042 idmulloiam]
1379 1999 1540 2032 Attendas
1552 1998 1594 2030 ad
1607 1998 1751 2043 exquisi-

985 2046 1107 2078 tiorern
1142 2058 1234 2078 usum
1276 2045 1456 2089 particulae
1489 2055 1556 2076 zam
1590 2056 1652 2088 pro
1686 2044 1753 2076 tu'm

986 2096 1083 2132 certe,
1110 2094 1175 2124 sine
1197 2093 1310 2131 dubio,
1345 2093 1420 2123 ohne
1444 2092 1595 2122 Weiteres.
1641 2089 1754 2132 Signi-

987 2137 1080 2175 ficat,
1120 2148 1159 2168 ex
1182 2136 1453 2169 antecedentibus
1484 2135 1590 2166 verbis
1614 2141 1753 2166 senten-

984 2182 1065 2213 tiam
1089 2181 1231 2225 aliquam
1252 2188 1372 2224 sponte
1395 2180 1529 2234 prodire
1551 2181 1754 2223 respondet—
1794 2182 1797 2185 “

986 2239 1048 2270 que
1079 2227 1203 2269 graecis
1226 2226 1393 2269 particulis
1417 2222 1488 2269 ἤδη
1511 2230 1543 2256 et
1568 2225 1634 2267 δή,
1670 2237 1754 2269 quae

986 2272 1101 2303 eidem
1125 2272 1156 2303 vi
1179 2283 1278 2315 saepe
1310 2271 1344 2302 in
1369 2270 1509 2314 apodosi
1542 2277 1751 2313 usurpantur.

987 2317 1055 2349 Cic.
1082 2317 1122 2348 de
1147 2319 1250 2360 Legg.
1273 2318 1307 2354 Ι,
1332 2315 1372 2355 7,
1408 2320 1526 2358 parent
1559 2321 1668 2347 autem
1695 2318 1753 2359 (sc.

986 2362 1031 2394 (lii
1052 2359 1282 2405 hominesque)
1306 2380 1351 2385 --
1374 2360 1585 2404 praepotenti
1607 2360 1688 2400 deo,
1715 2367 1751 2394 ut

985 2411 1049 2440 ium
1078 2408 1247 2439 universus
1283 2406 1338 2438 hic
1367 2405 1507 2438 mundus
1542 2417 1605 2437 una
1637 2405 1752 2438 civitas

986 2453 1166 2485 communis
1190 2452 1327 2484 deorum
1359 2458 1459 2495 atque
1480 2450 1651 2483 hominum
1681 2451 1755 2483 exi-

985 2498 1175 2530 stimandus.
1223 2500 1328 2540 Supra
1349 2500 1452 2537 all,
1478 2497 1540 2529 50:
1566 2503 1612 2533 ut,
1637 2496 1665 2528 si
1686 2499 1752 2529 iam

984 2550 1121 2586 possent
1137 2545 1168 2575 in
1186 2543 1319 2574 homine
1337 2542 1414 2574 vivo
1436 2541 1526 2574 cerni
1545 2541 1654 2573 omnia
1673 2547 1752 2574 cett.

986 2589 1040 2620 1V.
1055 2589 1110 2626 35,
1126 2590 1179 2622 ΤΞ).
1203 2588 1230 2619 si
1243 2590 1309 2620 iam
1325 2587 1394 2630 ipsa
1416 2587 1472 2619 illa
1489 2598 1640 2619 accusare
1655 2586 1752 2619 nolis.

1054 2636 1130 2666 Tene
1143 2658 1153 2674 ‚
1172 2652 1217 2658 —
1240 2635 1283 2665 ad
1304 2643 1354 2664 eos
1372 2633 1489 2673 venire]
1517 2631 1708 2669 Sententia.
1734 2643 1753 2664 e

986 2689 1048 2720 qua
1067 2678 1192 2720 pendet
1210 2689 1278 2710 acc.
1302 2689 1327 2708 e.
1341 2676 1414 2714 inf„
1438 2682 1549 2708 mente
1567 2676 1753 2719 supplenda

984 2729 1054 2761 est,
1080 2729 1116 2754 ut
1138 2722 1171 2754 h.
1194 2722 1215 2755 l.
1264 2724 1369 2754 Nonne
1391 2723 1505 2753 laetum
1528 2725 1570 2752 est
1594 2724 1663 2753 —?
1710 2722 1751 2754 V.

984 2767 1025 2800 de
1044 2768 1109 2800 hoc
1130 2766 1306 2799 accusativi
1330 2778 1358 2798 c.
1376 2765 1436 2798 inf.
1459 2777 1517 2798 usu
1534 2765 1577 2798 ad
1599 2768 1637 2798 11.
1650 2766 1682 2806 9,
1695 2765 1750 2801 21.

1046 2815 1108 2864 qui.
1127 2823 1158 2844 se
1181 2832 1225 2836 —-
1248 2814 1354 2844 haberi
1375 2811 1498 2855 volunt]
1524 2811 1577 2843 Sic
1597 2813 1637 2844 Π.
1657 2811 1690 2852 3,
1711 2811 1750 2845 7:

984 2864 1032 2890 est
1058 2858 1144 2889 enim
1165 2869 1266 2900 genus
1291 2855 1458 2900 quoddam
1480 2868 1615 2897 eorum,
1640 2856 1696 2900 qui
1719 2865 1750 2889 se

979 2905 1177 2944 philosophos
1207 2904 1362 2943 appellari
1393 2904 1510 2934 volunt.
1543 2899 1673 2942 4,12:
1709 2901 1747 2940 is,

982 2949 1038 2992 qui
1072 2958 1103 2981 se
1135 2950 1242 2980 haberi
1272 2949 1345 2979 velit
1373 2949 1539 2979 musicum.
1583 2945 1647 2987 26,
1682 2942 1748 2980 64·

981 2993 1186 3026 benefacta'
1177 3005 1210 3024 ιιι
1229 2992 1303 3025 luce
1323 3002 1354 3024 se
1374 2994 1520 3026 collocari
1537 2989 1749 3025 volunt.111.
