1859 3133
666 68 838 101 menn
863 68 889 101 1.
916 67 981 109 33,
1010 66 1068 102 81.
1608 59 1662 103 97

55 165 186 208 -quum
220 150 269 193 de
301 148 536 192 aeternitate
563 148 783 189 animorum
816 149 992 201 dicatur,
1031 149 1081 190 de
1113 155 1244 190 mente
1278 148 1380 200 dici,
1426 162 1528 204 quae
1557 151 1665 192 omni

69 225 226 268 turbido
248 231 357 266 motu
383 236 542 279 semper
563 229 702 274 vacet,
737 237 816 263 non
842 223 890 264 de
915 224 1092 279 partibus
1111 221 1185 276 iis,
1228 224 1269 265 in
1289 223 1428 279 quibus
1449 224 1665 279 aegritudi-

69 314 167 352 neS,
208 299 293 341 irae
313 298 572 353 libidinesque
595 303 835 347 versentur,
878 312 973 352 quas
998 298 1031 338 is
1047 331 1057 350 ,
1106 306 1244 340 contra
1267 312 1381 354 quem
1407 298 1505 340 haec
1526 300 1663 341 dicun-

69 382 159 427 tur,
205 380 379 416 semotas
416 387 439 414 a
463 379 595 414 mente
630 379 670 413 et
691 372 884 412 disclusas
909 378 1030 426 putat.
1093 371 1175 413 Iam
1202 374 1415 415 similitudo
1446 374 1571 430 magis
1595 388 1664 431 ap-

70 457 186 506 paret
207 449 248 490 in
268 448 433 500 bestiis,
477 461 639 504 quarum
668 446 788 487 animi
809 452 901 487 sunt
921 446 1088 487 rationis
1113 456 1328 504 expertcs;
1371 447 1570 490 hominum
1593 463 1664 491 au-

70 531 150 567 tem
170 523 383 566 similitudo
413 523 454 564 in
475 536 682 578 corporum
709 522 832 577 figura
854 521 977 576 magis
1003 528 1158 573 exstat,
1204 529 1243 563 et
1276 522 1350 578 ipsi
1382 523 1502 565 animi
1532 525 1666 581 magui

71 599 199 642 refert.
227 597 337 654 quali
359 597 401 639 in
427 610 592 653 corpore
620 597 737 638 locati
764 596 858 637 sint.
920 594 1049 637 Multa
1077 596 1181 637 enim
1211 609 1232 637 e
1254 611 1421 652 corpore
1446 599 1662 652 exsistunt,

73 687 175 730 quae
207 680 350 715 acuant
374 679 572 723 mentem,
614 671 762 723 multa,
809 684 908 726 quae
941 670 1172 713 obtundant.
1233 670 1478 714 Aristoteles
1508 674 1664 729 quidem

74 749 155 801 ait,
187 761 325 789 omnes
346 746 575 802 ingeniosos
599 746 905 787 melancholicos
927 760 1043 798 esse,
1085 753 1126 787 ut
1151 760 1224 801 ego
1251 759 1313 786 me
1336 747 1549 788 tardiorem
1573 763 1664 791 esse

72 837 153 865 non
181 822 346 864 moleste
371 822 510 863 seram.
572 819 795 862 Enumerat
818 821 987 872 multos,
1029 821 1144 876 idque
1174 820 1286 875 quasi
1315 828 1498 873 constet,
1541 823 1664 865 ratio-

72 911 203 949 nem,
231 910 302 938 eur
323 896 378 938 ita
402 896 493 948 fiat,
536 896 666 937 affert.
730 894 849 950 Quod
874 895 908 937 si
938 903 1047 937 tanta
1070 896 1133 937 vis
1163 902 1225 937 est
1250 896 1299 937 ad
1323 896 1496 938 habitum
1520 899 1664 940 mentis

70 972 114 1014 in
136 972 209 1024 iis,
241 985 342 1027 quae
358 970 573 1026 gignuntur
596 970 637 1011 in
659 984 849 1026 corpore,
884 972 949 1025 (ea
972 978 1066 1012 sunt
1088 977 1242 1022 autem,
1277 985 1532 1027 quaecunque
1552 980 1660 1026 sunt,

74 1060 174 1102 quae
198 1046 492 1107 similitudinem
525 1044 716 1098 saciant3)
757 1045 853 1086 nihil
876 1046 1127 1087 necessitatis
1159 1046 1299 1097 affert,
1348 1061 1419 1087 cur
1448 1055 1665 1090 nascantur

73 1121 218 1174 animi,
251 1120 479 1162 similitudo.

73 1246 221 1280 efficitur
254 1258 322 1280 non
359 1245 458 1279 simili
494 1246 679 1279 animorum
718 1246 846 1286 habitu,

73 1292 134 1326 sed
165 1292 263 1325 simili
289 1303 469 1336 corporum
497 1293 763 1336 temperatione:
800 1300 846 1330 ut,

73 1350 175 1384 quum
193 1339 281 1371 inter
301 1338 404 1371 filium
420 1345 454 1371 et
473 1346 645 1383 parentem
663 1338 848 1371 similitudo

74 1385 186 1429 aliqua
218 1384 381 1418 mentium
411 1384 611 1422 intercedit,
650 1384 728 1416 inde
764 1396 848 1417 con-

76 1430 166 1464 cludi
202 1442 269 1463 non
305 1430 431 1475 possit,
478 1431 564 1463 hanc
598 1430 849 1462 similitudinem

27 1475 31 1480 ’
75 1476 156 1509 inde
176 1476 352 1517 exstitisse,
376 1475 466 1520 quod
488 1476 556 1510 filio
578 1484 759 1520 a.parente
782 1488 848 1508 non

77 1522 184 1555 solum
208 1534 327 1566 corpus
352 1521 488 1562 datum,
524 1522 584 1554 sed
605 1523 701 1554 simul
722 1522 848 1554 animus

78 1567 292 1612 ingeneratus
312 1574 411 1601 esset.
457 1569 544 1601 Nam
563 1569 662 1601 etiam
679 1569 759 1601 haec
777 1568 850 1600 ani-

77 1626 209 1647 morum
230 1614 413 1647 similitudo
434 1621 512 1647 nata
530 1621 580 1647 est
599 1627 639 1647 ex
655 1615 753 1646 simili
774 1626 852 1647 cor-

77 1671 198 1704 porum
215 1660 479 1705 temperatione3
503 1660 607 1694 multa
628 1661 716 1694 enim
739 1672 757 1693 e
774 1672 853 1693 cor—

79 1717 164 1751 pore
187 1707 350 1751 exsistunt
373 1713 438 1739 etc.

147 1755 258 1794 magni
287 1752 395 1797 refert]
434 1753 484 1785 De.
507 1752 570 1785 hac
602 1753 728 1786 rariore
755 1753 854 1785 locu-

79 1797 174 1830 tione
209 1809 318 1842 comp.
355 1797 398 1830 ad
425 1802 496 1831 Att.
518 1800 575 1831 IV.
602 1799 630 1831 1.
663 1799 719 1831 ubi
752 1799 854 1831 verba

80 1843 230 1876 Caesaris
258 1843 453 1877 laudantur:
500 1847 610 1886 muym'
642 1847 753 1886 refert,
800 1845 855 1876 hic

80 1888 163 1934 quid
183 1889 275 1922 velit.
310 1891 390 1923 Ter.
410 1891 533 1923 Heaut.
554 1892 611 1923 111.
636 1891 666 1930 1,
690 1891 752 1922 55:
782 1900 855 1931 per-

77 1937 189 1977 magni
206 1937 310 1977 refert.

147 1982 338 2024 Aristoteles]
372 1981 539 2014 Problem.
559 1980 615 2014 30.
674 1983 810 2020 Quaest.
832 1982 857 2012 Ι.

63 2026 137 2059 -Cfi
159 2028 276 2059 Senec.
307 2026 350 2059 de
373 2029 499 2070 Tranq.
531 2039 560 2059 c.
584 2026 643 2063 15:
681 2025 855 2058 Aristoteli

79 2070 208 2105 nullum
239 2084 396 2115 magnum
420 2071 590 2115 ingenium
611 2071 683 2104 sine
713 2071 855 2104 mixtura

80 2117 271 2150 dementiae
313 2117 389 2156 fuit,
457 2117 634 2150 Phavorin.
676 2129 728 2161 ap.
768 2117 856 2150 Gell.

80 2163 126 2196 N.
144 2168 183 2195 A.
204 2163 330 2202 XVIII,
354 2160 394 2195 7:
418 2162 540 2195 scitote
559 2181 605 2187 —
623 2163 855 2207 intemperiem

80 2207 201 2249 istam,
227 2219 310 2252 quae
332 2208 536 2253 μελαγχολία
556 2208 626 2248 dr.,
653 2221 722 2242 non
745 2209 855 2252 parvis

82 2265 147 2286 nec
170 2254 308 2296 abiectis
329 2254 470 2298 ingeniis
491 2254 662 2295 accidere,
697 2251 783 2289 α’λλά
809 2252 855 2289 εἶ-

83 2311 139 2335 ναι
163 2295 284 2345 σχεδόν
305 2311 338 2334 τι
360 2298 398 2335 τὸ
424 2298 534 2339 πάῖος
564 2301 662 2335 τοῦτο
691 2298 853 2343 ἡρωϊκόν.

150 2347 290 2388 quidem]
326 2347 367 2378 V.
389 2345 559 2379 Adnotata
583 2346 617 2379 in
640 2359 667 2379 c.
687 2346 750 2387 22,
775 2345 830 2379 51.

150 2402 200 2425 me
223 2393 394 2425 tardiorem
420 2394 501 2435 esse]
538 2394 743 2437 interpretes
775 2404 855 2436 ger-

81 2436 204 2470 manici
224 2437 363 2470 verbum
387 2441 557 2471 tardiorem
588 2438 632 2470 ad
662 2438 857 2482 sanguinem

82 2483 254 2516 trahentes
273 2490 420 2523 vertunt,
445 2496 485 2516 ac
497 2484 524 2516 si
540 2484 656 2517 Cicero
672 2485 760 2517 hanc
775 2496 854 2516 sen-

81 2528 226 2562 tentiam
245 2528 430 2573 exprimere
450 2529 611 2562 voluerit:
637 2538 673 2563 ut
694 2542 756 2574 ego
769 2555 778 2571 ,
803 2541 856 2562 me

81 2574 265 2608 tardiorem
293 2575 487 2619 sangninem
513 2576 658 2615 habere,
692 2576 725 2608 h.
749 2588 777 2608 e.
801 2587 856 2608 me

82 2619 360 2663 melancholicum
378 2633 461 2657 esse.
487 2633 553 2654 uon
577 2623 719 2654 moleste
738 2622 856 2654 feram.

84 2667 133 2699 At
149 2665 234 2699 haec
251 2665 486 2711 interpretatio
510 2667 635 2712 duplici
654 2668 784 2700 ratione
803 2668 858 2699 vi-

85 2709 185 2744 detur
205 2711 404 2745 reiicienda:
429 2713 592 2757 primum,
619 2713 728 2758 quod,
750 2725 857 2746 voca-

86 2753 200 2790 bulum
221 2759 333 2791 tardus
355 2757 512 2804 (βραδύς)
534 2759 577 2792 de
596 2759 756 2803 sanguine
778 2759 858 2791 alias

88 2798 175 2842 (lid,
198 2814 267 2836 non
288 2804 442 2842 memini:
465 2812 558 2846 tum,
581 2805 673 2849 quod
692 2805 860 2837 sententia

89 2844 158 2878 exit
185 2847 279 2880 fatua
308 2856 343 2881 et
369 2849 504 2884 insulsa.
559 2852 624 2883 Vix
647 2851 737 2883 enim
769 2851 861 2883 credi

89 2895 224 2933 potest,
260 2893 476 2936 Ciceronem,
512 2896 660 2940 quamvis
685 2897 861 2940 magnifice

90 2934 135 2967 de
155 2947 191 2968 se
214 2943 250 2970 et
269 2938 395 2983 ingenii
422 2943 472 2974 sui
498 2942 677 2974 virtutibus
707 2942 860 2983 senserit,

88 2987 160 3014 tam
186 2980 323 3027 illepide
346 2984 389 3019 de
417 2998 455 3020 se
484 2987 679 3032 praedicare
708 2994 743 3019 et
764 2987 862 3031 inge-

540 1125 612 1161 81.
648 1116 799 1161 Omitto
826 1120 1117 1162 similitudines.

1180 1119 1338 1162 Vellem
1361 1121 1501 1163 adesse
1527 1131 1662 1178 posset

883 1246 985 1279 uiosis
1017 1259 1052 1279 se
1083 1246 1302 1280 adnumerare
1328 1247 1485 1280 voluisse.
1545 1249 1662 1293 ltaque

885 1304 947 1336 ego
962 1292 1117 1331 arbitror,
1143 1293 1279 1325 verbum
1298 1296 1470 1326 tardiorem
1489 1295 1662 1338 propriam

884 1338 1018 1383 quidem
1041 1351 1132 1371 suam
1155 1339 1279 1371 habere
1305 1339 1390 1379 vim,
1414 1340 1522 1372 inesse
1548 1348 1660 1374 tamen

883 1385 916 1417 in
938 1392 1009 1417 tota
1027 1385 1194 1417 sententia
1214 1384 1355 1417 ironiam
1378 1385 1556 1429 quandam.
1594 1386 1661 1419 Ni-

883 1431 1022 1470 mirum,
1058 1431 1166 1475 inquit
1200 1431 1337 1467 Cicero,
1374 1432 1572 1465 Aristoteles
1602 1432 1660 1473 ait,

885 1489 1000 1509 omnes
1041 1477 1232 1520 ingeniosos
1277 1477 1538 1510 melancholicos
1579 1490 1661 1510 esse.

887 1524 959 1566 Ego
987 1534 1063 1555 vero
1088 1535 1153 1555 non
1179 1535 1251 1555 sum
1273 1523 1552 1561 melancholicus,
1580 1536 1660 1567 ergo

886 1581 955 1602 non
987 1569 1199 1612 ingeniosum
1237 1581 1300 1601 nec
1325 1577 1436 1602 tamen
1459 1571 1600 1603 moleste
1627 1570 1664 1602 id

888 1616 984 1652 sero:
1010 1627 1086 1647 nam
1108 1626 1170 1659 ego
1193 1615 1306 1658 paullo
1324 1615 1473 1647 tardiore
1496 1616 1527 1648 h.
1550 1628 1576 1647 e.
1599 1616 1664 1648 he-

886 1661 1017 1694 betiore
1049 1660 1185 1704 ingenio
1219 1661 1289 1692 siue
1319 1661 1540 1693 melancholia
1574 1661 1663 1694 malo

889 1719 973 1749 esse⁷
997 1719 1095 1751 qnam
1117 1707 1239 1749 ingenii
1261 1707 1467 1750 praestantia
1489 1707 1662 1747 excellere,

887 1753 1110 1786 melancholia
1141 1752 1306 1784 laborans.
1366 1753 1440 1785 Tali
1467 1753 1570 1784 modo
1596 1752 1663 1784 mi-

889 1811 960 1832 ram
983 1798 1168 1830 Aristotelis
1190 1798 1382 1840 opinionem
1408 1798 1582 1830 confutare
1599 1810 1666 1831 vo-

889 1845 988 1877 luisse
1010 1843 1142 1875 videtur
1166 1843 1293 1881 Cicero,
1319 1855 1419 1886 quum
1442 1843 1504 1875 sibi
1526 1856 1665 1888 persua-

889 1891 996 1927 sisset,
1022 1902 1040 1921 a
1062 1889 1153 1920 nullo
1174 1888 1236 1920 sibi
1256 1888 1423 1931 ingenium
1444 1889 1576 1921 tardum
1599 1890 1665 1922 tri-

889 1936 1006 1967 butum
1030 1934 1082 1966 iri.
1142 1936 1210 1966 Iam
1237 1934 1337 1966 etiam
1368 1935 1453 1967 illud
1486 1935 1662 1979 intelliges,

891 1993 949 2013 cur
963 1980 1077 2012 addita
1095 1980 1163 2012 sint
1183 1980 1304 2013 verba:
1329 1988 1504 2013 enumerat
1522 1981 1662 2021 multos,

889 2029 982 2068 idque
1014 2030 1106 2067 quasi
1140 2031 1270 2067 constet,
1305 2026 1493 2067 rationem,
1530 2039 1588 2060 cur
1617 2028 1666 2060 ita

890 2073 969 2114 fiat,
1004 2072 1114 2104 affert.

958 2129 1014 2151 cur
1033 2122 1208 2151 nascantur
1230 2120 1348 2159 animi,
1385 2119 1573 2163 similitudo]
1609 2119 1666 2151 Sic

888 2171 981 2197 recte
1017 2176 1058 2196 ex
1092 2164 1245 2196 Lambini
1281 2164 1538 2206 emendatione,
1579 2176 1666 2209 quae

888 2212 1010 2253 Venet.
1034 2210 1064 2242 1.
1087 2208 1119 2241 2.
1142 2209 1233 2241 Med.
1257 2209 1286 2242 1.
1309 2210 1414 2242 tribus
1435 2213 1517 2243 Oxx.
1540 2211 1664 2243 confir-

889 2263 1018 2296 matur,
1057 2255 1164 2288 edidit
1189 2258 1345 2297 Orellius,
1381 2268 1541 2295 monens,
1581 2257 1666 2289 haec

889 2302 993 2335 verba
1007 2302 1128 2334 referri
1145 2301 1188 2333 ad
1205 2302 1377 2345 superiora
1392 2302 1468 2334 illa:
1493 2305 1583 2335 nasci
1605 2313 1665 2334 au-

889 2353 949 2381 lem
972 2351 1115 2388 animos,
1151 2349 1234 2388 quod
1264 2350 1400 2380 declaret
1423 2359 1529 2380 eorum
1553 2350 1665 2381 simili-

890 2396 986 2435 tudo,
1009 2397 1063 2435 qui
1082 2397 1302 2434 procreenJur:
1327 2393 1418 2437 quod
1440 2405 1540 2438 quum
1562 2394 1664 2435 suge-

890 2447 941 2472 ret
973 2451 1040 2472 non
1071 2440 1180 2471 solum
1211 2439 1441 2479 librariorum,
1478 2439 1537 2471 sed
1565 2439 1666 2470 etiam

891 2485 1083 2518 criticorum
1107 2484 1232 2522 aciem,
1259 2492 1356 2517 enata
1381 2492 1431 2518 est.
1451 2483 1572 2517 lectio:
1609 2493 1666 2516 cur

888 2536 1041 2564 nascatur
1064 2534 1164 2562 animi
1185 2533 1369 2563 similitudo.

959 2576 1014 2610 81.
1034 2579 1148 2610 Omitto
1157 2578 1391 2619 similitudines]
1408 2577 1503 2607 Hanc
1519 2573 1667 2607 omnium

890 2622 1050 2655 librorum
1065 2622 1244 2654 lectionem
1262 2634 1323 2665 pro
1341 2622 1530 2654 coniectura
1548 2619 1665 2658 Bentl.,

890 2669 932 2701 ab
958 2671 1013 2701 Or.
1038 2675 1194 2710 recepta.
1231 2669 1502 2700 dissimilitudines
1523 2664 1665 2705 restitui,

891 2720 1074 2759 praeeunte
1094 2716 1238 2753 Klotzio,
1272 2713 1328 2756 qui
1354 2712 1396 2744 de
1418 2713 1451 2744 h.
1474 2711 1496 2743 l.
1523 2711 1571 2742 sic
1593 2710 1666 2742 dis-

891 2767 1006 2804 putat:
1032 2759 1149 2792 Cicero
1170 2759 1249 2796 will,
1269 2757 1435 2790 nachdem
1456 2768 1492 2788 er
1511 2756 1664 2800 behaup-

891 2813 945 2839 tet
964 2806 1044 2843 hat,
1069 2805 1144 2837 dass
1167 2804 1221 2835 die
1243 2802 1477 2836 Aehnlichkeit
1500 2801 1558 2834 des
1583 2802 1667 2835 Gei-

894 2859 962 2884 stes
987 2851 1080 2883 nicht
1102 2850 1256 2882 entstehe
1269 2874 1276 2886 ,
1312 2848 1459 2880 sondern
1479 2859 1542 2880 nur
1563 2848 1669 2881 durch

895 2895 1133 2930 Aehnlichkeit
1154 2894 1213 2926 des
1236 2894 1388 2937 K6rpers
1412 2893 1468 2926 bei
1488 2893 1566 2926 dem
1583 2894 1669 2928 Ein-

896 2943 1016 2981 ssusse,
1051 2941 1116 2973 den
1150 2940 1208 2971 der
1232 2939 1370 2982 K6rper
1401 2939 1462 2972 auf
1489 2939 1544 2973 die
1573 2940 1671 2973 Seele

898 2988 1042 3028 aussere,
1061 2984 1316 3028 herbeigefuhrt
1329 2984 1451 3028 werde,
1470 2985 1565 3020 nicht
1575 2986 1672 3020 mehr

1326 3048 1350 3083 7
