<?xml version="1.0" encoding="UTF-8"?>
<!DOCTYPE html PUBLIC "-//W3C//DTD XHTML 1.0 Transitional//EN"
    "http://www.w3.org/TR/xhtml1/DTD/xhtml1-transitional.dtd">
<html xmlns="http://www.w3.org/1999/xhtml" xml:lang="en" lang="en">
 <head>
  <title>
</title>
<meta http-equiv="Content-Type" content="text/html;charset=utf-8" />
  <meta name='ocr-system' content='tesseract 3.04.00' />
  <meta name='ocr-capabilities' content='ocr_page ocr_carea ocr_par ocr_line ocrx_word'/>
</head>
<body>
  <div class='ocr_page' id='page_1' title='image "./tusculanarumdi00ciceuoft_0027.png"; bbox 0 0 1859 3117; ppageno 0'>
   <div class='ocr_carea' id='block_1_1' title="bbox 687 59 1654 102">
    <p class='ocr_par' dir='ltr' id='par_1_1' title="bbox 687 59 1654 102">
     <span class='ocr_line' id='line_1_1' title="bbox 687 59 1654 102; baseline 0.001 -1"><span class='ocrx_word' id='word_1_1' title='bbox 687 67 834 101; x_wconf 74' lang='lat' dir='ltr'><em>PRoLE</em></span> <span class='ocrx_word' id='word_1_2' title='bbox 840 66 1044 102; x_wconf 80' lang='lat' dir='ltr'><em>GoMENA.</em></span> <span class='ocrx_word' id='word_1_3' title='bbox 1606 63 1622 102; x_wconf 89' lang='lat'>1</span> <span class='ocrx_word' id='word_1_4' title='bbox 1634 59 1654 101; x_wconf 82' lang='lat'>7</span> 
     </span>
    </p>
   </div>
   <div class='ocr_carea' id='block_1_2' title="bbox 71 149 1652 205">
    <p class='ocr_par' dir='ltr' id='par_1_2' title="bbox 71 149 1652 205">
     <span class='ocr_line' id='line_1_2' title="bbox 71 149 1652 205; baseline -0.003 -12"><span class='ocrx_word' id='word_1_5' title='bbox 71 153 180 194; x_wconf 83' lang='lat' dir='ltr'><em>ratio</em></span> <span class='ocrx_word' id='word_1_6' title='bbox 199 151 320 205; x_wconf 86' lang='lat' dir='ltr'><em>magis</em></span> <span class='ocrx_word' id='word_1_7' title='bbox 337 149 556 190; x_wconf 84' lang='lat' dir='ltr'><em>necessaria</em></span> <span class='ocrx_word' id='word_1_8' title='bbox 578 154 647 199; x_wconf 80' lang='lat' dir='ltr'><em>est,</em></span> <span class='ocrx_word' id='word_1_9' title='bbox 672 162 790 200; x_wconf 88' lang='lat' dir='ltr'><em>quam</em></span> <span class='ocrx_word' id='word_1_10' title='bbox 809 149 968 188; x_wconf 89' lang='lat' dir='ltr'><em>horum.</em></span> <span class='ocrx_word' id='word_1_11' title='bbox 1007 149 1141 188; x_wconf 80' lang='lat' dir='ltr'>Animi</span> <span class='ocrx_word' id='word_1_12' title='bbox 1163 155 1294 187; x_wconf 87' lang='lat' dir='ltr'><em>autem</em></span> <span class='ocrx_word' id='word_1_13' title='bbox 1320 149 1516 188; x_wconf 85' lang='lat' dir='ltr'><em>medicina</em></span> <span class='ocrx_word' id='word_1_14' title='bbox 1531 164 1652 202; x_wconf 88' lang='lat' dir='ltr'><em>quae—</em></span> 
     </span>
    </p>
   </div>
   <div class='ocr_carea' id='block_1_3' title="bbox 72 218 1527 339">
    <p class='ocr_par' dir='ltr' id='par_1_3' title="bbox 72 218 1527 339">
     <span class='ocr_line' id='line_1_3' title="bbox 72 218 773 272; baseline -0.009 -11"><span class='ocrx_word' id='word_1_15' title='bbox 72 221 199 262; x_wconf 86' lang='lat' dir='ltr'><em>renda</em></span> <span class='ocrx_word' id='word_1_16' title='bbox 228 228 286 260; x_wconf 86' lang='lat' dir='ltr'><em>est</em></span> <span class='ocrx_word' id='word_1_17' title='bbox 315 236 337 259; x_wconf 93' lang='lat' dir='ltr'><em>a</em></span> <span class='ocrx_word' id='word_1_18' title='bbox 365 218 636 272; x_wconf 82' lang='lat' dir='ltr'>philosophia.</span> <span class='ocrx_word' id='word_1_19' title='bbox 679 232 712 256; x_wconf 92' lang='lat' dir='ltr'><em>c.</em></span> <span class='ocrx_word' id='word_1_20' title='bbox 733 221 773 257; x_wconf 83' lang='lat'><em>5.</em></span> 
     </span>
     <span class='ocr_line' id='line_1_4' title="bbox 185 283 1527 339; baseline -0.003 -10"><span class='ocrx_word' id='word_1_21' title='bbox 185 290 232 329; x_wconf 88' lang='lat' dir='ltr'><em>H.</em></span> <span class='ocrx_word' id='word_1_22' title='bbox 290 290 550 329; x_wconf 77' lang='lat' dir='ltr'><em>PROPosrriJM</em></span> <span class='ocrx_word' id='word_1_23' title='bbox 576 283 732 334; x_wconf 82' lang='grc' dir='ltr'>(θέσις).</span> <span class='ocrx_word' id='word_1_24' title='bbox 796 284 924 324; x_wconf 70' lang='lat' dir='ltr'><em>Cadit</em></span> <span class='ocrx_word' id='word_1_25' title='bbox 955 288 1000 324; x_wconf 86' lang='lat' dir='ltr'><em>in</em></span> <span class='ocrx_word' id='word_1_26' title='bbox 1032 289 1258 338; x_wconf 70' lang='lat' dir='ltr'><em>sapientem</em></span> <span class='ocrx_word' id='word_1_27' title='bbox 1292 287 1527 339; x_wconf 75' lang='lat' dir='ltr'><em>aegritudo.</em></span> 
     </span>
    </p>
   </div>
   <div class='ocr_carea' id='block_1_4' title="bbox 421 403 1310 442">
    <p class='ocr_par' dir='ltr' id='par_1_4' title="bbox 421 403 1310 442">
     <span class='ocr_line' id='line_1_5' title="bbox 421 403 1310 442; baseline -0.003 0"><span class='ocrx_word' id='word_1_28' title='bbox 421 403 469 442; x_wconf 77' lang='lat' dir='ltr'><em>A·</em></span> <span class='ocrx_word' id='word_1_29' title='bbox 527 404 758 441; x_wconf 75' lang='lat' dir='ltr'><em>RErUTATIO</em></span> <span class='ocrx_word' id='word_1_30' title='bbox 790 413 1028 438; x_wconf 68' lang='lat' dir='ltr'>SENTENTIAE</span> <span class='ocrx_word' id='word_1_31' title='bbox 1058 413 1310 440; x_wconf 78' lang='lat' dir='ltr'><strong>PROPOSITAE.</strong></span> 
     </span>
    </p>
   </div>
   <div class='ocr_carea' id='block_1_5' title="bbox 27 492 1662 2741">
    <p class='ocr_par' dir='ltr' id='par_1_5' title="bbox 27 492 1659 1097">
     <span class='ocr_line' id='line_1_6' title="bbox 183 492 1652 546; baseline -0.002 -12"><span class='ocrx_word' id='word_1_32' title='bbox 183 495 390 534; x_wconf 84' lang='lat' dir='ltr'>Sententia</span> <span class='ocrx_word' id='word_1_33' title='bbox 409 494 640 546; x_wconf 88' lang='lat' dir='ltr'><em>proposita:</em></span> <span class='ocrx_word' id='word_1_34' title='bbox 672 492 816 530; x_wconf 76' lang='lat' dir='ltr'><em>cadere</em></span> <span class='ocrx_word' id='word_1_35' title='bbox 835 494 880 529; x_wconf 84' lang='lat' dir='ltr'><em>in</em></span> <span class='ocrx_word' id='word_1_36' title='bbox 903 494 1128 543; x_wconf 74' lang='lat' dir='ltr'><em>sapientem</em></span> <span class='ocrx_word' id='word_1_37' title='bbox 1147 494 1468 544; x_wconf 74' lang='lat' dir='ltr'><em>aegritudinem,</em></span> <span class='ocrx_word' id='word_1_38' title='bbox 1500 507 1522 531; x_wconf 87' lang='lat' dir='ltr'><em>a</em></span> <span class='ocrx_word' id='word_1_39' title='bbox 1540 492 1652 531; x_wconf 88' lang='lat' dir='ltr'><em>Cice-</em></span> 
     </span>
     <span class='ocr_line' id='line_1_7' title="bbox 27 562 1653 613; baseline -0.003 -9"><span class='ocrx_word' id='word_1_40' title='bbox 27 608 32 613; x_wconf 52' lang='lat'><em>,</em></span> <span class='ocrx_word' id='word_1_41' title='bbox 70 578 170 604; x_wconf 88' lang='lat' dir='ltr'><em>rone</em></span> <span class='ocrx_word' id='word_1_42' title='bbox 199 565 254 602; x_wconf 86' lang='lat' dir='ltr'><em>ita</em></span> <span class='ocrx_word' id='word_1_43' title='bbox 279 564 503 612; x_wconf 84' lang='lat' dir='ltr'><em>refutatur,</em></span> <span class='ocrx_word' id='word_1_44' title='bbox 533 569 580 600; x_wconf 92' lang='lat' dir='ltr'><em>ut</em></span> <span class='ocrx_word' id='word_1_45' title='bbox 606 562 870 609; x_wconf 80' lang='lat' dir='ltr'><em>demonstret,</em></span> <span class='ocrx_word' id='word_1_46' title='bbox 903 574 984 598; x_wconf 90' lang='lat' dir='ltr'><em>eam</em></span> <span class='ocrx_word' id='word_1_47' title='bbox 1006 574 1137 598; x_wconf 86' lang='lat' dir='ltr'><em>secum</em></span> <span class='ocrx_word' id='word_1_48' title='bbox 1162 575 1353 612; x_wconf 86' lang='lat' dir='ltr'><em>pugnare.</em></span> <span class='ocrx_word' id='word_1_49' title='bbox 1411 563 1508 601; x_wconf 85' lang='lat' dir='ltr'><em>Nam</em></span> <span class='ocrx_word' id='word_1_50' title='bbox 1534 562 1564 600; x_wconf 89' lang='lat' dir='ltr'><em>si</em></span> <span class='ocrx_word' id='word_1_51' title='bbox 1585 575 1653 600; x_wconf 90' lang='lat' dir='ltr'><em>ae-</em></span> 
     </span>
     <span class='ocr_line' id='line_1_8' title="bbox 70 629 1656 686; baseline -0.002 -15"><span class='ocrx_word' id='word_1_52' title='bbox 70 633 233 686; x_wconf 88' lang='lat' dir='ltr'><em>gritudo</em></span> <span class='ocrx_word' id='word_1_53' title='bbox 254 633 296 670; x_wconf 92' lang='lat' dir='ltr'><em>in</em></span> <span class='ocrx_word' id='word_1_54' title='bbox 319 633 534 684; x_wconf 83' lang='lat' dir='ltr'><em>sapientem</em></span> <span class='ocrx_word' id='word_1_55' title='bbox 559 631 677 679; x_wconf 87' lang='lat' dir='ltr'><em>cadit,</em></span> <span class='ocrx_word' id='word_1_56' title='bbox 708 629 865 680; x_wconf 83' lang='lat' dir='ltr'><em>sapiens</em></span> <span class='ocrx_word' id='word_1_57' title='bbox 889 629 1066 666; x_wconf 84' lang='lat' dir='ltr'><em>insanire</em></span> <span class='ocrx_word' id='word_1_58' title='bbox 1087 629 1280 667; x_wconf 87' lang='lat' dir='ltr'><em>dicendus</em></span> <span class='ocrx_word' id='word_1_59' title='bbox 1300 637 1374 680; x_wconf 67' lang='lat' dir='ltr'><em>est,</em></span> <span class='ocrx_word' id='word_1_60' title='bbox 1407 631 1531 668; x_wconf 91' lang='lat' dir='ltr'><em>omnis</em></span> <span class='ocrx_word' id='word_1_61' title='bbox 1554 631 1656 668; x_wconf 88' lang='lat' dir='ltr'><em>enim</em></span> 
     </span>
     <span class='ocr_line' id='line_1_9' title="bbox 73 697 1655 753; baseline -0.002 -13"><span class='ocrx_word' id='word_1_62' title='bbox 73 702 196 740; x_wconf 86' lang='lat' dir='ltr'><em>animi</em></span> <span class='ocrx_word' id='word_1_63' title='bbox 218 701 474 753; x_wconf 81' lang='lat' dir='ltr'><em>perturbatio</em></span> <span class='ocrx_word' id='word_1_64' title='bbox 494 700 651 738; x_wconf 89' lang='lat' dir='ltr'><em>insania</em></span> <span class='ocrx_word' id='word_1_65' title='bbox 673 705 748 748; x_wconf 81' lang='lat' dir='ltr'><em>est3</em></span> <span class='ocrx_word' id='word_1_66' title='bbox 780 698 992 749; x_wconf 77' lang='lat' dir='ltr'><em>aegritudo</em></span> <span class='ocrx_word' id='word_1_67' title='bbox 1014 704 1144 735; x_wconf 90' lang='lat' dir='ltr'><em>autem</em></span> <span class='ocrx_word' id='word_1_68' title='bbox 1161 699 1281 736; x_wconf 88' lang='lat' dir='ltr'><em>animi</em></span> <span class='ocrx_word' id='word_1_69' title='bbox 1305 700 1560 750; x_wconf 72' lang='lat' dir='ltr'><em>perturbatio</em></span> <span class='ocrx_word' id='word_1_70' title='bbox 1581 697 1655 737; x_wconf 69' lang='lat' dir='ltr'><em>est&#39;:</em></span> 
     </span>
     <span class='ocr_line' id='line_1_10' title="bbox 75 767 1658 822; baseline -0.002 -13"><span class='ocrx_word' id='word_1_71' title='bbox 75 771 233 822; x_wconf 86' lang='lat' dir='ltr'><em>sapiens</em></span> <span class='ocrx_word' id='word_1_72' title='bbox 256 769 403 821; x_wconf 87' lang='lat' dir='ltr'><em>igitur,</em></span> <span class='ocrx_word' id='word_1_73' title='bbox 435 769 506 820; x_wconf 84' lang='lat' dir='ltr'><em>qui</em></span> <span class='ocrx_word' id='word_1_74' title='bbox 529 768 777 821; x_wconf 80' lang='lat' dir='ltr'><em>aegritudine</em></span> <span class='ocrx_word' id='word_1_75' title='bbox 797 767 1014 818; x_wconf 75' lang='lat' dir='ltr'><em>pre-initur,</em></span> <span class='ocrx_word' id='word_1_76' title='bbox 1041 767 1204 805; x_wconf 84' lang='lat' dir='ltr'><em>insanit.</em></span> <span class='ocrx_word' id='word_1_77' title='bbox 1235 789 1292 795; x_wconf 92' lang='lat'>—</span> <span class='ocrx_word' id='word_1_78' title='bbox 1347 769 1658 819; x_wconf 79' lang='lat' dir='ltr'><em>Subiunguntur</em></span> 
     </span>
     <span class='ocr_line' id='line_1_11' title="bbox 72 835 1658 890; baseline -0.002 -14"><span class='ocrx_word' id='word_1_79' title='bbox 72 839 264 890; x_wconf 85' lang='lat' dir='ltr'><em>quaedam</em></span> <span class='ocrx_word' id='word_1_80' title='bbox 288 837 337 876; x_wconf 88' lang='lat' dir='ltr'><em>de</em></span> <span class='ocrx_word' id='word_1_81' title='bbox 364 839 406 878; x_wconf 88' lang='lat' dir='ltr'><em>vi</em></span> <span class='ocrx_word' id='word_1_82' title='bbox 432 838 552 876; x_wconf 88' lang='lat' dir='ltr'><em>latini</em></span> <span class='ocrx_word' id='word_1_83' title='bbox 580 837 751 875; x_wconf 87' lang='lat' dir='ltr'><em>nominis</em></span> <span class='ocrx_word' id='word_1_84' title='bbox 784 838 988 874; x_wconf 75' lang='lat' dir='ltr'><em>insaniae.</em></span> <span class='ocrx_word' id='word_1_85' title='bbox 1048 836 1183 873; x_wconf 81' lang='lat' dir='ltr'><em>Latini</em></span> <span class='ocrx_word' id='word_1_86' title='bbox 1215 835 1319 872; x_wconf 89' lang='lat' dir='ltr'><em>enim</em></span> <span class='ocrx_word' id='word_1_87' title='bbox 1351 849 1504 873; x_wconf 85' lang='lat' dir='ltr'><em>omnem</em></span> <span class='ocrx_word' id='word_1_88' title='bbox 1537 837 1658 873; x_wconf 82' lang='lat' dir='ltr'><em>animi</em></span> 
     </span>
     <span class='ocr_line' id='line_1_12' title="bbox 72 904 1658 956; baseline -0.003 -10"><span class='ocrx_word' id='word_1_89' title='bbox 72 907 340 956; x_wconf 81' lang='lat' dir='ltr'><em>affectionem,</em></span> <span class='ocrx_word' id='word_1_90' title='bbox 380 907 530 945; x_wconf 89' lang='lat' dir='ltr'><em>lumine</em></span> <span class='ocrx_word' id='word_1_91' title='bbox 560 905 702 944; x_wconf 86' lang='lat' dir='ltr'><em>mentis</em></span> <span class='ocrx_word' id='word_1_92' title='bbox 734 911 953 953; x_wconf 81' lang='lat' dir='ltr'><em>carentem,</em></span> <span class='ocrx_word' id='word_1_93' title='bbox 990 905 1203 953; x_wconf 86' lang='lat' dir='ltr'><em>insaniam,</em></span> <span class='ocrx_word' id='word_1_94' title='bbox 1235 904 1461 952; x_wconf 84' lang='lat' dir='ltr'><em>amentiam,</em></span> <span class='ocrx_word' id='word_1_95' title='bbox 1494 905 1658 942; x_wconf 86' lang='lat' dir='ltr'><em>demen-</em></span> 
     </span>
     <span class='ocr_line' id='line_1_13' title="bbox 74 973 1659 1028; baseline -0.002 -14"><span class='ocrx_word' id='word_1_96' title='bbox 74 976 172 1015; x_wconf 85' lang='lat' dir='ltr'><em>tiam</em></span> <span class='ocrx_word' id='word_1_97' title='bbox 209 976 413 1028; x_wconf 89' lang='lat' dir='ltr'><em>appellant</em></span> <span class='ocrx_word' id='word_1_98' title='bbox 445 982 484 1013; x_wconf 90' lang='lat' dir='ltr'><em>et</em></span> <span class='ocrx_word' id='word_1_99' title='bbox 519 975 672 1013; x_wconf 86' lang='lat' dir='ltr'><em>idcirco</em></span> <span class='ocrx_word' id='word_1_100' title='bbox 705 988 787 1012; x_wconf 89' lang='lat' dir='ltr'><em>eam</em></span> <span class='ocrx_word' id='word_1_101' title='bbox 820 981 1026 1012; x_wconf 68' lang='lat' dir='ltr'><em>removent</em></span> <span class='ocrx_word' id='word_1_102' title='bbox 1059 988 1079 1011; x_wconf 92' lang='lat' dir='ltr'><em>a</em></span> <span class='ocrx_word' id='word_1_103' title='bbox 1114 973 1304 1025; x_wconf 85' lang='lat' dir='ltr'><em>sapiente.</em></span> <span class='ocrx_word' id='word_1_104' title='bbox 1364 974 1659 1024; x_wconf 78' lang='lat' dir='ltr'><em>Comparantur</em></span> 
     </span>
     <span class='ocr_line' id='line_1_14' title="bbox 73 1041 1132 1097; baseline -0.004 -15"><span class='ocrx_word' id='word_1_105' title='bbox 73 1058 213 1097; x_wconf 87' lang='lat' dir='ltr'><em>graeca</em></span> <span class='ocrx_word' id='word_1_106' title='bbox 242 1044 404 1082; x_wconf 89' lang='lat' dir='ltr'><em>nomina</em></span> <span class='ocrx_word' id='word_1_107' title='bbox 434 1041 577 1093; x_wconf 82' lang='grc' dir='ltr'><strong><em>μανίας</em></strong></span> <span class='ocrx_word' id='word_1_108' title='bbox 607 1050 647 1081; x_wconf 87' lang='lat' dir='ltr'><em>et</em></span> <span class='ocrx_word' id='word_1_109' title='bbox 678 1041 939 1094; x_wconf 78' lang='grc' dir='ltr'><em>μελαγχολίας.</em></span> <span class='ocrx_word' id='word_1_110' title='bbox 982 1056 1014 1079; x_wconf 89' lang='lat' dir='ltr'><em>c.</em></span> <span class='ocrx_word' id='word_1_111' title='bbox 1033 1047 1071 1080; x_wconf 71' lang='lat'><em>4.</em></span> <span class='ocrx_word' id='word_1_112' title='bbox 1093 1046 1132 1079; x_wconf 85' lang='lat'><em>5.</em></span> 
     </span>
    </p>

    <p class='ocr_par' dir='ltr' id='par_1_6' title="bbox 72 1110 1659 1575">
     <span class='ocr_line' id='line_1_15' title="bbox 188 1110 1659 1160; baseline -0.001 -10"><span class='ocrx_word' id='word_1_113' title='bbox 188 1112 386 1160; x_wconf 86' lang='lat' dir='ltr'><em>Quoniam</em></span> <span class='ocrx_word' id='word_1_114' title='bbox 404 1119 549 1150; x_wconf 88' lang='lat' dir='ltr'><em>natura</em></span> <span class='ocrx_word' id='word_1_115' title='bbox 570 1112 652 1149; x_wconf 86' lang='lat' dir='ltr'><em>fere</em></span> <span class='ocrx_word' id='word_1_116' title='bbox 675 1111 716 1149; x_wconf 90' lang='lat' dir='ltr'><em>in</em></span> <span class='ocrx_word' id='word_1_117' title='bbox 738 1111 877 1148; x_wconf 90' lang='lat' dir='ltr'><em>animis</em></span> <span class='ocrx_word' id='word_1_118' title='bbox 901 1117 1078 1148; x_wconf 84' lang='lat' dir='ltr'><em>tenerum</em></span> <span class='ocrx_word' id='word_1_119' title='bbox 1099 1110 1287 1160; x_wconf 84' lang='lat' dir='ltr'><em>quiddam</em></span> <span class='ocrx_word' id='word_1_120' title='bbox 1313 1116 1431 1160; x_wconf 84' lang='lat' dir='ltr'><em>atque</em></span> <span class='ocrx_word' id='word_1_121' title='bbox 1450 1110 1565 1147; x_wconf 90' lang='lat' dir='ltr'><em>molle</em></span> <span class='ocrx_word' id='word_1_122' title='bbox 1588 1116 1659 1159; x_wconf 90' lang='lat' dir='ltr'><em>est,</em></span> 
     </span>
     <span class='ocr_line' id='line_1_16' title="bbox 75 1178 1658 1232; baseline -0.002 -13"><span class='ocrx_word' id='word_1_123' title='bbox 75 1181 184 1232; x_wconf 88' lang='lat' dir='ltr'><em>quod</em></span> <span class='ocrx_word' id='word_1_124' title='bbox 207 1181 457 1232; x_wconf 86' lang='lat' dir='ltr'><em>aegritudine</em></span> <span class='ocrx_word' id='word_1_125' title='bbox 477 1180 703 1231; x_wconf 78' lang='lat' dir='ltr'><em>quatiatur3</em></span> <span class='ocrx_word' id='word_1_126' title='bbox 734 1179 848 1217; x_wconf 84' lang='lat' dir='ltr'><em>facile</em></span> <span class='ocrx_word' id='word_1_127' title='bbox 870 1179 1114 1226; x_wconf 86' lang='lat' dir='ltr'><em>inducimur,</em></span> <span class='ocrx_word' id='word_1_128' title='bbox 1148 1185 1193 1216; x_wconf 92' lang='lat' dir='ltr'><em>ut</em></span> <span class='ocrx_word' id='word_1_129' title='bbox 1213 1178 1495 1227; x_wconf 69' lang='lat' dir='ltr'><em>existimemus,</em></span> <span class='ocrx_word' id='word_1_130' title='bbox 1528 1179 1658 1230; x_wconf 76' lang='lat' dir='ltr'><em>aegri—</em></span> 
     </span>
     <span class='ocr_line' id='line_1_17' title="bbox 73 1246 1658 1299; baseline -0.001 -12"><span class='ocrx_word' id='word_1_131' title='bbox 73 1249 253 1288; x_wconf 87' lang='lat' dir='ltr'><em>tudinem</em></span> <span class='ocrx_word' id='word_1_132' title='bbox 274 1249 317 1286; x_wconf 92' lang='lat' dir='ltr'><em>in</em></span> <span class='ocrx_word' id='word_1_133' title='bbox 337 1249 555 1299; x_wconf 88' lang='lat' dir='ltr'><em>sapientem</em></span> <span class='ocrx_word' id='word_1_134' title='bbox 572 1248 725 1286; x_wconf 89' lang='lat' dir='ltr'><em>cadere.</em></span> <span class='ocrx_word' id='word_1_135' title='bbox 785 1248 837 1285; x_wconf 84' lang='lat' dir='ltr'><em>At</em></span> <span class='ocrx_word' id='word_1_136' title='bbox 860 1246 1140 1299; x_wconf 77' lang='lat' dir='ltr'><em>philosophiae</em></span> <span class='ocrx_word' id='word_1_137' title='bbox 1159 1247 1414 1298; x_wconf 87' lang='lat' dir='ltr'><em>propositum</em></span> <span class='ocrx_word' id='word_1_138' title='bbox 1438 1261 1516 1285; x_wconf 84' lang='lat' dir='ltr'><em>esse</em></span> <span class='ocrx_word' id='word_1_139' title='bbox 1532 1248 1658 1295; x_wconf 78' lang='lat' dir='ltr'><em>debet,</em></span> 
     </span>
     <span class='ocr_line' id='line_1_18' title="bbox 72 1315 1659 1367; baseline -0.002 -12"><span class='ocrx_word' id='word_1_140' title='bbox 72 1324 122 1356; x_wconf 85' lang='lat' dir='ltr'><em>ut</em></span> <span class='ocrx_word' id='word_1_141' title='bbox 142 1331 294 1356; x_wconf 88' lang='lat' dir='ltr'><em>omnem</em></span> <span class='ocrx_word' id='word_1_142' title='bbox 324 1317 631 1355; x_wconf 87' lang='lat' dir='ltr'><em>imbecillitatem</em></span> <span class='ocrx_word' id='word_1_143' title='bbox 660 1322 839 1354; x_wconf 79' lang='lat' dir='ltr'><em>nostram</em></span> <span class='ocrx_word' id='word_1_144' title='bbox 868 1322 988 1366; x_wconf 85' lang='lat' dir='ltr'><em>atque</em></span> <span class='ocrx_word' id='word_1_145' title='bbox 1016 1315 1309 1353; x_wconf 86' lang='lat' dir='ltr'><em>mollitudinem</em></span> <span class='ocrx_word' id='word_1_146' title='bbox 1342 1316 1536 1367; x_wconf 77' lang='lat' dir='ltr'><em>exstirpet</em></span> <span class='ocrx_word' id='word_1_147' title='bbox 1569 1316 1659 1353; x_wconf 83' lang='lat' dir='ltr'><em>ani-</em></span> 
     </span>
     <span class='ocr_line' id='line_1_19' title="bbox 73 1384 1658 1437; baseline -0.001 -13"><span class='ocrx_word' id='word_1_148' title='bbox 73 1400 236 1437; x_wconf 88' lang='lat' dir='ltr'><em>mosque</em></span> <span class='ocrx_word' id='word_1_149' title='bbox 265 1387 447 1424; x_wconf 88' lang='lat' dir='ltr'><em>omnibus</em></span> <span class='ocrx_word' id='word_1_150' title='bbox 468 1385 636 1424; x_wconf 88' lang='lat' dir='ltr'><em>miseriis</em></span> <span class='ocrx_word' id='word_1_151' title='bbox 668 1385 823 1423; x_wconf 86' lang='lat' dir='ltr'><em>liberet.</em></span> <span class='ocrx_word' id='word_1_152' title='bbox 865 1399 898 1423; x_wconf 90' lang='lat' dir='ltr'><em>c.</em></span> <span class='ocrx_word' id='word_1_153' title='bbox 921 1388 961 1423; x_wconf 88' lang='grc'><em>6.</em></span> <span class='ocrx_word' id='word_1_154' title='bbox 1020 1385 1157 1435; x_wconf 85' lang='lat' dir='ltr'><em>Itaque</em></span> <span class='ocrx_word' id='word_1_155' title='bbox 1178 1384 1317 1421; x_wconf 68' lang='lat' dir='ltr'><em>Cicero</em></span> <span class='ocrx_word' id='word_1_156' title='bbox 1342 1385 1475 1435; x_wconf 88' lang='lat' dir='ltr'><em>primo</em></span> <span class='ocrx_word' id='word_1_157' title='bbox 1499 1385 1658 1422; x_wconf 85' lang='lat' dir='ltr'><em>Stoico-</em></span> 
     </span>
     <span class='ocr_line' id='line_1_20' title="bbox 73 1453 1657 1507; baseline -0.002 -14"><span class='ocrx_word' id='word_1_158' title='bbox 73 1468 165 1493; x_wconf 88' lang='lat' dir='ltr'><em>rum</em></span> <span class='ocrx_word' id='word_1_159' title='bbox 187 1456 428 1507; x_wconf 86' lang='lat' dir='ltr'><em>argumentis</em></span> <span class='ocrx_word' id='word_1_160' title='bbox 451 1455 632 1493; x_wconf 87' lang='lat' dir='ltr'><em>breviter</em></span> <span class='ocrx_word' id='word_1_161' title='bbox 660 1453 862 1492; x_wconf 89' lang='lat' dir='ltr'><em>adstrictis</em></span> <span class='ocrx_word' id='word_1_162' title='bbox 888 1454 1161 1491; x_wconf 85' lang='lat' dir='ltr'><em>demonstrare</em></span> <span class='ocrx_word' id='word_1_163' title='bbox 1188 1459 1380 1502; x_wconf 84' lang='lat' dir='ltr'><em>conatur,</em></span> <span class='ocrx_word' id='word_1_164' title='bbox 1421 1453 1465 1490; x_wconf 90' lang='lat' dir='ltr'><em>in</em></span> <span class='ocrx_word' id='word_1_165' title='bbox 1496 1454 1657 1504; x_wconf 86' lang='lat' dir='ltr'><em>sapien-</em></span> 
     </span>
     <span class='ocr_line' id='line_1_21' title="bbox 74 1523 914 1575; baseline -0.002 -14"><span class='ocrx_word' id='word_1_166' title='bbox 74 1529 153 1562; x_wconf 88' lang='lat' dir='ltr'><em>tem</em></span> <span class='ocrx_word' id='word_1_167' title='bbox 183 1524 325 1562; x_wconf 83' lang='lat' dir='ltr'><em>cadere</em></span> <span class='ocrx_word' id='word_1_168' title='bbox 354 1537 435 1561; x_wconf 89' lang='lat' dir='ltr'><em>non</em></span> <span class='ocrx_word' id='word_1_169' title='bbox 465 1537 581 1575; x_wconf 87' lang='lat' dir='ltr'><em>posse</em></span> <span class='ocrx_word' id='word_1_170' title='bbox 611 1523 914 1574; x_wconf 84' lang='lat' dir='ltr'><em>aegritudinem.</em></span> 
     </span>
    </p>

    <p class='ocr_par' dir='ltr' id='par_1_7' title="bbox 38 1590 1660 1782">
     <span class='ocr_line' id='line_1_22' title="bbox 189 1590 1660 1645; baseline -0.002 -15"><span class='ocrx_word' id='word_1_171' title='bbox 189 1591 227 1645; x_wconf 86' lang='lat' dir='ltr'><em>a)</em></span> <span class='ocrx_word' id='word_1_172' title='bbox 259 1595 410 1630; x_wconf 70' lang='lat' dir='ltr'><em>Prima</em></span> <span class='ocrx_word' id='word_1_173' title='bbox 441 1595 762 1644; x_wconf 66' lang='lat' dir='ltr'><em>argumentatis).</em></span> <span class='ocrx_word' id='word_1_174' title='bbox 824 1593 946 1630; x_wconf 74' lang='lat' dir='ltr'><em>Nemo</em></span> <span class='ocrx_word' id='word_1_175' title='bbox 974 1598 1032 1629; x_wconf 85' lang='lat' dir='ltr'><em>est</em></span> <span class='ocrx_word' id='word_1_176' title='bbox 1051 1591 1225 1642; x_wconf 88' lang='lat' dir='ltr'><em>sapiens,</em></span> <span class='ocrx_word' id='word_1_177' title='bbox 1257 1590 1332 1627; x_wconf 89' lang='lat' dir='ltr'><em>nisi</em></span> <span class='ocrx_word' id='word_1_178' title='bbox 1360 1590 1496 1640; x_wconf 82' lang='lat' dir='ltr'><em>fortis3</em></span> <span class='ocrx_word' id='word_1_179' title='bbox 1528 1590 1660 1641; x_wconf 66' lang='lat' dir='ltr'><em>aegri-</em></span> 
     </span>
     <span class='ocr_line' id='line_1_23' title="bbox 74 1658 1659 1713; baseline -0.003 -14"><span class='ocrx_word' id='word_1_180' title='bbox 74 1661 176 1699; x_wconf 87' lang='lat' dir='ltr'><em>tudo</em></span> <span class='ocrx_word' id='word_1_181' title='bbox 199 1667 331 1699; x_wconf 89' lang='lat' dir='ltr'><em>autem</em></span> <span class='ocrx_word' id='word_1_182' title='bbox 354 1667 554 1713; x_wconf 86' lang='lat' dir='ltr'><em>repugnat</em></span> <span class='ocrx_word' id='word_1_183' title='bbox 576 1661 833 1699; x_wconf 85' lang='lat' dir='ltr'><em>fortitudini:</em></span> <span class='ocrx_word' id='word_1_184' title='bbox 865 1674 948 1698; x_wconf 90' lang='lat' dir='ltr'><em>non</em></span> <span class='ocrx_word' id='word_1_185' title='bbox 972 1660 1079 1698; x_wconf 86' lang='lat' dir='ltr'><em>cadit</em></span> <span class='ocrx_word' id='word_1_186' title='bbox 1106 1673 1200 1711; x_wconf 80' lang='lat' dir='ltr'><em>ergo</em></span> <span class='ocrx_word' id='word_1_187' title='bbox 1226 1659 1269 1696; x_wconf 84' lang='lat' dir='ltr'><em>in</em></span> <span class='ocrx_word' id='word_1_188' title='bbox 1292 1659 1509 1709; x_wconf 71' lang='lat' dir='ltr'><em>sapientem</em></span> <span class='ocrx_word' id='word_1_189' title='bbox 1526 1658 1659 1710; x_wconf 73' lang='lat' dir='ltr'><em>aegri-</em></span> 
     </span>
     <span class='ocr_line' id='line_1_24' title="bbox 38 1724 570 1782; baseline 0 -14"><span class='ocrx_word' id='word_1_190' title='bbox 38 1724 39 1727; x_wconf 78' lang='grc'>’</span> <span class='ocrx_word' id='word_1_191' title='bbox 77 1729 190 1768; x_wconf 69' lang='lat' dir='ltr'><em>tudo.</em></span> <span class='ocrx_word' id='word_1_192' title='bbox 228 1744 261 1768; x_wconf 90' lang='lat' dir='ltr'><em>c.</em></span> <span class='ocrx_word' id='word_1_193' title='bbox 282 1734 320 1770; x_wconf 83' lang='lat'><em>7.</em></span> <span class='ocrx_word' id='word_1_194' title='bbox 348 1728 390 1782; x_wconf 67' lang='lat'><em>§-</em></span> <span class='ocrx_word' id='word_1_195' title='bbox 415 1733 480 1769; x_wconf 80' lang='lat'><em>14.</em></span> <span class='ocrx_word' id='word_1_196' title='bbox 504 1734 570 1769; x_wconf 88' lang='lat'><em>15.</em></span> 
     </span>
    </p>

    <p class='ocr_par' dir='ltr' id='par_1_8' title="bbox 36 1795 1661 2059">
     <span class='ocr_line' id='line_1_25' title="bbox 189 1795 1658 1851; baseline -0.003 -15"><span class='ocrx_word' id='word_1_197' title='bbox 189 1798 231 1846; x_wconf 93' lang='lat' dir='ltr'><em>b)</em></span> <span class='ocrx_word' id='word_1_198' title='bbox 263 1799 414 1836; x_wconf 80' lang='lat' dir='ltr'><em>Altera</em></span> <span class='ocrx_word' id='word_1_199' title='bbox 445 1801 768 1851; x_wconf 69' lang='lat' dir='ltr'><em>argumentatio.</em></span> <span class='ocrx_word' id='word_1_200' title='bbox 829 1797 1028 1849; x_wconf 81' lang='lat' dir='ltr'><em>Sapientis</em></span> <span class='ocrx_word' id='word_1_201' title='bbox 1059 1797 1213 1834; x_wconf 86' lang='lat' dir='ltr'><em>animus</em></span> <span class='ocrx_word' id='word_1_202' title='bbox 1239 1796 1295 1832; x_wconf 86' lang='lat' dir='ltr'><em>ita</em></span> <span class='ocrx_word' id='word_1_203' title='bbox 1319 1808 1470 1846; x_wconf 82' lang='lat' dir='ltr'><em>semper</em></span> <span class='ocrx_word' id='word_1_204' title='bbox 1494 1795 1658 1832; x_wconf 79' lang='lat' dir='ltr'><em>affectus</em></span> 
     </span>
     <span class='ocr_line' id='line_1_26' title="bbox 76 1864 1660 1919; baseline -0.003 -14"><span class='ocrx_word' id='word_1_205' title='bbox 76 1873 153 1916; x_wconf 87' lang='lat' dir='ltr'><em>est,</em></span> <span class='ocrx_word' id='word_1_206' title='bbox 193 1873 242 1905; x_wconf 92' lang='lat' dir='ltr'><em>ut</em></span> <span class='ocrx_word' id='word_1_207' title='bbox 269 1867 428 1905; x_wconf 86' lang='lat' dir='ltr'><em>ratione</em></span> <span class='ocrx_word' id='word_1_208' title='bbox 451 1868 597 1919; x_wconf 87' lang='lat' dir='ltr'><em>optime</em></span> <span class='ocrx_word' id='word_1_209' title='bbox 622 1873 781 1904; x_wconf 79' lang='lat' dir='ltr'><em>utatur:</em></span> <span class='ocrx_word' id='word_1_210' title='bbox 825 1880 1029 1916; x_wconf 78' lang='lat' dir='ltr'><em>nunquam</em></span> <span class='ocrx_word' id='word_1_211' title='bbox 1056 1864 1182 1915; x_wconf 83' lang='lat' dir='ltr'><em>igitur</em></span> <span class='ocrx_word' id='word_1_212' title='bbox 1207 1865 1467 1915; x_wconf 84' lang='lat' dir='ltr'><em>perturbatus</em></span> <span class='ocrx_word' id='word_1_213' title='bbox 1500 1871 1578 1912; x_wconf 82' lang='lat' dir='ltr'><em>est;</em></span> <span class='ocrx_word' id='word_1_214' title='bbox 1619 1869 1660 1900; x_wconf 90' lang='lat' dir='ltr'><em>at</em></span> 
     </span>
     <span class='ocr_line' id='line_1_27' title="bbox 76 1931 1661 1987; baseline -0.003 -13"><span class='ocrx_word' id='word_1_215' title='bbox 76 1935 285 1987; x_wconf 81' lang='lat' dir='ltr'><em>aegritudo</em></span> <span class='ocrx_word' id='word_1_216' title='bbox 318 1936 574 1987; x_wconf 84' lang='lat' dir='ltr'><em>perturbatio</em></span> <span class='ocrx_word' id='word_1_217' title='bbox 608 1942 666 1973; x_wconf 87' lang='lat' dir='ltr'><em>est</em></span> <span class='ocrx_word' id='word_1_218' title='bbox 702 1935 838 1972; x_wconf 87' lang='lat' dir='ltr'><em>animi:</em></span> <span class='ocrx_word' id='word_1_219' title='bbox 882 1948 1035 1985; x_wconf 82' lang='lat' dir='ltr'><em>semper</em></span> <span class='ocrx_word' id='word_1_220' title='bbox 1066 1934 1190 1984; x_wconf 85' lang='lat' dir='ltr'><em>igitur</em></span> <span class='ocrx_word' id='word_1_221' title='bbox 1230 1947 1273 1971; x_wconf 86' lang='lat' dir='ltr'><em>ea</em></span> <span class='ocrx_word' id='word_1_222' title='bbox 1303 1932 1458 1984; x_wconf 85' lang='lat' dir='ltr'><em>sapiens</em></span> <span class='ocrx_word' id='word_1_223' title='bbox 1489 1931 1661 1970; x_wconf 79' lang='lat' dir='ltr'><em>vacabit.</em></span> 
     </span>
     <span class='ocr_line' id='line_1_28' title="bbox 36 2002 358 2059; baseline 0 -17"><span class='ocrx_word' id='word_1_224' title='bbox 36 2015 39 2022; x_wconf 73' lang='lat'><em>&#39;</em></span> <span class='ocrx_word' id='word_1_225' title='bbox 73 2002 208 2058; x_wconf 78' lang='grc'><strong>5.15.</strong></span> <span class='ocrx_word' id='word_1_226' title='bbox 238 2010 358 2059; x_wconf 69' lang='lat' dir='ltr'><em>extr.</em></span> 
     </span>
    </p>

    <p class='ocr_par' dir='ltr' id='par_1_9' title="bbox 79 2062 1660 2191">
     <span class='ocr_line' id='line_1_29' title="bbox 191 2062 1660 2124; baseline -0.003 -13"><span class='ocrx_word' id='word_1_227' title='bbox 191 2071 227 2124; x_wconf 92' lang='lat' dir='ltr'><em>c)</em></span> <span class='ocrx_word' id='word_1_228' title='bbox 271 2062 408 2111; x_wconf 78' lang='lat' dir='ltr'><em>Tertia</em></span> <span class='ocrx_word' id='word_1_229' title='bbox 439 2075 761 2123; x_wconf 74' lang='lat' dir='ltr'><em>argumentatio.</em></span> <span class='ocrx_word' id='word_1_230' title='bbox 830 2071 996 2122; x_wconf 86' lang='lat' dir='ltr'><em>Sapiens</em></span> <span class='ocrx_word' id='word_1_231' title='bbox 1030 2070 1259 2109; x_wconf 87' lang='lat' dir='ltr'><em>moderatus</em></span> <span class='ocrx_word' id='word_1_232' title='bbox 1297 2077 1335 2108; x_wconf 86' lang='lat' dir='ltr'><em>et</em></span> <span class='ocrx_word' id='word_1_233' title='bbox 1366 2076 1591 2122; x_wconf 76' lang='lat' dir='ltr'><em>temperans</em></span> <span class='ocrx_word' id='word_1_234' title='bbox 1623 2076 1660 2107; x_wconf 88' lang='lat' dir='ltr'><em>et</em></span> 
     </span>
     <span class='ocr_line' id='line_1_30' title="bbox 79 2139 1593 2191; baseline -0.002 -12"><span class='ocrx_word' id='word_1_235' title='bbox 79 2146 266 2179; x_wconf 89' lang='lat' dir='ltr'><em>constans</em></span> <span class='ocrx_word' id='word_1_236' title='bbox 296 2147 336 2178; x_wconf 91' lang='lat' dir='ltr'><em>et</em></span> <span class='ocrx_word' id='word_1_237' title='bbox 365 2139 524 2191; x_wconf 88' lang='lat' dir='ltr'><em>quietus</em></span> <span class='ocrx_word' id='word_1_238' title='bbox 555 2146 630 2177; x_wconf 89' lang='lat' dir='ltr'><em>est:</em></span> <span class='ocrx_word' id='word_1_239' title='bbox 661 2139 789 2177; x_wconf 85' lang='lat' dir='ltr'><em>aberit</em></span> <span class='ocrx_word' id='word_1_240' title='bbox 817 2140 944 2191; x_wconf 87' lang='lat' dir='ltr'><em>igitur</em></span> <span class='ocrx_word' id='word_1_241' title='bbox 975 2155 996 2177; x_wconf 88' lang='lat' dir='ltr'><em>a</em></span> <span class='ocrx_word' id='word_1_242' title='bbox 1027 2141 1203 2191; x_wconf 81' lang='lat' dir='ltr'><em>sapiente</em></span> <span class='ocrx_word' id='word_1_243' title='bbox 1234 2139 1458 2190; x_wconf 77' lang='lat' dir='ltr'><em>aegritudo.</em></span> <span class='ocrx_word' id='word_1_244' title='bbox 1497 2153 1529 2176; x_wconf 90' lang='lat' dir='ltr'><em>c.</em></span> <span class='ocrx_word' id='word_1_245' title='bbox 1554 2142 1593 2176; x_wconf 74' lang='lat'><em>8.</em></span> 
     </span>
    </p>

    <p class='ocr_par' dir='ltr' id='par_1_10' title="bbox 77 2206 1662 2397">
     <span class='ocr_line' id='line_1_31' title="bbox 192 2206 1659 2260; baseline -0.002 -14"><span class='ocrx_word' id='word_1_246' title='bbox 192 2206 235 2260; x_wconf 88' lang='lat' dir='ltr'><em>d)</em></span> <span class='ocrx_word' id='word_1_247' title='bbox 276 2208 438 2259; x_wconf 70' lang='lat' dir='ltr'><em>Quarta</em></span> <span class='ocrx_word' id='word_1_248' title='bbox 469 2211 791 2260; x_wconf 75' lang='lat' dir='ltr'><em>argumentatio.</em></span> <span class='ocrx_word' id='word_1_249' title='bbox 853 2209 1017 2260; x_wconf 81' lang='lat' dir='ltr'><em>Sapiens</em></span> <span class='ocrx_word' id='word_1_250' title='bbox 1049 2223 1252 2259; x_wconf 79' lang='lat' dir='ltr'><em>nunquam</em></span> <span class='ocrx_word' id='word_1_251' title='bbox 1273 2208 1482 2257; x_wconf 75' lang='lat' dir='ltr'><em>irascitur,</em></span> <span class='ocrx_word' id='word_1_252' title='bbox 1521 2207 1552 2244; x_wconf 85' lang='lat' dir='ltr'><em>si</em></span> <span class='ocrx_word' id='word_1_253' title='bbox 1584 2220 1659 2244; x_wconf 84' lang='lat' dir='ltr'><em>au—</em></span> 
     </span>
     <span class='ocr_line' id='line_1_32' title="bbox 77 2276 1662 2328; baseline -0.003 -13"><span class='ocrx_word' id='word_1_254' title='bbox 77 2283 156 2315; x_wconf 88' lang='lat' dir='ltr'><em>tem</em></span> <span class='ocrx_word' id='word_1_255' title='bbox 193 2276 352 2314; x_wconf 88' lang='lat' dir='ltr'><em>caderet</em></span> <span class='ocrx_word' id='word_1_256' title='bbox 383 2276 428 2314; x_wconf 88' lang='lat' dir='ltr'><em>in</em></span> <span class='ocrx_word' id='word_1_257' title='bbox 459 2276 674 2328; x_wconf 88' lang='lat' dir='ltr'><em>sapientem</em></span> <span class='ocrx_word' id='word_1_258' title='bbox 707 2276 936 2328; x_wconf 84' lang='lat' dir='ltr'><em>aegritudo,</em></span> <span class='ocrx_word' id='word_1_259' title='bbox 978 2278 1136 2315; x_wconf 80' lang='lat' dir='ltr'><em>caderet</em></span> <span class='ocrx_word' id='word_1_260' title='bbox 1167 2278 1281 2315; x_wconf 84' lang='lat' dir='ltr'><em>etiam</em></span> <span class='ocrx_word' id='word_1_261' title='bbox 1314 2276 1542 2314; x_wconf 83' lang='lat' dir='ltr'><em>iracundia:</em></span> <span class='ocrx_word' id='word_1_262' title='bbox 1585 2288 1662 2326; x_wconf 85' lang='lat' dir='ltr'><em>qua</em></span> 
     </span>
     <span class='ocr_line' id='line_1_33' title="bbox 81 2344 1360 2397; baseline 0 -14"><span class='ocrx_word' id='word_1_263' title='bbox 81 2345 271 2396; x_wconf 85' lang='lat' dir='ltr'><em>quoniam</em></span> <span class='ocrx_word' id='word_1_264' title='bbox 300 2351 437 2394; x_wconf 87' lang='lat' dir='ltr'><em>vacat,</em></span> <span class='ocrx_word' id='word_1_265' title='bbox 468 2346 715 2397; x_wconf 85' lang='lat' dir='ltr'><em>aegritudine</em></span> <span class='ocrx_word' id='word_1_266' title='bbox 746 2345 861 2383; x_wconf 83' lang='lat' dir='ltr'><em>etiam</em></span> <span class='ocrx_word' id='word_1_267' title='bbox 892 2347 1064 2384; x_wconf 70' lang='lat' dir='ltr'><em>vacabit.</em></span> <span class='ocrx_word' id='word_1_268' title='bbox 1106 2360 1139 2383; x_wconf 88' lang='lat' dir='ltr'><em>c.</em></span> <span class='ocrx_word' id='word_1_269' title='bbox 1160 2349 1199 2384; x_wconf 87' lang='grc'><em>9.</em></span> <span class='ocrx_word' id='word_1_270' title='bbox 1228 2344 1360 2397; x_wconf 87' lang='grc'><strong>5.19.</strong></span> 
     </span>
    </p>

    <p class='ocr_par' dir='ltr' id='par_1_11' title="bbox 80 2409 1661 2741">
     <span class='ocr_line' id='line_1_34' title="bbox 193 2409 1661 2467; baseline -0.003 -16"><span class='ocrx_word' id='word_1_271' title='bbox 193 2415 233 2463; x_wconf 93' lang='lat' dir='ltr'><em>e)</em></span> <span class='ocrx_word' id='word_1_272' title='bbox 273 2414 431 2465; x_wconf 75' lang='lat' dir='ltr'><em>Quinta</em></span> <span class='ocrx_word' id='word_1_273' title='bbox 462 2417 783 2467; x_wconf 76' lang='lat' dir='ltr'><em>argumentatio.</em></span> <span class='ocrx_word' id='word_1_274' title='bbox 850 2415 1014 2465; x_wconf 87' lang='lat' dir='ltr'><em>Sapiens</em></span> <span class='ocrx_word' id='word_1_275' title='bbox 1054 2415 1327 2452; x_wconf 87' lang='lat' dir='ltr'><em>misericordia</em></span> <span class='ocrx_word' id='word_1_276' title='bbox 1364 2420 1402 2451; x_wconf 91' lang='lat' dir='ltr'><em>et</em></span> <span class='ocrx_word' id='word_1_277' title='bbox 1438 2409 1661 2450; x_wconf 76' lang='lat' dir='ltr'><em>invidentia</em></span> 
     </span>
     <span class='ocr_line' id='line_1_35' title="bbox 80 2479 1661 2535; baseline -0.004 -15"><span class='ocrx_word' id='word_1_278' title='bbox 80 2488 215 2532; x_wconf 80' lang='lat' dir='ltr'><em>vacat3</em></span> <span class='ocrx_word' id='word_1_279' title='bbox 254 2482 290 2520; x_wconf 88' lang='lat' dir='ltr'><em>si</em></span> <span class='ocrx_word' id='word_1_280' title='bbox 312 2496 410 2520; x_wconf 85' lang='lat' dir='ltr'><em>vero</em></span> <span class='ocrx_word' id='word_1_281' title='bbox 432 2483 589 2535; x_wconf 88' lang='lat' dir='ltr'><em>sapiens</em></span> <span class='ocrx_word' id='word_1_282' title='bbox 610 2483 653 2520; x_wconf 92' lang='lat' dir='ltr'><em>in</em></span> <span class='ocrx_word' id='word_1_283' title='bbox 677 2482 963 2534; x_wconf 83' lang='lat' dir='ltr'><em>aegritudinem</em></span> <span class='ocrx_word' id='word_1_284' title='bbox 988 2484 1166 2521; x_wconf 86' lang='lat' dir='ltr'><em>incidere</em></span> <span class='ocrx_word' id='word_1_285' title='bbox 1188 2490 1341 2534; x_wconf 88' lang='lat' dir='ltr'><em>posset,</em></span> <span class='ocrx_word' id='word_1_286' title='bbox 1380 2487 1514 2533; x_wconf 83' lang='lat' dir='ltr'><em>posset</em></span> <span class='ocrx_word' id='word_1_287' title='bbox 1545 2479 1661 2516; x_wconf 84' lang='lat' dir='ltr'><em>etiam</em></span> 
     </span>
     <span class='ocr_line' id='line_1_36' title="bbox 81 2547 1661 2603; baseline -0.003 -15"><span class='ocrx_word' id='word_1_288' title='bbox 81 2549 126 2588; x_wconf 84' lang='lat' dir='ltr'><em>in</em></span> <span class='ocrx_word' id='word_1_289' title='bbox 146 2550 477 2600; x_wconf 86' lang='lat' dir='ltr'><em>misericordiam,</em></span> <span class='ocrx_word' id='word_1_290' title='bbox 518 2565 618 2602; x_wconf 89' lang='lat' dir='ltr'><em>quae</em></span> <span class='ocrx_word' id='word_1_291' title='bbox 645 2558 703 2589; x_wconf 87' lang='lat' dir='ltr'><em>est</em></span> <span class='ocrx_word' id='word_1_292' title='bbox 729 2551 938 2603; x_wconf 86' lang='lat' dir='ltr'><em>aegritudo</em></span> <span class='ocrx_word' id='word_1_293' title='bbox 969 2566 1018 2590; x_wconf 76' lang='lat' dir='ltr'><em>ex</em></span> <span class='ocrx_word' id='word_1_294' title='bbox 1042 2552 1206 2590; x_wconf 87' lang='lat' dir='ltr'><em>alterius</em></span> <span class='ocrx_word' id='word_1_295' title='bbox 1237 2552 1356 2589; x_wconf 84' lang='lat' dir='ltr'><em>rebus</em></span> <span class='ocrx_word' id='word_1_296' title='bbox 1384 2547 1580 2593; x_wconf 72' lang='lat' dir='ltr'><em>adversis,</em></span> <span class='ocrx_word' id='word_1_297' title='bbox 1622 2551 1661 2581; x_wconf 84' lang='lat' dir='ltr'><em>et</em></span> 
     </span>
     <span class='ocr_line' id='line_1_37' title="bbox 81 2614 1661 2671; baseline -0.004 -15"><span class='ocrx_word' id='word_1_298' title='bbox 81 2617 124 2656; x_wconf 88' lang='lat' dir='ltr'><em>in</em></span> <span class='ocrx_word' id='word_1_299' title='bbox 146 2618 429 2669; x_wconf 84' lang='lat' dir='ltr'><em>invidentiam,</em></span> <span class='ocrx_word' id='word_1_300' title='bbox 462 2633 562 2671; x_wconf 87' lang='lat' dir='ltr'><em>quae</em></span> <span class='ocrx_word' id='word_1_301' title='bbox 586 2626 645 2657; x_wconf 81' lang='lat' dir='ltr'><em>est</em></span> <span class='ocrx_word' id='word_1_302' title='bbox 671 2620 881 2671; x_wconf 86' lang='lat' dir='ltr'><em>aegritudo</em></span> <span class='ocrx_word' id='word_1_303' title='bbox 914 2634 963 2658; x_wconf 76' lang='lat' dir='ltr'><em>ex</em></span> <span class='ocrx_word' id='word_1_304' title='bbox 984 2621 1151 2659; x_wconf 80' lang='lat' dir='ltr'><em>&#39;alterius</em></span> <span class='ocrx_word' id='word_1_305' title='bbox 1174 2621 1294 2658; x_wconf 87' lang='lat' dir='ltr'><em>rebus</em></span> <span class='ocrx_word' id='word_1_306' title='bbox 1320 2616 1522 2656; x_wconf 78' lang='lat' dir='ltr'><em>secundis:</em></span> <span class='ocrx_word' id='word_1_307' title='bbox 1554 2614 1661 2651; x_wconf 84' lang='lat' dir='ltr'><em>abest</em></span> 
     </span>
     <span class='ocr_line' id='line_1_38' title="bbox 84 2687 1174 2741; baseline 0.003 -16"><span class='ocrx_word' id='word_1_308' title='bbox 84 2699 176 2739; x_wconf 88' lang='lat' dir='ltr'><em>ergo</em></span> <span class='ocrx_word' id='word_1_309' title='bbox 207 2701 230 2725; x_wconf 92' lang='lat' dir='ltr'><em>a</em></span> <span class='ocrx_word' id='word_1_310' title='bbox 259 2687 437 2740; x_wconf 88' lang='lat' dir='ltr'><em>sapiente</em></span> <span class='ocrx_word' id='word_1_311' title='bbox 467 2688 689 2740; x_wconf 84' lang='lat' dir='ltr'><em>aegritudO.</em></span> <span class='ocrx_word' id='word_1_312' title='bbox 728 2687 770 2740; x_wconf 89' lang='grc'><em>5.</em></span> <span class='ocrx_word' id='word_1_313' title='bbox 790 2693 859 2727; x_wconf 81' lang='lat'><em>20.</em></span> <span class='ocrx_word' id='word_1_314' title='bbox 889 2702 921 2727; x_wconf 81' lang='lat' dir='ltr'><em>C.</em></span> <span class='ocrx_word' id='word_1_315' title='bbox 947 2693 1011 2728; x_wconf 90' lang='lat'><em>10.</em></span> <span class='ocrx_word' id='word_1_316' title='bbox 1041 2688 1082 2741; x_wconf 91' lang='grc'><em>5.</em></span> <span class='ocrx_word' id='word_1_317' title='bbox 1106 2692 1174 2728; x_wconf 81' lang='lat'><em>21.</em></span> 
     </span>
    </p>
   </div>
   <div class='ocr_carea' id='block_1_6' title="bbox 287 2802 1455 2842">
    <p class='ocr_par' dir='ltr' id='par_1_12' title="bbox 287 2802 1455 2842">
     <span class='ocr_line' id='line_1_39' title="bbox 287 2802 1455 2842; baseline -0.006 -2"><span class='ocrx_word' id='word_1_318' title='bbox 287 2802 334 2840; x_wconf 81' lang='lat' dir='ltr'><em>B·</em></span> <span class='ocrx_word' id='word_1_319' title='bbox 381 2803 537 2841; x_wconf 77' lang='lat' dir='ltr'>LATIOR</span> <span class='ocrx_word' id='word_1_320' title='bbox 567 2817 705 2841; x_wconf 86' lang='lat' dir='ltr'>TOTIUS</span> <span class='ocrx_word' id='word_1_321' title='bbox 735 2816 785 2840; x_wconf 90' lang='lat' dir='ltr'><em>DE</em></span> <span class='ocrx_word' id='word_1_322' title='bbox 813 2816 1081 2842; x_wconf 78' lang='lat' dir='ltr'>AEGRITUDINE</span> <span class='ocrx_word' id='word_1_323' title='bbox 1110 2817 1202 2841; x_wconf 87' lang='lat' dir='ltr'>LOCI</span> <span class='ocrx_word' id='word_1_324' title='bbox 1232 2811 1455 2839; x_wconf 75' lang='lat' dir='ltr'><strong>EXPOSITIO.</strong></span> 
     </span>
    </p>
   </div>
   <div class='ocr_carea' id='block_1_7' title="bbox 195 2887 1664 2943">
    <p class='ocr_par' dir='ltr' id='par_1_13' title="bbox 195 2887 1664 2943">
     <span class='ocr_line' id='line_1_40' title="bbox 195 2887 1664 2943; baseline -0.005 -13"><span class='ocrx_word' id='word_1_325' title='bbox 195 2890 265 2930; x_wconf 82' lang='lat' dir='ltr'><em>His</em></span> <span class='ocrx_word' id='word_1_326' title='bbox 293 2893 519 2932; x_wconf 88' lang='lat' dir='ltr'><em>Stoicorum</em></span> <span class='ocrx_word' id='word_1_327' title='bbox 539 2908 647 2933; x_wconf 88' lang='lat' dir='ltr'><em>more</em></span> <span class='ocrx_word' id='word_1_328' title='bbox 670 2895 897 2933; x_wconf 85' lang='lat' dir='ltr'><em>contortius</em></span> <span class='ocrx_word' id='word_1_329' title='bbox 931 2895 1148 2943; x_wconf 84' lang='lat' dir='ltr'><em>conclusis,</em></span> <span class='ocrx_word' id='word_1_330' title='bbox 1188 2898 1318 2929; x_wconf 86' lang='lat' dir='ltr'><em>totum</em></span> <span class='ocrx_word' id='word_1_331' title='bbox 1340 2889 1388 2927; x_wconf 90' lang='lat' dir='ltr'><em>de</em></span> <span class='ocrx_word' id='word_1_332' title='bbox 1416 2887 1664 2939; x_wconf 85' lang='lat' dir='ltr'><em>aegritudine</em></span> 
     </span>
    </p>
   </div>
   <div class='ocr_carea' id='block_1_8' title="bbox 86 2956 1663 3065">
    <p class='ocr_par' dir='ltr' id='par_1_14' title="bbox 86 2956 1663 3065">
     <span class='ocr_line' id='line_1_41' title="bbox 86 2956 1663 3016; baseline -0.001 -22"><span class='ocrx_word' id='word_1_333' title='bbox 86 2956 218 2995; x_wconf 89' lang='lat' dir='ltr'><em>Iocum</em></span> <span class='ocrx_word' id='word_1_334' title='bbox 237 2959 358 2999; x_wconf 80' lang='lat' dir='ltr'><em>latius</em></span> <span class='ocrx_word' id='word_1_335' title='bbox 380 2968 420 3001; x_wconf 85' lang='lat' dir='ltr'><em>et</em></span> <span class='ocrx_word' id='word_1_336' title='bbox 439 2962 624 3003; x_wconf 87' lang='lat' dir='ltr'><em>diffusius</em></span> <span class='ocrx_word' id='word_1_337' title='bbox 644 2962 918 3016; x_wconf 85' lang='lat' dir='ltr'><em>explanare-et</em></span> <span class='ocrx_word' id='word_1_338' title='bbox 938 2964 1142 3002; x_wconf 78' lang='lat' dir='ltr'><em>illustrare</em></span> <span class='ocrx_word' id='word_1_339' title='bbox 1164 2957 1408 3011; x_wconf 84' lang='lat' dir='ltr'><em>aggreditur,</em></span> <span class='ocrx_word' id='word_1_340' title='bbox 1437 2963 1486 2995; x_wconf 92' lang='lat' dir='ltr'><em>ut</em></span> <span class='ocrx_word' id='word_1_341' title='bbox 1502 2962 1663 2995; x_wconf 88' lang='lat' dir='ltr'><em>senten-</em></span> 
     </span>
     <span class='ocr_line' id='line_1_42' title="bbox 1311 3030 1337 3065; baseline 0 0"><span class='ocrx_word' id='word_1_342' title='bbox 1311 3030 1337 3065; x_wconf 85' lang='lat'>2</span> 
     </span>
    </p>
   </div>
  </div>
 </body>
</html>
