1827 3133
135 79 217 122 100

726 84 894 118 LIBER
918 85 945 119 1.
969 82 1038 125 35,
1060 82 1117 120 85.

134 169 200 211 tiis
220 167 539 222 ornamentisque
562 164 733 222 privati,
773 172 882 206 certe
897 197 908 218 ‚
940 165 974 207 si
998 166 1092 207 ante
1118 165 1425 218 occidissemus,
1457 177 1566 208 mors
1588 178 1662 208 nos
1693 180 1717 208 a

135 243 272 297 malis,
303 258 383 284 non
411 257 434 284 a
459 240 573 282 bonis
600 239 880 281 abstraxisset.

246 315 433 359 XXXV.
479 322 548 357 85.
595 312 658 356 Sit
679 314 799 369 igitur
822 313 960 369 aliquis
976 345 987 366 ,
1033 313 1097 369 qui
1123 313 1218 354 nihil
1242 314 1333 355 mali
1358 313 1525 367 habeat,
1566 313 1717 356 nullum

137 408 161 436 a
180 395 337 436 fortuna
359 391 500 431 vulnus
519 389 738 444 acceperit:
784 386 972 430 Metellus
999 388 1063 429 ille
1088 388 1291 429 honoratis
1312 395 1497 443 quattuor
1519 388 1633 442 filiis,
1679 395 1720 430 at

136 466 414 524 quinquaginta
433 463 639 514 Priamus,
687 476 708 504 e
734 463 873 517 quibus
896 463 1163 519 septendecim
1194 462 1297 503 iusta
1329 476 1459 505 uxore
1491 462 1608 505 natis.

1671 460 1720 504 In

137 552 304 597 utroque
334 539 499 582 eandem
533 538 667 579 habuit
707 538 864 578 fortuna
895 544 1155 593 potestatem,
1200 538 1271 578 sed
1301 551 1373 578 usa
1405 536 1446 578 in
1481 537 1608 579 altero
1643 544 1720 580 est.

136 616 341 658 Metellum
363 614 467 656 enim
488 613 598 654 multi
626 612 715 663 filii,
748 612 874 663 filiae,
908 619 1072 666 nepotes
1089 643 1100 663 ,
1134 618 1272 667 neptes
1298 611 1339 652 in
1362 625 1500 666 rogum
1522 611 1721 668 imposue-

138 698 254 742 runt,
293 688 495 732 Priamum
520 694 628 728 tanta
652 687 841 743 progenie
866 687 1067 738 orbatum,
1113 701 1230 742 quum
1260 686 1300 726 in
1322 699 1432 727 aram
1458 686 1719 742 confugisset,

140 765 293 807 hostilis
313 778 452 806 manus
473 762 688 804 interemit.

751 760 826 802 Hic
848 762 880 802 si
901 762 1004 803 vivis
1029 761 1118 803 filiis
1139 760 1322 803 incolumi
1344 774 1470 816 regno
1491 760 1719 812 occidisset,

521 861 579 867 —-
607 832 780 876 adstu'nte
809 852 876 889 ope
908 832 1124 884 biis-hmv'ea',

525 912 646 952 Tectis
676 908 833 950 caelatis
847 942 857 958 ,
893 910 1078 963 laqueatis
1092 928 1104 950 .·

139 1004 323 1047 mentisque]
347 1005 528 1036 Domesticis
557 1009 686 1046 spectat
719 1002 760 1033 ad
785 1004 915 1041 solatiis,

139 1053 312 1091 forensibus
325 1049 367 1082 ad
385 1052 584 1082 ornamentis.
619 1047 768 1080 Alterum
779 1048 822 1079 ad
835 1047 915 1080 'l‘ul-

142 1096 205 1127 lia·-
237 1102 400 1133 mortem,
432 1095 571 1126 alterum
603 1094 644 1125 ud
673 1093 753 1125 illud
782 1101 914 1136 tempus

145 1140 354 1173 referendum
374 1147 434 1178 est,
459 1152 536 1183 quo,
561 1139 729 1183 republica
750 1151 810 1183 per
828 1139 914 1171 Cae-

143 1199 248 1219 sarem
265 1198 434 1230 oppressu,
457 1187 607 1218 (licei-oni
630 1186 736 1218 omnis
759 1185 915 1228 adempta

144 1240 214 1265 erat
237 1232 379 1265 civitatis
399 1232 633 1275 gubernandae
657 1238 815 1275 potesta&
860 1231 913 1262 Cs.

142 1279 185 1312 ud
205 1279 295 1310 Fam.
312 1280 354 1320 V,
372 1280 430 1312 15:
458 1278 547 1321 quod
571 1278 657 1309 enim
681 1277 759 1309 mihi
783 1283 914 1319 poterut

144 1336 215 1356 esse
247 1324 433 1367 pei-sugium
465 1326 597 1364 spoliato
630 1328 655 1355 et
682 1325 857 1354 domesticis
887 1326 913 1354 et

144 1373 316 1410 forensibus
331 1373 520 1402 ornamentis
540 1374 631 1409 atque
653 1370 798 1400 solatiis?

212 1418 264 1456 qui
287 1434 332 1440 -—-
355 1418 573 1458 abstraxisset]
599 1415 725 1446 Notum
758 1420 807 1445 est
831 1412 912 1445 illud

143 1461 350 1493 attractionis
375 1472 497 1502 genus,
524 1472 589 1503 quo
616 1459 799 1491 enuntiatio
826 1459 915 1491 rela-

143 1507 211 1539 tiva
237 1508 467 1538 conformatur
493 1505 536 1538 ad
560 1505 820 1537 enuntiationem
851 1505 914 1536 sibi

144 1552 336 1584 subiectam.
380 1552 422 1584 N.
439 1552 478 1583 D.
503 1553 558 1583 Ill.
581 1552 630 1590 14,
653 1553 713 1583 323:
737 1554 790 1592 qm?
805 1563 915 1595 quon—

142 1598 207 1630 iam
228 1597 307 1641 quid
329 1597 454 1630 diceret
479 1596 618 1639 intelligi
643 1597 774 1633 noluit,
812 1597 916 1629 omit—

146 1651 261 1676 tamus.
302 1644 394 1675 lnl'ra
416 1655 443 1675 o.
456 1643 510 1681 43,
530 1646 610 1676 102:
637 1645 687 1675 cui
701 1654 800 1686 quum
814 1642 915 1687 Lysi-

145 1690 278 1722 machus
291 1709 334 1713 --
350 1689 547 1722 minaretur:
577 1688 668 1726 Istis,
695 1700 834 1732 quaeso,
860 1689 915 1720 in—

144 1735 213 1778 quit
250 1742 344 1778 (prot
381 1735 435 1778 qui
449 1761 456 1770 ,
494 1746 592 1778 quum
612 1734 668 1775 -)
701 1746 762 1778 pro
792 1735 914 1766 Flacco

143 1782 310 1820 XXXVI,
324 1781 387 1814 90:
415 1791 493 1823 ergo
512 1780 551 1817 ie,
578 1783 631 1820 qui
646 1779 670 1811 si
690 1792 780 1812 aram
800 1787 917 1812 tenens

144 1827 286 1861 inraret„
321 1826 471 1858 crederet
504 1838 622 1863 nemo,
661 1837 720 1868 per
743 1826 917 1869 epistolam

144 1872 233 1915 quod
257 1872 348 1904 volet,
373 1872 530 1904 iniuratus
555 1871 720 1915 probabit.
779 1874 915 1904 Kiihner.

145 1918 202 1949 Gr.
217 1919 254 1949 L.
279 1918 308 1961 (ᾗ.
325 1915 407 1957 145,
437 1919 486 1950 10.
508 1929 540 1960 p.
557 1918 624 1949 390
637 1929 685 1961 sq.
706 1916 758 1949 ed.
772 1920 803 1950 ζ’.
861 1919 914 1949 Sit*

145 1963 275 1995 Graeci.
322 1964 422 1995 [socr.
447 1963 489 1995 de
516 1964 599 1995 Pace
626 1975 652 1993 c.
685 1963 740 1995 lii:
769 1960 914 2006 α’,ἷτεμᾶ-

145 2011 239 2047 λους,
265 2006 331 2046 οἷς
351 2005 474 2042 ὁπόταν
496 2021 546 2045 τις
567 2009 701 2042 πλείω-ια
725 2007 847 2051 picei»
867 2012 915 2044 δ’.-

144 2054 216 2098 δῷ,
253 2051 325 2096 μετ’
347 2053 482 2087 ἐκείνων
514 2050 566 2097 ἐφ’
597 2051 692 2096 τῖμᾶς
724 2051 914 2088 ἀκολου-

145 2097 353 2142 ἓήσουσι.
411 2101 448 2130 V.
477 2110 539 2131 nos
571 2098 603 2130 in
637 2099 693 2131 Gr.
720 2100 776 2131 Gr.
809 2100 913 2134 schol.

145 2145 173 2189 ς.
188 2146 274 2183 532,
300 2145 332 2177 9.
360 2155 391 2185 p.
407 2143 484 2177 470.
510 2143 562 2176 ed.
577 2147 609 2176 ζ).

213 2190 291 2222 Cap,
312 2190 460 2221 XXXV.
485 2191 540 2223 δὴ.
577 2190 737 2223 honoratis
770 2195 917 2230 quattuor

144 2237 233 2280 filiis]
266 2235 337 2267 Fin.
360 2236 400 2267 V.
421 2235 475 2273 27,
495 2234 557 2268 b2:
595 2235 635 2274 Q.
661 2235 814 2268 Metellus
846 2243 914 2268 tres

144 2281 229 2314 filios
253 2280 403 2314 consules
426 2279 531 2317 vidit,
558 2292 575 2311 e
599 2280 716 2323 quibus
739 2293 838 2313 unum
861 2289 913 2314 et-

100 2363 103 2366 ,
143 2327 209 2360 iam
230 2333 264 2359 et
279 2338 447 2359 censorem
469 2332 502 2357 et
524 2326 796 2369 triumphantrm,
813 2339 915 2372 quar-

143 2380 214 2405 tum
245 2379 357 2405 autem
387 2378 589 2415 praetorem.
639 2372 831 2405 Lectionem
861 2375 915 2406 ho-

142 2421 264 2452 noratis
285 2429 347 2461 pro
367 2418 454 2460 vulg.
475 2419 644 2449 honoratus
666 2420 800 2450 Oreltius
823 2418 916 2450 dedit

146 2476 186 2496 ex
201 2464 327 2508 optima
343 2463 531 2496 coniectura
545 2464 684 2496 Bentleii.
706 2475 789 2506 quae
800 2471 916 2496 aucto-

141 2510 245 2543 ritate
268 2508 542 2554 praestantissimi
570 2507 643 2540 cod.
670 2508 755 2541 Gud.
777 2511 803 2541 Ι.
828 2510 916 2542 alio-

145 2567 282 2600 rumque
304 2556 463 2588 firmatur.
501 2554 656 2586 Metellus
678 2554 734 2585 ille
755 2555 833 2587 satis
856 2567 916 2599 per

147 2613 182 2634 se
200 2602 384 2634 honoratus
404 2600 478 2639 fuit,
504 2598 629 2632 etiamsi
651 2599 758 2631 nullos
778 2600 916 2632 habuis—

146 2654 197 2680 set
228 2647 333 2687 filios,
368 2658 476 2691 neque
504 2645 605 2678 latine
628 2643 748 2677 dicitur
768 2647 916 2678 honorari

144 2695 239 2735 filiis,
261 2693 318 2725 sed
345 2691 479 2736 proprie
501 2698 615 2724 contra
639 2690 760 2723 dicitur
783 2694 916 2724 honora-

145 2743 212 2780 tus,
250 2739 307 2782 qui
327 2737 508 2771 honoribus
533 2737 666 2770 functus
698 2743 760 2768 est.
811 2736 914 2768 Abla-

144 2784 203 2816 tivi
222 2787 384 2818 honoratis
412 2788 561 2826 quattuor
582 2785 658 2825 filiis
690 2789 724 2815 et
753 2786 915 2824 quinqua-

141 2832 230 2870 qinta
251 2832 352 2874 (filiis)
373 2836 451 2863 sunt
472 2829 609 2862 ablativi
629 2827 683 2872 qui
704 2828 916 2872 appellantur

143 2875 338 2916 qualitativi.
387 2877 542 2909 Ceterum
561 2874 661 2908 facile
677 2873 793 2918 aliquis
808 2885 913 2918 quae-

143 2925 216 2955 rat,
265 2933 322 2954 cur
352 2921 483 2955 Metelli
516 2920 703 2965 exemplum
737 2919 804 2953 hoc
834 2919 911 2952 loco

142 2975 161 2995 a
185 2963 345 2999 Cicerone
366 2968 504 3000 allatum
533 2967 588 3000 sit.
637 2965 791 2998 Metellus
822 2965 911 2998 enim

142 3019 244 3053 usque
268 3011 312 3043 ad
331 3020 475 3046 mortem
495 3013 637 3046 maxima
658 3024 743 3057 quae
772 3011 802 3044 ei
825 3023 910 3044 con-

949 1001 1025 1043 tigit
1047 1000 1210 1033 felicitate
1224 999 1470 1044 perfruebatnr.
1490 998 1634 1033 'Scilicet
1647 1011 1723 1033 sen·

950 1047 1074 1079 tentiae
1093 1047 1138 1079 itu
1165 1046 1254 1078 inter
1275 1057 1311 1078 se
1332 1046 1530 1078 cohaerent:
1577 1046 1613 1078 Si
1639 1046 1723 1090 quis,

949 1093 1054 1137 inquit
1079 1093 1214 1131 Cicero,
1239 1091 1318 1124 mihi
1340 1091 1483 1124 obiicere
1501 1090 1603 1132 velit,
1627 1103 1723 1124 mor—

949 1146 1016 1171 tem
1052 1138 1178 1171 idcirco
1213 1137 1246 1169 in
1281 1137 1376 1170 malis
1407 1148 1478 1169 esse
1510 1137 1722 1177 censendam,

950 1184 1040 1229 quod
1075 1196 1113 1217 ea
1137 1183 1288 1217 omnibus
1323 1183 1382 1223 iis,
1419 1194 1504 1227 quae
1531 1189 1610 1216 sunt
1633 1183 1724 1216 bona

949 1231 982 1262 in
1005 1229 1094 1269 vita,
1131 1230 1318 1274 privamur:
1345 1228 1552 1272 respondeo,
1578 1236 1723 1262 mortem

948 1289 966 1308 a
982 1276 1075 1308 malis
1096 1288 1156 1308 nos
1177 1274 1354 1314 abducere,
1375 1285 1444 1307 non
1464 1285 1483 1306 a
1503 1273 1610 1307 bonis.
1636 1275 1723 1307 Nam

950 1321 1016 1353 ritu
1040 1321 1182 1353 humana
1204 1321 1330 1353 referta
1353 1327 1404 1352 est
1427 1319 1721 1353 innumerabilibus

948 1367 1180 1400 incommodis.
1235 1369 1279 1398 At
1298 1365 1530 1405 concedamus,
1556 1378 1639 1406 esse,
1664 1365 1722 1410 qui

949 1413 1031 1445 nihil
1064 1413 1142 1445 muli
1178 1412 1340 1452 habeant,
1377 1411 1503 1444 nullum
1535 1423 1553 1444 a
1586 1412 1723 1445 fortuna

951 1460 1066 1491 vulnus
1091 1457 1299 1501 acceperint:
1341 1463 1374 1489 et
1399 1457 1462 1489 hac
1484 1456 1618 1501 quidem
1641 1456 1720 1489 feli-

951 1505 1051 1537 citate
1076 1517 1150 1537 usus
1177 1511 1228 1536 est
1251 1506 1410 1536 Metellus:
1433 1510 1469 1535 at
1500 1503 1583 1536 tales
1609 1504 1724 1536 fortu-

950 1551 1019 1582 nuti
1051 1550 1201 1582 homines
1230 1555 1308 1581 sunt
1339 1548 1544 1592 paucissimi:
1581 1548 1621 1581 iis
1656 1560 1724 1593 op—

950 1597 1028 1639 poni
1048 1603 1188 1640 possunt
1211 1594 1305 1627 multi
1328 1594 1499 1634 homines,
1525 1594 1602 1646 qui,
1625 1601 1724 1627 antea

950 1642 981 1674 in
1004 1643 1100 1674 robus
1120 1640 1360 1674 florentissimis
1382 1640 1558 1680 collocati,
1584 1640 1725 1684 posthac

950 1688 1098 1720 maximis
1130 1687 1245 1730 agitati
1276 1692 1354 1718 sunt
1389 1685 1652 1727 calamitatibus,
1687 1692 1724 1719 ut

950 1734 1108 1766 Priamus.
1134 1733 1234 1776 Ergo,
1254 1731 1281 1763 si
1295 1731 1483 1764 discesseris
1499 1744 1518 1764 n
1535 1731 1647 1776 paucis
1659 1731 1723 1764 illis

951 1779 1142 1820 fortunatis,
1160 1777 1376 1811 certissimum
1392 1778 1471 1821 poni
1488 1784 1614 1822 potest,
1632 1789 1724 1810 mor-

949 1832 1017 1857 tem
1037 1837 1096 1857 nos
1117 1837 1135 1857 a
1154 1824 1266 1864 malis,
1293 1835 1361 1855 non
1385 1836 1403 1855 a
1426 1823 1522 1856 bonis
1544 1822 1722 1859 abducere.

1017 1872 1114 1915 natis]
1142 1870 1313 1902 Ablativus
1338 1871 1422 1901 natis
1444 1868 1640 1902 referendus
1671 1876 1723 1902 est

950 1916 992 1949 ad
1015 1916 1250 1949 antecedentes
1273 1914 1437 1947 ablativos
1459 1916 1619 1948 honoratis
1638 1925 1668 1956 q.
1683 1917 1723 1957 fi-

947 1965 997 1995 tiis
1019 1969 1051 1993 ct
1073 1965 1244 2004 quinquay.
1267 1967 1300 1993 et
1321 1971 1336 1994 e
1355 1962 1467 2002 quibus
1489 1959 1580 2004 quasi
1601 1971 1664 2004 pro
1683 1970 1724 1994 ex

947 2012 1050 2049 eisque
1073 2008 1197 2040 dictum
1221 2013 1282 2040 est.

1016 2057 1048 2086 in
1074 2053 1182 2098 aram]
1208 2051 1296 2086 lovis
1320 2051 1455 2084 Hercei.

1018 2102 1137 2132 hostilis
1162 2100 1289 2141 manus]
1326 2097 1447 2142 Pyrrhi
1474 2108 1535 2130 sen
1562 2097 1724 2142 Neopto—

950 2145 1045 2183 lemi,
1082 2145 1219 2177 Achillis
1244 2143 1311 2176 filii.
1360 2143 1583 2176 Pulcherrima
1601 2143 1724 2176 Priami

951 2191 1086 2222 caedem
1109 2190 1286 2234 descripsit
1307 2189 1404 2222 Maro
1425 2193 1508 2222 Aen.
1526 2190 1569 2223 Il.
1585 2189 1653 2222 550
1673 2200 1726 2234 sq.

1018 2238 1177 2278 adstrmtej
1214 2236 1257 2267 Hi
1279 2235 1336 2278 (cf.
1356 2236 1414 2267 111.
1435 2234 1497 2278 19,
1521 2232 1591 2279 44.)
1613 2240 1647 2267 et
1666 2246 1733 2278 se-3

952 2289 1090 2324 quentes
1112 2283 1168 2323 ges.
1189 2282 1231 2313 de
1252 2283 1343 2313 Orat.
1354 2281 1415 2314 ¹111.
1432 2278 1496 2321 58,
1525 2279 1618 2323 217.)
1643 2286 1734 2315 ver-l

949 2338 1003 2358 sus
1034 2326 1132 2370 petiti
1158 2333 1235 2359 sunt
1270 2337 1311 2358 ex
1345 2324 1443 2357 Ennii
1476 2325 1724 2360 Andromacha.

950 2374 1034 2404 Sunt
1055 2379 1166 2405 autem
1186 2370 1389 2416 anapaestici
1406 2370 1550 2403 dimetri.
1735 2367 1739 2371 ¹

1017 2429 1072 2459 ope
1103 2419 1285 2461 barbarica]
1322 2416 1436 2460 Virgil.
1463 2420 1546 2449 Aen.
1574 2418 1616 2450 11.
1634 2414 1722 2452 504:

949 2466 1146 2504 „Barbarico
1168 2471 1281 2508 postes
1305 2473 1385 2495 auro
1401 2464 1570 2504 spoliisque
1590 2463 1725 2507 superbi

949 2510 1195 2542 Procubuere.“
1250 2511 1427 2542 Barbarica
1451 2507 1485 2541 h.
1512 2519 1540 2540 e.
1569 2508 1726 2554 Phrygia,

950 2555 997 2586 uti
1027 2562 1116 2587 certe
1141 2555 1286 2599 explicat
1310 2553 1442 2588 Servius
1469 2553 1513 2587 ad
1537 2553 1629 2598 Virg.
1644 2555 1666 2588 l.
1688 2554 1724 2589 d.

948 2601 1016 2639 πᾶς
1034 2597 1224 2644 μή’“Έλλην
1240 2600 1428 2646 βάρβαρος;
1451 2611 1527 2633 nam
1545 2607 1580 2632 et
1595 2601 1724 2634 Home*-

950 2657 1002 2678 rus
1028 2647 1175 2690 Phryges
1199 2647 1358 2679 barbaros
1381 2645 1541 2688 appellat.

1017 2695 1102 2724 tectis
1121 2695 1262 2732 caelatis,
1283 2693 1453 2733 laqueatis]
1481 2693 1572 2724 Tecta
1589 2692 1724 2732 caelata,

950 2736 1066 2780 quibus
1098 2737 1191 2780 signa
1225 2743 1297 2768 arte
1319 2736 1445 2778 illigata
1466 2743 1564 2777 sunt,
1601 2743 1638 2768 ut
1667 2744 1724 2769 aut

946 2788 1039 2821 tota,
1074 2789 1131 2814 aut
1164 2781 1336 2814 dimidiata
1365 2780 1542 2813 emineant.
1597 2781 1639 2814 V.
1663 2783 1725 2816 Er-

947 2830 1037 2860 nestii
1063 2827 1153 2860 Clav.
1178 2840 1209 2859 v.
1233 2829 1382 2860 caelatus.
1443 2828 1535 2860 Tecta
1562 2828 1723 2868 laqueata,

946 2873 1000 2905 vel
1024 2875 1191 2914 laquearia
1224 2873 1278 2904 vel
1300 2875 1470 2906 lacunaria
1490 2871 1724 2916 intelliguntur

944 2918 1185 2958 tricliniorum,
1218 2917 1444 2951 cubiculorum
1466 2924 1567 2950 tecta.
1614 2919 1722 2952 Lacu*-

943 2975 1005 2997 nar
1021 2964 1109 2997 enim
1127 2961 1455 3008 (ἕταεοο-φάτνωμα)
1475 2963 1597 2997 dicitur
1612 2963 1722 2996 inter—

943 3010 1070 3043 stitium
1085 3010 1253 3053 tignorum
1275 3010 1309 3042 in
1327 3009 1421 3043 caelo
1438 3011 1493 3056 (an
1511 3009 1572 3043 der
1589 3008 1717 3052 Decke)

1675 3080 1687 3100 Ι
