1843 3101
165 85 250 129 200

169 175 312 218 culcita
345 176 524 232 plumea,
566 174 766 232 psaltriam
798 175 1062 227 adducamus,
1103 175 1239 216 demus
1266 173 1530 230 hedychrum,
1561 172 1742 215 intenda-

168 265 255 292 mus
282 251 482 292 scutellam
514 250 728 291 dulciculae
759 233 952 306 potionis,
1005 249 1147 304 aliquid
1172 248 1376 291 videamus
1409 255 1449 289 et
1477 247 1568 290 cibi.
1630 246 1742 289 Haec

168 325 324 366 tandem
349 325 451 365 bona
474 331 590 376 sunt,
624 324 762 379 quibus
786 323 1052 379 aegritudines
1071 323 1330 378 gravissimae
1351 322 1626 363 detrahantur!
1678 321 1742 362 Tu

170 399 273 440 enim
316 398 444 454 paullo
481 405 570 439 ante
606 411 654 439 ne
686 398 908 454 intelligere
942 405 982 438 te
1017 397 1171 452 quidem
1204 397 1280 438 alia
1317 397 1394 437 ulla
1426 397 1599 438 dicebas.
1661 395 1744 437 Re-

168 473 303 514 vocari
334 473 453 527 igitur
483 479 664 528 oportere
697 486 719 513 a
746 486 926 513 maerore
961 472 1008 513 ad
1033 471 1310 526 cogitationem
1335 471 1549 523 bonorum,
1598 484 1744 525 conve-

740 94 908 129 LIBER
930 95 990 128 111.
1014 93 1082 136 20,
1104 91 1160 128 47.

169 546 274 587 niret
301 546 393 587 mihi
425 560 510 587 cum
542 545 743 601 Epicuro,
778 546 834 598 si,
869 546 958 600 quid
990 553 1096 586 esset
1126 545 1297 596 bonum,
1330 546 1576 586 conveniret.
1608 564 1613 580 ε

281 618 383 661 XX.
430 619 548 661 Dicet
580 620 743 675 aliquis:

172 694 344 735 voluisse
368 701 436 735 aut
462 694 691 735 libidinosas
720 695 802 735 eius
829 694 949 735 fuisse
976 694 1221 735 sententias?
1253 717 1308 724 —-
1339 692 1425 748 Ego
1450 707 1546 734 vero
1570 692 1745 733 minime.

790 618 919 674 Quid?
962 634 1055 675 ergo
1092 627 1131 660 tu
1164 619 1375 674 Epicurum
1398 619 1643 660 existimabis
1671 618 1747 659 ista

169 766 299 810 Video
323 768 426 808 enim
456 768 503 808 ab
537 768 679 809 codici
712 769 830 809 multa
860 782 1026 820 severe,
1076 769 1194 808 multa
1218 768 1435 823 praeclare.
1497 765 1660 821 ltaque,
1706 773 1749 806 ut

171 855 289 898 saepe
327 843 433 895 dixi,
485 844 531 885 de
570 844 748 885 acumine
781 844 908 898 agitur
941 843 1049 893 eius,
1097 857 1177 882 non
1211 843 1257 882 ‹le
1291 841 1479 882 moribus.
1556 839 1748 894 Quamvis

171 923 332 972 spernat
355 918 574 973 voluptates
607 932 697 968 eas,
745 931 840 972 quas
872 917 985 956 modo
1011 916 1204 967 laudavit3
1253 929 1326 969 ego
1357 923 1486 956 tamen
1513 915 1747 965 meminero,

172 991 275 1045 quod
297 991 476 1032 videatur
502 992 535 1032 ei
563 1006 751 1031 summum
775 990 934 1029 bonum.
997 988 1091 1029 Non
1119 989 1221 1030 enim
1243 989 1366 1029 verbo
1387 989 1509 1029 solum
1531 988 1662 1043 posuit
1682 1002 1752 1028 vo-

171 1064 382 1119 luptatem,
417 1066 485 1106 sed
508 1065 761 1120 explanavit,
797 1064 884 1118 quid
906 1064 1068 1104 diceret.
1134 1061 1388 1118 „Saporem,
1422 1062 1568 1117 inquit,
1603 1069 1643 1102 et
1663 1075 1750 1102 cor-

172 1151 309 1193 porum
335 1140 609 1195 complexnm,
657 1147 695 1180 et
727 1139 837 1179 ludos
874 1144 987 1192 atque
1021 1145 1182 1189 cantus,
1230 1144 1268 1178 et
1295 1138 1439 1177 formas
1473 1150 1567 1188 eas,
1613 1136 1751 1191 quibus
1795 1184 1796 1187 Ἴ

173 1213 275 1253 oculi
301 1213 467 1254 iucunde
497 1208 812 1255 moveantnrf‘*
846 1211 952 1253 Num
990 1212 1122 1266 lingo?
1163 1226 1253 1251 num
1283 1210 1479 1251 mentior?
1537 1208 1664 1266 Cupio
1688 1224 1751 1252 re-

174 1286 269 1327 felli.

174 1361 262 1401 tur?
317 1366 387 1403 47.
421 1361 477 1402 At
497 1362 597 1401 idem
621 1362 688 1411 ait,
718 1375 794 1400 non
817 1373 998 1400 crescere
1017 1360 1254 1414 voluptatem
1276 1359 1409 1399 dolore
1429 1359 1621 1409 detracto,
1648 1373 1753 1399 snm-

333 1286 436 1340 Quid
464 1288 564 1328 enim
588 1288 723 1328 laboro
739 1318 749 1338 ,
799 1286 872 1326 nisi
897 1293 937 1325 ut
959 1286 1107 1326 veritas
1129 1286 1168 1325 in
1197 1285 1299 1325 omni
1325 1285 1554 1339 quaestione
1579 1285 1752 1340 explice-

172 1448 353 1489 mamque
374 1435 612 1489 voluptatem
645 1435 738 1474 nihil
763 1434 910 1474 dolere.
973 1432 1115 1474 Paucis
1140 1433 1272 1473 verbis
1308 1433 1381 1473 tria
1408 1447 1548 1488 magna
1574 1439 1750 1488 peccata.

178 1506 304 1549 Unum
322 1540 333 1560 ,
381 1510 480 1563 quod
510 1524 641 1550 secum
667 1509 748 1564 ipse
771 1516 930 1564 pugnat.
992 1507 1116 1548 Modo
1139 1507 1265 1557 enim,
1315 1521 1363 1547 ne
1386 1507 1575 1562 suspicari
1599 1508 1753 1562 quidem

176 1595 221 1623 se
244 1582 448 1637 quicquam
471 1583 642 1635 bonum,
691 1584 766 1624 nisi
792 1598 934 1624 sensus
960 1582 1068 1637 quasi
1095 1581 1346 1622 titillarentur
1379 1582 1607 1637 voluptate,
1651 1595 1754 1622 nunc

175 1663 305 1697 autem
328 1671 517 1698 summam
541 1658 779 1713 voluptatem
816 1671 903 1698 esse
932 1656 1065 1696 dolore
1091 1670 1244 1696 carere.
1306 1654 1498 1696 Potestne
1531 1655 1654 1709 magis
1691 1669 1755 1696 se-

174 1744 262 1771 cum
286 1731 370 1786 ipse
395 1733 596 1787 pugnare?
654 1730 835 1789 Alterum
862 1738 1087 1786 peccatum,
1134 1730 1260 1785 quod,
1306 1744 1421 1783 quum
1449 1729 1489 1769 in
1516 1737 1654 1769 natura
1679 1729 1755 1770 tria

174 1805 279 1859 sint,
322 1821 440 1847 unum
464 1806 636 1860 gaudere
653 1837 663 1856 ,
697 1806 859 1846 alterum
884 1805 1017 1845 dolere.
1033 1836 1043 1855 ,
1078 1805 1235 1845 tertium
1260 1817 1332 1843 nec
1357 1803 1552 1857 gaudere,
1587 1817 1659 1843 nec
1686 1804 1753 1843 ‹lo-

175 1895 329 1929 rietatem
352 1909 532 1936 sonorum,
558 1908 641 1941 quae
667 1898 802 1928 melodia
826 1895 944 1939 appel-

176 1941 285 1981 latur,
309 1949 345 1974 ut
367 1944 413 1975 ait
432 1946 556 1976 Schlllz.
577 1943 611 1974 in
632 1943 712 1974 Lex.
738 1942 843 1974 Cicer.
865 1942 898 1973 11.
914 1953 945 1974 v.

179 1986 231 2019 Cf.
255 1987 298 2019 ad
323 1990 347 2020 Ι.
372 1987 435 2028 44,
459 1989 531 2021 loo.

249 2033 451 2076 hedychrum]
478 2035 693 2075 Unguentum
716 2039 797 2065 erat.
843 2032 947 2064 Dios-

177 2076 307 2110 condes
332 2078 354 2109 l
379 2091 406 2110 c.
423 2079 485 2112 61:
523 2079 595 2112 Καὶ
616 2078 653 2113 τὲ
677 2075 821 2120 κίκομ-
812 2090 879 2112 σε)
908 2077 945 2113 δε

175 2120 411 2177 ηδύχροω,
429 2136 486 2158 oz:
475 2127 571 2165 υαζε
565 2123 619 2167 'uz
621 2137 654 2158 20
657 2124 727 2158 261:
745 2123 864 2167 ἐιΚῷ
883 2125 946 2166 τῆς

177 2165 286 2209 αυτῆς
307 2168 420 2213 ἔχεται
440 2168 618 2212 amaneu&
635 2181 670 2202 τι·
658 2169 745 2203 καὶ
763 2181 823 2202 σκε
827 2170 948 2207 αασίις

177 2213 228 2258 τῷ
245 2211 396 2256 αμαρτκκί
398 2226 463 2258 ωῳ·
487 2201 595 2249 simo-5
599 2226 674 2248 τῖες
679 2214 798 2249 0-›6'27
787 2214 935 2258 a-(ysssazv.

244 2261 366 2300 aliquid
389 2261 552 2292 videamus
586 2265 612 2291 et
635 2260 708 2303 cibi]
745 2260 809 2292 Alii
833 2261 948 2303 legunt

180 2316 220 2337 ex
242 2304 441 2348 glossemate
461 2307 695 2345 provideamus.
743 2309 787 2337 At
808 2306 947 2349 simplex

180 2361 312 2394 quoque
333 2350 397 2382 hae
418 2349 451 2382 vi
474 2361 709 2393 nonnunquam
732 2351 877 2393 ponitur.
905 2352 947 2382 ad

177 2395 280 2428 Attio.
301 2396 351 2434 V,
376 2396 410 2428 l:
446 2401 483 2427 ut
505 2395 679 2438 prandium
701 2396 795 2426 nobis
821 2399 947 2428 videret.

176 2441 263 2473 Ibid.
274 2442 354 2483 XII,
368 2442 409 2474 21
424 2452 430 2472 τ
448 2440 567 2472 talaria
580 2443 754 2472 videamus.
769 2441 810 2471 ad
822 2442 947 2473 Famm.

176 2487 251 2518 VII.
273 2487 337 2526 20,
358 2487 397 2518 2:
423 2486 482 2518 sed
505 2486 630 2518 valebis
653 2497 789 2527 meaque
813 2487 948 2529 negotia

175 2534 305 2564 videbis.
352 2531 509 2564 Similiter
533 2532 621 2563 infra
648 2532 703 2562 IV.
730 2531 790 2569 17,
816 2532 879 2564 ὂὸῑ
912 2538 947 2562 ut

178 2588 308 2620 semper
331 2579 438 2610 videat
467 2577 579 2609 sedem
602 2576 663 2608 sibi
685 2588 724 2607 ac
748 2576 856 2607 locum
878 2577 948 2607 sine

176 2622 331 2654 molestia
352 2630 450 2667 atque
469 2634 593 2666 angore
613 2621 758 2654 vivendi.
808 2622 858 2652 Cf.
883 2633 949 2653 no-

176 2673 281 2700 strum
295 2671 360 2701 sich
371 2671 452 2701 nach
465 2672 570 2701 Encas
584 2670 737 2700 umsehen.
763 2667 816 2698 Sic
832 2678 949 2709 graece

177 2725 414 2767 nonnunquam
448 2713 557 2755 &eim
602 2712 773 2746 Theociit.
793 2713 879 2749 XV,
905 2714 946 2731 '-

178 2754 260 2801 ὄρη
287 2759 422 2802 δίφρον,
460 2757 598 2798 Εὕνόα,
638 2755 724 2802 αυτᾷ
759 2757 842 2800 (sieh
871 2757 948 2788 dich

176 2804 262 2836 nach
283 2805 389 2837 einem
409 2805 525 2836 Stuhle
555 2805 609 2837 ft'u
639 2805 686 2836 sie
716 2803 796 2846 um).
844 2803 893 2834 De
921 2806 948 2835 et

116 2848 127 2858 ⁰
178 2860 240 2891 pro
261 2852 356 2882 eliam
376 2862 406 2882 v.
431 2850 473 2882 ad
493 2852 550 2886 ΙΙΙ,
572 2850 633 2890 13,
655 2850 710 2883 28.

251 2896 494 2939 detrahanturl]
530 2895 702 2928 Sententia
728 2893 854 2927 ironice
887 2905 945 2925 ex-

178 2948 290 2980 pressa
319 2948 379 2972 est.

245 2983 324 3017 CAP.
340 2987 423 3018 XX.
443 2983 498 3020 47.
520 2989 612 3027 quasi
627 2985 841 3030 titillarentur]
857 2987 948 3018 Benl-

981 1897 1057 1927 letus
1089 1895 1131 1927 ob
1164 1894 1365 1927 latinitatem
1396 1893 1572 1936 legendum
1594 1899 1690 1936 putat
1713 1896 1751 1925 ti-

979 1944 1125 1973 lillenlitr
1173 1942 1277 1971 Immo
1302 1951 1381 1971 vero
1414 1939 1559 1971 litinitas
1589 1939 1753 1981 efflagitat

981 1987 1235 2030 impeifectum3
1264 1998 1338 2017 nam
1360 1985 1402 2017 ad
1421 1998 1452 2017 v.
1475 1987 1568 2018 ‘modo
1588 1986 1751 2044 supphn-

982 2032 1059 2063 dum
1081 2039 1131 2063 ‹st
1152 2034 1284 2064 (licebat.
1333 2031 1385 2063 Cf.
1412 2028 1578 2074 §.41.41.
1597 2028 1651 2065 46.
1701 2032 1751 2062 De
1776 2054 1779 2059 .

982 2079 1084 2110 verbo
1115 2079 1264 2109 alinandi
1290 2077 1335 2109 cf.
1356 2077 1397 2109 N.
1418 2078 1457 2108 D.
1475 2077 1500 2108 Ι.
1519 2074 1583 2115 40,
1602 2076 1684 2109 113:
1717 2082 1752 2107 at

981 2123 1039 2154 has
1077 2123 1216 2154 leviores
1257 2123 1337 2154 (licis
1379 2122 1589 2164 voluptates,
1637 2121 1753 2165 quibus

981 2169 1072 2212 qnasi
1096 2171 1230 2200 titillatio
1252 2168 1397 2212 (Epicuri
1421 2167 1508 2199 enim
1533 2167 1597 2198 hoc
1617 2167 1753 2198 verbum

982 2215 1045 2249 esti
1071 2214 1247 2245 adhibetur
1269 2214 1426 2245 sensibus.
1465 2214 1537 2244 Cat.
1559 2212 1638 2244 Mai.
1659 2213 1752 2251 XIV,

982 2258 1014 2291 4.
1042 2260 1113 2290 Fin.
1133 2261 1156 2290 l.
1180 2261 1227 2298 ll,
1248 2260 1303 2293 3¹).
1329 2266 1378 2291 est
1400 2258 1530 2301 Epicuri
1547 2257 1751 2301 γαργαλίζω,

982 2302 1224 2348 γαργαλισμός.
1272 2307 1371 2344 Quasi
1392 2303 1523 2346 mitigat
1551 2303 1754 2335 insolentio-

982 2363 1052 2382 rem
1077 2362 1167 2381 usum
1194 2350 1284 2382 verbi
1309 2351 1468 2381 alinandi.

1053 2407 1123 2428 cum
1148 2398 1351 2437 quibusdam]
1381 2394 1599 2438 philosophis.

1049 2443 1152 2481 quod,
1175 2452 1272 2481 quum
1293 2460 1338 2465 —
1361 2444 1523 2481 expetatur
1544 2459 1588 2463 —-
1611 2439 1753 2479 quaesita

982 2490 1041 2527 sil,
1065 2506 1108 2510 -
1132 2488 1307 2528 separavit]
1344 2487 1369 2517 E
1396 2484 1523 2527 vulgari
1552 2483 1645 2515 latini
1678 2494 1753 2514 ser—

982 2532 1090 2563 monis
1127 2531 1365 2563 consuetudine
1399 2535 1570 2573 exspectes
1598 2532 1753 2568 expelere-

983 2581 1033 2608 τω·
1055 2595 1100 2601 —
1122 2579 1263 2617 quaesita
1293 2579 1378 2608 esset.
1426 2579 1467 2606 At
1497 2576 1657 2614 separavit
1685 2585 1753 2605 uon

984 2622 1170 2663 perfectum
1206 2622 1294 2664 quod
1323 2620 1444 2652 dicitur
1472 2619 1665 2651 historicum
1691 2625 1753 2658 est,

983 2666 1043 2697 sed
1063 2667 1247 2709 perfectum
1281 2677 1456 2708 praeseus,
1496 2665 1544 2696 uti
1570 2664 1755 2696 luculenter

983 2719 1122 2753 apparet
1147 2723 1186 2743 ex
1209 2710 1483 2742 antecedentibus
1506 2714 1618 2751 putat,
1642 2711 1755 2742 distin-

983 2759 1049 2797 9nit
1072 2763 1107 2788 et
1131 2768 1199 2799 seq.
1223 2758 1344 2787 laudat.

1051 2799 1106 2834 45.
1135 2804 1173 2833 Et,
1187 2802 1326 2845 attidem]
1350 2803 1390 2833 Et
1409 2803 1534 2841 quidem
1553 2800 1589 2833 in
1608 2811 1754 2844 respon-

983 2846 1094 2878 dendo
1124 2853 1312 2890 ponuntur,
1347 2852 1380 2878 et
1414 2846 1478 2878 hoc
1509 2846 1642 2890 quidem
1676 2846 1752 2878 loco

983 2899 1056 2924 cum
1076 2892 1227 2924 irrisione.
1247 2891 1399 2936 quadam,
1424 2898 1461 2923 ut
1480 2892 1564 2924 haec
1582 2891 1662 2924 insit
1679 2902 1753 2922 sen-

982 2938 1107 2970 tentia:
1143 2943 1170 2970 et
1196 2940 1324 2979 pulchre
1354 2939 1478 2978 quidem
1500 2948 1624 2978 mones,
1658 2938 1754 2969 eliam

985 2986 1019 3017 G.
1040 2986 1208 3017 Gracchus.
1253 2983 1444 3027 Comparari
1464 2989 1604 3027 possunt
1622 2982 1754 3015 formu-
