1859 3117
1604 37 1680 81 131

1037 125 1102 167 Ad
1126 139 1240 181 quam
1261 138 1334 166 nos
1356 126 1681 170 consuetudinem

96 214 120 252 a
141 199 400 241 familiaribus
429 198 576 240 nostris
599 198 754 239 adducti
777 198 818 239 in
845 198 1074 241 Tusculano
1090 231 1101 251 ,
1143 200 1246 255 quod
1277 200 1408 241 datum
1441 206 1504 241 est
1530 206 1681 257 tempo-

96 274 152 317 ris
186 275 324 326 nobis,
371 273 413 315 iu
449 287 498 314 eo
536 272 864 328 consumpsimus.

199 70 212 86 ,
655 44 825 77 Lmen
849 45 891 77 11.
917 43 958 87 4,
985 44 1119 79 10.11.

97 131 307 183 praecepta
328 125 486 167 tradere
500 156 511 177 ,
544 124 622 165 alio
640 123 974 180 philosophorum.

935 271 1073 328 Itaque
1108 289 1225 330 quum
1262 282 1353 317 ante
1380 274 1586 316 meridiem
1619 274 1680 316 di·-

95 349 217 407 ctioni
248 361 408 405 operam
445 347 715 398 dedissemus,
746 347 874 388 ‘sicui
903 347 1027 403 pridie
1068 349 1313 400 feceramus,
1358 357 1446 405 post
1474 350 1681 393 meridiem

95 422 137 465 in
156 422 411 476 Academiam
435 422 723 463 descendimus.
770 419 817 462 In
842 436 918 477 qua
944 422 1248 477 disputationem
1270 423 1440 466 habitam
1463 410 1543 466 non
1568 426 1682 481 quasi

95 503 303 539 narrantes
327 497 584 552 exponimus,
617 496 688 538 sed
718 496 865 537 eisdem
898 497 981 538 sere
1007 496 1167 549 verbis,
1202 505 1244 539 ut
1271 506 1400 540 actum
1423 499 1680 555 disputatum-

94 585 170 626 que
201 577 276 612 est.

207 645 283 689 IV.

95 720 208 762 nobis
239 720 441 762 institutus
483 727 524 761 et
563 734 586 760 a
625 719 688 760 tali
725 720 892 775 quodam
935 720 1074 761 ductus
1107 721 1300 763 exordio:

340 652 408 688 10.
457 644 534 686 Est
562 645 682 700 igitur
722 645 1010 687 ambulantibus
1039 646 1088 687 ad
1122 646 1224 687 hunc
1259 647 1417 689 modum
1450 662 1581 692 sermo
1614 652 1682 696 ille

1371 722 1428 763 Α.
1472 722 1564 766 Dici
1601 741 1683 770 non

94 802 247 850 potest,
292 810 405 850 quam
446 794 518 836 sim
558 794 745 835 hesterna
789 795 1052 850 disputatione
1090 802 1157 837 tua
1196 797 1415 839 delectatus
1452 799 1517 840 vel
1553 802 1682 855 potius

93 869 262 911 adiutus.
323 868 414 911 Etsi
445 869 548 911 enim
580 869 671 910 mihi
714 883 799 911 sum
841 869 1051 920 conscius,
1096 885 1293 926 nunquam
1336 886 1397 913 me
1428 873 1544 915 nimis
1575 876 1681 918 vitae

93 944 272 999 cupidum
316 944 468 996 fuisse,
523 951 653 985 tamen
696 944 892 985 interdum
929 944 1189 986 objiciebatur
1222 946 1354 988 animo
1397 947 1520 989 *meo
1552 957 1681 992 metus

94 1018 249 1073 quidam
289 1026 328 1060 et
363 1018 501 1070 dolor,
557 1018 791 1073 cogitantis,
836 1020 921 1059 fore
961 1019 1168 1073 aliquando
1203 1020 1320 1061 finem
1355 1021 1469 1063 huius
1507 1023 1606 1065 lucis
1640 1032 1682 1066 et

94 1092 348 1134 amissionem
379 1093 548 1133 omnium
580 1093 683 1134 vitae
711 1093 1019 1133 commodorum.
1081 1092 1169 1133 Hoc
1200 1108 1347 1149 genere
1372 1095 1578 1138 molestiae
1604 1098 1678 1151 sic,

1507 1177 1575 1213 11.
1609 1172 1678 1214 Μ.

91 1238 258 1282 Minime
286 1241 427 1282 mirum
449 1241 486 1281 id
509 1241 679 1295 quidem.
736 1240 840 1282 Nam
861 1242 975 1282 efficit
995 1241 1067 1282 hoc
1089 1241 1332 1297 philosophia
1353 1261 1361 1284 :
1396 1245 1576 1286 medetur
1597 1247 1681 1288 ani-

93 1166 186 1207 mihi
208 1167 341 1218 crede,
374 1181 459 1207 sum
484 1167 688 1217 liberatus,
721 1174 764 1207 ut
783 1167 877 1208 nihil
902 1168 1030 1208 minus
1056 1169 1269 1208 curandum
1293 1177 1440 1224 putem.

91 1315 182 1367 mis,
209 1315 348 1357 inanes
367 1316 651 1357 sollicitudines
672 1315 856 1365 detrahit,
887 1316 1160 1371 cupiditatibus
1181 1317 1337 1368 liberat,
1370 1319 1477 1373 pellit
1498 1320 1678 1362 timores.

92 1387 174 1432 Sed
194 1389 292 1431 haec
324 1390 409 1431 eius
439 1390 500 1432 vis
532 1405 610 1431 non
636 1390 738 1430 idem
762 1397 893 1446 potest
928 1392 1026 1446 apud
1052 1405 1217 1442 omnes3
1265 1399 1343 1432 tum
1372 1392 1479 1433 valet
1498 1394 1678 1448 multum,

93 1479 210 1520 quum
237 1472 297 1505 est
320 1465 502 1506 idoneam
526 1465 731 1520 complexa
751 1472 947 1506 naturam.
1014 1465 1171 1507 Fortes
1194 1466 1297 1506 enim
1322 1481 1401 1507 non
1428 1467 1543 1508 modo
1568 1468 1681 1511 For-

92 1543 199 1580 tuna
226 1539 431 1591 adiuvat,
478 1547 520 1580 ut
548 1547 609 1580 est
633 1539 674 1580 in
705 1547 844 1581 vetere
878 1540 1087 1595 proverbio
1104 1572 1114 1591 ,
1156 1541 1225 1581 sed
1252 1540 1373 1581 multo
1399 1542 1524 1597 magis
1557 1544 1678 1598 ratio,

94 1626 193 1667 quae
220 1613 450 1668 quibusdam
478 1614 589 1669 quasi
617 1614 838 1670 praeceptis
864 1615 1069 1656 confirmat
1095 1615 1175 1656 vim
1204 1615 1464 1657 fortitudinis.

162 1721 305 1765 dictioni]
331 1722 373 1753 H.
387 1733 414 1754 e.
441 1723 674 1755 declamationi.

162 1770 197 1800 in
218 1769 437 1810 Academiam]
465 1770 504 1802 V.
530 1769 631 1802 indic.
654 1768 772 1800 histor.

162 1823 225 1845 non
243 1816 335 1854 quasi
357 1816 537 1857 narrantes]
566 1816 604 1846 V.
627 1826 725 1857 supra
750 1816 773 1846 Ι.
789 1811 866 1853 -1,8.

169 1858 246 1891 ΟΛΡ.
264 1860 320 1892 IV.
347 1860 399 1892 10.
447 1862 502 1892 Est
524 1879 570 1884 —-
593 1871 692 1892 sermo
713 1862 764 1892 ille
781 1862 869 1891 nobis

95 1903 266 1948 institutus]
292 1905 331 1936 V.
354 1905 397 1937 ad
421 1907 502 1943 c.1,
529 1906 570 1938 2:
597 1907 731 1937 mihi—
749 1907 866 1937 habita.

164 1960 261 1991 quam
281 1952 341 1982 sim
363 1968 408 1974 —
431 1950 612 1993 delectatus]
649 1951 740 1981 Infra
765 1962 791 1982 e.
817 1950 867 1989 12,

96 1994 160 2031 28:
186 1995 362 2038 intelligeS,
385 2006 482 2035 quam
500 1999 539 2028 sit
560 1995 787 2027 obsistendum
809 1995 870 2027 do·

96 2039 161 2073 lori
221 2042 261 2073 V.
286 2044 346 2080 12,
372 2042 434 2073 53:
465 2052 564 2083 quum
587 2041 747 2083 ignorem,
773 2051 869 2082 quam

96 2088 136 2118 sit
158 2085 294 2124 doctus,
331 2097 428 2129 quam
456 2086 505 2117 vir
526 2086 644 2118 bonus.
693 2087 785 2118 Haec
818 2093 868 2118 est

96 2131 244 2173 legitima
264 2131 352 2174 apud
372 2131 565 2163 Ciceronem
588 2132 764 2164 collocatio
789 2144 868 2164 con-

96 2176 232 2208 iunctivi
256 2177 437 2220 praesentis
460 2177 552 2208 verbi
575 2188 638 2210 esse
659 2178 693 2210 in
716 2178 868 2210 oratione

99 2222 233 2266 obliqua
253 2229 329 2264 post
349 2222 542 2265 particulam
563 2234 670 2264 quam.
716 2228 760 2256 At
780 2224 868 2256 infra

98 2269 155 2300 IV.
173 2268 204 2307 7,
229 2267 288 2302 14:
315 2279 411 2309 quam
432 2268 465 2300 in
483 2276 596 2301 nostra
620 2273 682 2302 sini
699 2277 868 2314 potestate

53 2352 55 2354 η
99 2324 180 2356 pro:
206 2325 303 2357 quam
322 2315 388 2346 sint
406 2314 438 2346 in
460 2322 574 2347 nostra
594 2323 679 2359 pot.,
705 2328 770 2360 quo
793 2328 867 2349 ma—

98 2358 147 2402 gis
168 2364 276 2396 nostra
294 2360 462 2392 efferatur.
593 2395 595 2397 ,

165 2405 308 2450 adiutus]
343 2406 479 2438 Timore
508 2406 624 2438 mortis
642 2406 801 2439 liberatus
835 2414 868 2439 et

98 2449 146 2482 sic
164 2450 274 2482 animo
300 2451 523 2484 confirmatus.

163 2497 376 2541 obiicicbatur]
411 2500 547 2531 Obiicere
570 2497 738 2529 interdum
767 2499 866 2541 poni-

58 2547 63 2553 '
99 2545 154 2574 tur
184 2553 245 2585 pro
278 2545 425 2584 iniicere,
460 2544 508 2575 uti
538 2543 641 2575 Cicer.
678 2556 738 2586 pro
775 2546 866 2576 Sext.

102 2588 209 2619 Amer.
230 2589 332 2626 XIV,
359 2587 421 2621 40:
461 2590 553 2628 Quae
586 2601 638 2621 res
670 2589 770 2631 igitur
789 2597 866 2622 tan-

102 2637 172 2664 tum
195 2633 294 2666 istum
318 2634 467 2666 furorem
492 2636 566 2666 Sex.
587 2635 709 2667 Roscio
735 2638 868 2668 obiecit?

104 2675 159 2708 ubi
180 2690 210 2710 v.
225 2681 370 2721 Doert'ny.
385 2691 417 2722 p.
431 2680 505 2718 40.;
531 2687 647 2712 nostro
667 2688 778 2712 tamen
795 2682 869 2713 loco

103 2719 192 2754 idem
224 2724 294 2757 fere
318 2722 427 2757 valere
449 2725 602 2765 videtur,
639 2727 728 2770 quod
753 2729 870 2768 offerri,

104 2765 167 2816 nisi
187 2769 276 2812 quod
296 2770 379 2803 illud
401 2771 539 2803 verbum
567 2784 637 2804 rem
658 2772 765 2805 multo
789 2785 869 2816 gra-

104 2821 175 2843 vius
195 2815 357 2857 exprimit.

134 2900 141 2906 ·
169 2861 343 2905 cogitantis]
378 2861 487 2905 Vulgo
520 2865 687 2904 cogitanti:
723 2863 813 2907 quod
843 2863 871 2896 si

105 2899 220 2935 Cicero
233 2905 374 2949 scripsit,
396 2907 466 2939 sine
486 2907 587 2941 dubio
607 2908 650 2941 ad
668 2908 776 2952 ipsum
795 2909 871 2941 ani-

101 2957 192 2980 mum
204 2949 328 2983 retulit.
371 2952 439 2985 Sed
452 2964 553 2998 quum
565 2965 634 2987 non
650 2954 758 2988 solum
774 2954 871 2987 multi

1527 1616 1588 1658 Te
1609 1632 1679 1659 na-

903 1722 1022 1762 codd.,
1048 1723 1107 1755 sed
1131 1724 1230 1755 etiam
1254 1723 1530 1765 praestantissimi
1548 1724 1680 1757 mordi-

903 1780 957 1799 cus
979 1776 1114 1801 teneant
1133 1772 1309 1809 c09ilantis,
1333 1781 1400 1801 non
1418 1769 1568 1801 dubitavi
1585 1771 1680 1814 geni-

901 1814 1006 1845 tivum
1023 1815 1179 1857 recipere,
1202 1815 1247 1845 ita
1263 1822 1387 1853 tamen,
1413 1821 1449 1845 ut
1466 1815 1553 1847 inter
1571 1820 1678 1850 animo

903 1866 936 1890 et
966 1864 1064 1891 metus
1096 1871 1280 1902 pronomen
1311 1870 1378 1892 meo
1409 1860 1578 1894 adderem.
1634 1864 1676 1896 V.

903 1916 963 1936 nos
985 1905 1017 1936 in
1042 1906 1097 1938 Gr.
1122 1906 1159 1936 L.
1184 1906 1212 1948 55.
1232 1904 1305 1946 109,
1323 1910 1354 1939 ὅ.
1378 1905 1492 1951 p.179
1504 1918 1553 1950 sq.
1577 1907 1627 1939 ed.
1642 1908 1676 1942 2.

971 1953 1048 1982 mihi
1067 1951 1170 1994 crede]
1198 1952 1237 1983 V.
1259 1951 1345 1982 Adn.
1367 1951 1400 1982 in
1423 1952 1528 1994 L51,
1555 1953 1609 1987 75.

970 1995 1020 2028 11.
1041 1999 1182 2029 medetur
1195 2016 1231 2020 —
1248 1998 1386 2039 timores]
1408 1998 1556 2030 Attende
1568 1998 1612 2031 ad
1625 2011 1678 2032 ar-

901 2041 1076 2074 tificiosam
1092 2042 1267 2074 verborum
1283 2042 1552 2084 collocatIOnem‚
1579 2057 1676 2089 quam

901 2088 1106 2130 grammatici
1130 2086 1274 2133 χιασμόν
1296 2088 1477 2132 appellant.
1525 2093 1633 2135 Supra
1649 2092 1675 2123 I.

903 2134 965 2171 45³,
1004 2136 1084 2167 110:
1122 2134 1316 2166 horribilem
1346 2134 1440 2166 illum
1471 2135 1560 2168 diem
1591 2136 1675 2176 aliis,

901 2177 997 2211 nobis
1016 2180 1159 2212 faustum
1178 2187 1340 2223 putemus.
1380 2180 1432 2212 Cf.
1449 2183 1473 2213 I.
1488 2181 1520 2221 3,
1544 2183 1575 2215 5.
1590 2188 1676 2215 extr.

903 2227 942 2257 Ιῐ.
957 2226 1012 2264 25,
1037 2227 1092 2258 52³.
1130 2227 1188 2258 111.
1201 2225 1256 2265 ἐξ),
1274 2226 1327 2260 72.
1362 2227 1417 2258 IV.
1436 2228 1465 2266 1,
1487 2227 1515 2260 1.
1550 2225 1674 2267 30,64.

902 2270 956 2310 31,
972 2271 1026 2304 06.
1047 2271 1108 2303 bis.
1160 2271 1210 2302 Cf.
1232 2283 1293 2303 nos
1312 2271 1346 2303 iu
1369 2273 1426 2304 Gr.
1442 2274 1482 2304 L.
1507 2272 1627 2316 §.1672
1644 2273 1675 2307 8.

972 2319 1054 2349 idem
1085 2321 1182 2358 potest
1204 2336 1251 2341 —
1272 2320 1355 2349 valet
1386 2318 1535 2362 multum]
1570 2321 1677 2361 Saepe

902 2362 991 2405 apud
1026 2362 1220 2395 Ciceronem
1253 2363 1355 2395 verba
1386 2375 1475 2404 posse
1507 2370 1541 2396 et
1573 2367 1677 2396 valere

904 2407 1022 2440 eadem
1051 2409 1083 2441 vi
1113 2409 1225 2441 iuncta
1252 2409 1473 2453 reperiuntur.
1523 2410 1677 2440 Ceterum

904 2454 1040 2485 verbum
1062 2457 1201 2495 valendi,
1226 2455 1288 2486 nisi
1308 2455 1397 2498 apud
1417 2458 1545 2498 poetas,
1574 2453 1676 2485 Colu-

903 2499 1036 2531 mellam
1053 2500 1276 2543 Curtiumque,
1300 2512 1366 2532 nen
1381 2499 1589 2542 coniungitur
1603 2510 1676 2530 cum

903 2545 1078 2577 infinitivo.
1117 2547 1207 2578 Cart.
1222 2547 1267 2585 X,
1289 2547 1329 2579 ὀὶ
1357 2558 1407 2578 res
1431 2544 1597 2578 secundae
1619 2555 1676 2575 va-

902 2591 973 2622 lent
997 2599 1200 2623 commutare
1224 2598 1386 2623 naturam.

971 2639 1137 2677 attumssst
1160 2640 1306 2669 idoneam
1328 2639 1489 2676 complexa
1510 2633 1674 2678 naturam]

904 2683 1094 2714 Sententia:
1133 2682 1345 2726 philosophia
1376 2689 1447 2712 tum
1478 2679 1565 2711 valet
1587 2679 1676 2712 mul-—

904 2734 994 2767 tum,
1022 2740 1121 2772 quum
1142 2735 1317 2760 consecuta
1341 2733 1389 2758 est
1409 2725 1596 2765 hominem,
1621 2724 1677 2768 qui

902 2773 1043 2807 idoneus
1060 2774 1104 2806 sit
1123 2774 1152 2806 ei
1172 2772 1410 2815 (philosophiae)
1432 2770 1678 2813 percipiendae.

977 2822 1083 2853 Fortes
1099 2839 1143 2843 —
1160 2822 1187 2851 F
1188 2823 1300 2850 ortana
1321 2816 1467 2860 adiuvat]
1493 2816 1582 2860 Virg.
1595 2820 1677 2851 Aen.

904 2865 962 2906 X,
985 2863 1069 2899 204:
1097 2864 1267 2896 Audentes
1293 2863 1439 2894 Fortuna
1464 2862 1566 2895 iuvat.

977 2911 1164 2951 quibusdam
1183 2910 1274 2949 quasi
1291 2906 1480 2950 praeceptis]
1505 2908 1560 2942 Sic
1577 2919 1677 2953 supra

905 2956 932 2988 Ι.
949 2955 1012 2995 12,
1037 2956 1101 2990 27:
1127 2955 1290 2995 quandam
1317 2955 1410 2995 quasi
1432 2953 1676 2998 migrationem.

1278 3009 1349 3052 9*
