1843 3101
165 43 249 85 308

170 139 318 174 maesta
339 132 516 174 discedit..

481 206 548 246 sed
572 220 644 246 nos
665 205 840 256 umbris,
887 205 1061 256 deliciis,
1101 206 1205 258 otio,
1238 207 1452 261 languore,
1485 204 1634 246 desidia
1660 206 1744 246 aui-

634 51 796 84 mnnn
822 51 863 84 v.
888 47 953 91 27,
978 47 1034 83 79.
1058 48 1123 93 28,
1152 48 1209 85 eo.
1233 49 1288 84 si.

579 130 791 185 Nunquam
817 137 996 172 naturam
1017 144 1102 172 mos
1128 131 1330 183 vinceret3
1365 136 1427 172 est
1445 129 1550 172 eni-m
1571 144 1618 172 ea
1643 145 1745 173 sem-

170 221 241 263 per
261 208 433 257 invicta3

171 297 275 323 mum
310 280 538 331 infecimus,
596 280 844 335 opinionibus
876 279 1056 334 maloque
1094 294 1204 322 more
1241 281 1452 321 delenitum
1489 279 1743 321 mollivimus.

170 356 454 411 Aegyptiorum
475 367 624 394 morem
653 354 738 408 quis
760 354 943 409 ignorat?
987 368 1149 409 quorum
1174 355 1344 395 imbutae
1371 359 1523 394 mentes
1542 353 1747 408 pravitatis

170 429 370 471 erroribus
392 429 568 484 quamvis
593 428 859 470 carnificinam
881 428 989 484 prius
1014 429 1231 479 subierint,
1266 442 1380 483 quam
1407 427 1498 468 ibim
1514 459 1525 479 ,
1559 435 1627 469 aut
1647 427 1749 482 aspi-

1443 515 1607 556 quorum
1630 501 1748 543 etiam

170 578 203 619 si
225 578 490 633 imprudentes
513 578 707 634 quidpiam
733 578 922 628 fecerint,
958 592 1123 634 poenam
1147 578 1291 619 nullam
1316 583 1518 617 recusent.
1581 583 1651 618 79.
1685 574 1749 617 De

627 651 732 706 Quid
754 653 930 693 bestiae?
962 667 1040 692 non
1062 653 1208 707 frigus,
1244 666 1321 692 non
1344 652 1502 701 samem,
1538 665 1614 692 non
1636 665 1747 691 mon-

171 506 283 554 dcm,
315 510 380 544 aut
407 503 520 544 selem
538 535 549 553 ,
583 510 650 543 aut
671 517 833 554 canem,
868 510 935 545 aut
959 504 1198 544 crocodilum
1225 502 1398 553 violent,

169 652 389 694 hominibus
410 653 563 707 loquor.

169 727 322 781 tivagos
355 734 469 782 atque
505 727 711 768 silvestres
746 742 884 768 cursus
919 727 1250 781 lustrationesque
1284 726 1513 782 patiuntur?
1564 739 1643 766 non
1678 739 1748 780 pro

170 815 242 842 suo
266 808 378 856 partu
402 801 455 842 ita
477 809 747 857 propugnant,
783 809 824 843 ut
846 802 1011 843 vulnera
1035 801 1262 856 excipiant,
1296 800 1424 840 nullos
1446 799 1630 855 impetus,
1664 800 1750 840 nul-

169 876 227 917 los
249 875 350 917 ictus
371 876 656 916 reformident?
689 876 839 917 Omitto
855 907 866 927 ,
901 890 1000 930 quae
1022 877 1223 930 perferant
1245 887 1422 929 quaeque
1447 875 1647 928 patiantur
1668 888 1749 914 am-

170 949 300 990 bitiosi
327 950 486 990 lionoris
512 964 677 1001 caussa,
721 950 846 991 laudis
869 949 1034 990 studiosi
1060 948 1210 1003 gloriae
1239 947 1394 1003 gratia,
1437 961 1572 989 amore
1597 948 1749 989 incensi

170 1024 408 1079 cupiditatis.
469 1022 595 1064 Plena
624 1025 704 1066 vita
737 1025 1008 1080 exemplorum
1040 1030 1117 1064 est.

280 1095 486 1139 XXVIII.
522 1104 591 1139 80.
637 1097 718 1140 Sed
741 1099 924 1140 adhibeat
945 1099 1072 1139 oratio
1097 1097 1251 1139 modum
1278 1104 1318 1138 et
1338 1097 1476 1138 redeat
1497 1096 1611 1148 illuc,
1647 1096 1748 1138 unde

169 1172 343 1213 deflexit.
406 1171 549 1224 Dabit,
598 1173 730 1225 dabit,
776 1174 960 1229 inquam,
1008 1187 1052 1214 se
1082 1174 1120 1214 in
1146 1178 1341 1214 tormenta
1370 1171 1452 1212 vita
1488 1170 1629 1223 beata,
1675 1184 1750 1212 nec

169 1247 372 1298 iustitiam,
407 1248 704 1303 temperantiam
726 1249 765 1289 in
786 1249 999 1304 primisque
1022 1247 1305 1297 fortitudinem,
1339 1245 1645 1307 magnitudinem
1667 1245 1751 1286 ani-

169 1322 246 1373 mi,
290 1321 516 1376 patientiam
550 1330 782 1377 prosecuta,
831 1337 946 1376 quum
973 1322 1136 1363 tortoris
1173 1336 1217 1362 os
1241 1320 1410 1373 viderit,
1455 1320 1646 1362 consistet
1670 1320 1751 1361 vir-

169 1395 391 1450 tutibusque
415 1395 594 1437 omnibus
612 1428 623 1448 ,
670 1396 756 1437 sine
781 1396 860 1436 ullo
886 1397 1003 1437 animi
1039 1404 1192 1437 terrore
1223 1395 1271 1437 ad
1303 1394 1516 1436 cruciatum
1545 1395 1748 1451 profectis,

1431 1467 1534 1523 Quid
1567 1469 1670 1510 enim
1704 1483 1752 1510 ea

391 1543 480 1599 quid
505 1544 721 1585 deformius
744 1545 827 1585 sola
851 1545 987 1586 relicta
1004 1577 1014 1596 ,
1060 1545 1247 1585 comitatu
1277 1543 1538 1599 pulcherrimo
1562 1557 1750 1598 segrega-

168 1470 329 1510 resistet
351 1477 466 1511 extra
492 1471 599 1511 fores
626 1471 685 1524 (ut
707 1477 796 1511 ante
825 1471 923 1525 dixi)
953 1471 1149 1525 limenque
1178 1469 1368 1511 carceris.

169 1544 320 1585 foedius
335 1576 346 1595 ,

170 1619 242 1658 ta?
273 1617 390 1672 Quod
410 1625 540 1659 tamen
561 1618 644 1659 lieri
664 1619 768 1659 nullo
789 1626 903 1674 pacto
922 1627 1064 1676 potest.
1112 1618 1202 1660 Nec
1222 1619 1325 1659 enim
1345 1618 1513 1659 virtutes
1534 1619 1620 1659 siue
1637 1618 1752 1659 beata

1298 1699 1368 1734 81.
1401 1690 1540 1748 Itaque
1564 1706 1648 1733 eam
1671 1699 1751 1733 ter-

1132 1768 1178 1808 ad
1200 1780 1471 1822 quemcunque
1504 1766 1613 1822 ipsae
1642 1767 1751 1807 dolo-

167 1693 249 1734 vita
271 1692 486 1734 cohaerere
507 1700 686 1748 possunt,
721 1686 794 1735 uec
815 1694 879 1735 illa
904 1694 989 1735 sine
1009 1693 1236 1736 virtutibus.

166 1768 360 1821 giversari
389 1782 469 1809 non
504 1767 636 1808 sinent
667 1781 879 1823 secumque
911 1769 1086 1824 rapient,

168 1856 250 1883 rem
282 1842 574 1898 cruciatumque
613 1843 820 1884 ducentur.
897 1841 1099 1899 Sapientis
1136 1849 1197 1883 est
1227 1841 1331 1883 euim
1364 1840 1588 1897 proprium,
1635 1840 1746 1892 nihil,

170 1917 272 1971 quod
302 1917 505 1972 poenitere
528 1917 674 1972 possit,
712 1919 867 1970 facere,
902 1918 997 1959 nihil
1020 1917 1209 1968 invitum,
1242 1915 1467 1972 splendide,
1502 1922 1746 1967 constanter,

234 1996 366 2040 umbris]
393 1996 462 2028 vita
487 1996 665 2029 umbratili.
973 2009 1211 2041 nonnunquam
1236 1995 1458 2040 personaliter
1481 2002 1683 2039 posuerunt,
1711 2002 1747 2027 ut

231 2044 401 2081 pravitatis
431 2042 600 2087 erroribus]
634 2043 678 2075 H.
696 2055 727 2075 e.
760 2044 937 2086 erroribus,

169 2086 223 2129 qui
247 2094 425 2119 nascuntur
448 2099 487 2119 ex
513 2089 690 2132 pravitate.

230 2133 307 2164 ibim
331 2151 374 2156 ——
395 2135 522 2178 violent]
568 2134 672 2167 Cicer.
693 2135 734 2167 N.
758 2136 797 2168 D.
821 2137 854 2175 Ι,
873 2136 935 2168 20:

168 2177 219 2209 Ne
242 2176 346 2210 fando
370 2178 500 2221 quidem
525 2179 673 2212 auditum
703 2188 753 2212 est
781 2181 939 2214 crocodi-

168 2221 255 2261 lum,
291 2229 347 2254 aut
368 2223 469 2262 ibim,
505 2232 561 2256 aut
590 2225 689 2258 felem
714 2227 874 2259 violatum
897 2228 938 2260 ab

168 2268 346 2312 Aegyptio.

233 2324 366 2354 quorum
390 2332 435 2338 —-
469 2317 496 2346 si
525 2334 566 2339 —-
597 2318 763 2357 quidpiam
797 2318 939 2362 fecerint]

169 2370 302 2400 quorum
324 2360 344 2392 i.
359 2371 387 2392 e.
409 2372 545 2403 quarum
566 2372 675 2393 rerum
699 2363 836 2405 (violare
859 2364 940 2396 ibim

170 2412 227 2437 aut
251 2417 341 2449 asp.,
367 2412 423 2437 aut
450 2405 552 2438 felem
574 2407 665 2439 etc).

231 2451 309 2482 (λιι).
322 2451 483 2484 XXV111.
496 2451 550 2485 81.
569 2453 652 2492 quod
663 2457 816 2492 poenitere
825 2458 937 2499 possit]

169 2497 261 2535 Quod
280 2507 366 2535 non,
393 2498 440 2529 uti
461 2499 610 2530 Davisius
632 2504 665 2529 et
687 2500 827 2531 Klotzius
848 2501 940 2532 arbi-

167 2548 307 2581 trantur,
328 2543 552 2576 nominativus
569 2548 629 2581 est,
648 2542 707 2574 sed
723 2545 938 2585 accusativus,

168 2594 204 2618 ut
218 2587 260 2620 de
275 2589 345 2620 Inv
361 2590 492 2627 11‚13‚:
534 2590 652 2621 Utrum
675 2588 710 2620 id
733 2589 861 2621 facinus
884 2591 938 2629 sit,

167 2635 250 2673 quod
263 2637 419 2674 poenitere
443 2634 544 2667 fuerit
564 2645 710 2667 necesse.
754 2635 939 2668 observent

165 2677 254 2710 enim
275 2679 421 2718 tirones,
446 2680 548 2713 verba
569 2680 787 2724 cuiuscunque
807 2681 937 2723 generis

169 2734 244 2755 cum
279 2726 469 2759 accusativo
505 2725 739 2769 pronominum
783 2726 937 2769 coniungi

164 2779 284 2811 posse;
309 2770 387 2804 hinc
400 2772 489 2814 apud
504 2778 635 2805 veteres
650 2771 787 2815 legitur:
813 2774 848 2804 id
865 2783 938 2813 ope-

163 2824 234 2847 ram
255 2817 306 2856 do,
328 2819 362 2849 id
379 2820 505 2859 studeo,
529 2820 564 2850 id
582 2820 689 2859 doleo,
713 2820 748 2851 id
765 2828 937 2869 succenseo,

164 2870 190 2889 s
183 2858 292 2892 milia.
339 2863 470 2896 Vetusti
496 2875 576 2896 vero
597 2865 825 2897 Romanorum
850 2863 937 2895 scri-

165 2911 291 2945 ptores,
318 2914 353 2938 ut
374 2909 588 2948 Plaut11s‚ut
609 2910 807 2946 Terentius,
833 2909 936 2942 verba

161 2948 393 2990 impersonalia
414 2957 530 2994 pudet,
562 2958 667 2996 piget,
690 2958 834 2995 poenitet,
858 2955 933 2992 alia,

974 2045 1053 2077 Ter.
1073 2043 1216 2086 Adelph.
1237 2043 1294 2074 IV.
1316 2042 1348 2080 7,
1369 2041 1431 2075 36:
1461 2051 1524 2074 non
1545 2045 1573 2073 ie
1592 2043 1668 2074 haec
1687 2052 1750 2082 pu·

975 2091 1073 2121 dent?
1123 2089 1226 2121 Plaut.
1253 2087 1368 2120 Sticho
1390 2089 1414 2119 Ι.
1438 2089 1476 2126 1,
1502 2088 1566 2120 50:
1600 2097 1650 2119 me
1673 2089 1750 2128 qui-

975 2137 1045 2167 dem
1067 2137 1142 2167 haec
1166 2135 1299 2166 conditio
1321 2144 1404 2166 nunc
1432 2143 1494 2166 non
1514 2135 1659 2173 poenitet.
1706 2133 1747 2165 V.

975 2192 1035 2212 nos
1066 2180 1100 2212 in
1133 2181 1171 2212 L.
1193 2180 1252 2212 Gr.
1275 2179 1304 2223 gi.
1323 2179 1396 2212 112.
1415 2179 1499 2211 Not.
1515 2178 1548 2211 ὅ.
1568 2190 1601 2222 p.
1617 2175 1681 2213 197
1697 2189 1748 2222 sq.

961 2226 1027 2259 *ed
1043 2227 1074 2259 2.

1043 2271 1098 2305 52.
1120 2281 1287 2312 congruere
1305 2269 1454 2313 naturae]
1479 2269 1521 2301 de
1543 2269 1614 2302 Fin.
1635 2270 1694 2301 ΙΙΙ.
1715 2268 1748 2308 9,

975 2317 1030 2351 31.
1077 2317 1117 2349 V.
1152 2328 1212 2349 nos
1244 2316 1279 2348 in
1309 2315 1331 2347 l.
1356 2315 1388 2348 d.
1419 2317 1457 2348 de
1487 2318 1584 2349 Cicer.
1610 2317 1643 2349 in
1671 2317 1750 2356 phil.

974 2373 1050 2396 mer.
1071 2363 1130 2405 p.‘

1043 2419 1140 2449 quum
1131 2365 1196 2440 Ι,ι’(ὶ
1218 2409 1258 2440 sit
1279 2410 1311 2440 in
1338 2409 1477 2448 sapiente
1500 2409 1595 2439 situm
1620 2417 1683 2439 non
1703 2407 1751 2446 of-

974 2455 1044 2494 ficio
1078 2457 1198 2493 solum,
1237 2463 1346 2485 verum
1379 2455 1474 2485 etiam
1506 2451 1749 2495 potestate].de

976 2500 1053 2530 Sen.
1067 2500 1160 2537 XVI,
1182 2498 1243 2532 56:
1269 2510 1373 2537 „num
1391 2497 1491 2541 igitur
1510 2498 1628 2530 horum
1647 2508 1748 2528 sene-

977 2550 1046 2575 ctus
1066 2543 1261 2576 miserabilis
1284 2543 1357 2581 fuit,
1385 2543 1439 2587 qui
1457 2554 1493 2575 se
1512 2542 1582 2585 agri
1601 2542 1748 2574 cultione

975 2589 1216 2621 oblectabant?
1241 2601 1313 2621 mea
1329 2589 1462 2632 quidem
1481 2587 1643 2619 sententia
1659 2587 1748 2620 haud

973 2634 1062 2671 scio,
1086 2646 1129 2667 an
1152 2635 1217 2666 ulla
1239 2634 1369 2666 beatior
1390 2633 1497 2675 possit
1520 2645 1590 2665 esse
1604 2658 1613 2674 ‚
1639 2645 1748 2677 neque

972 2679 1078 2710 solum
1112 2682 1214 2721 officio
1250 2680 1323 2723 (der
1345 2678 1464 2711 Pflicht
1498 2678 1619 2720 nach),
1656 2678 1749 2722 quod

971 2724 1143 2756 hominum
1167 2725 1281 2768 generi
1313 2724 1468 2756 universo
1495 2724 1621 2756 cultura
1644 2736 1747 2767 agro-

972 2781 1045 2801 rum
1080 2776 1130 2802 est
1161 2770 1333 2808 salutaris,
1368 2769 1429 2802 sed
1462 2776 1496 2802 et
1533 2772 1748 2810 delectatione,

971 2827 1069 2859 quam
1091 2815 1177 2855 dixi,
1205 2822 1238 2847 et
1258 2818 1440 2848 maturitate
1462 2818 1614 2857 copiaque
1637 2827 1749 2848 rerum

972 2861 1138 2900 omnium,
1165 2872 1248 2905 quae
1270 2861 1314 2893 ad
1336 2861 1462 2893 victum
1484 2861 1675 2898 hominum,
1703 2860 1748 2893 ad

972 2907 1096 2939 cultum
1111 2907 1211 2939 etiam
1235 2906 1374 2939 deorum
1393 2905 1607 2951 Ρετῐῐηειηῖ*
1600 2907 1620 2925 “
1646 2906 1748 2939 Eius-

970 2953 1062 2986 modi
1086 2952 1223 2985 ablativi
1247 2952 1408 2994 indicant,
1432 2952 1558 2998 aliquid
1580 2951 1746 2984 enuntiari
