1859 3149
1570 36 1659 81 319

58 134 225 191 gleviam
250 133 476 192 popularem
498 134 625 190 ipsam
650 146 722 188 per
742 145 834 173 sese
856 129 1143 186 expetendam,
1175 142 1251 171 nec
1271 127 1560 185 ignobilitatem
1585 143 1659 172 ex-

58 209 360 252 timescendam.
434 209 542 252 Veni
562 208 783 259 Athenas,
822 207 949 262 inquit
972 204 1254 257 Democritus3
1295 217 1434 260 neque
1454 218 1522 246 me
1547 207 1661 260 quis-

56 287 186 341 quam
211 285 273 328 ibi
300 285 493 341 aynoeit.

57 375 81 402 a
113 361 239 417 gloria
275 373 322 402 se
358 360 524 402 afuisse.

636 49 807 84 Lmen
833 44 1073 90 v.36,10.‘›.

555 281 822 326 Constantem
842 281 1042 323 hominem
1071 288 1111 322 et
1130 280 1319 337 gravem!
1362 280 1428 336 qui
1446 280 1657 336 glorietur,

587 359 655 401 An
686 358 868 400 tibicines
897 357 1029 412 iique,
1077 356 1143 412 qui
1167 355 1307 397 fidibus
1331 362 1523 408 utuntur,
1566 370 1658 408 suo,

59 450 140 478 non
171 435 431 478 multitudinis
463 435 655 486 arbitrio,
701 440 843 475 cantus
875 445 1142 488 numerosque
1175 431 1458 484 moderantum
1504 446 1568 473 vir
1597 446 1663 474 sa-

58 511 200 567 pienS‚
232 511 357 553 multo
379 518 464 553 arte
491 511 639 552 maiore
666 509 893 566 praeditus,
929 523 1008 550 non
1026 541 1037 560 ‚
1080 508 1171 563 quid
1194 506 1458 549 verissimum.
1473 507 1550 559 sit,
1592 508 1663 550 sed

61 586 153 642 quid
174 586 272 629 velit
292 587 460 643 vulgus,
495 586 710 642 exquiret?
741 585 807 626 An
827 584 1034 642 quicquam
1059 583 1244 634 stultius,
1280 597 1394 639 quani
1410 615 1421 635 ‚
1456 598 1556 638 quos
1581 584 1663 625 sin-

59 661 175 718 gulos
201 662 306 704 sieut
326 662 532 718 operarios
552 661 822 717 barbarosque
842 668 1075 702 contemnas
1089 692 1100 711 ‚
1143 673 1214 700 eos
1236 658 1382 714 aliquid
1404 665 1542 715 putare
1571 673 1662 701 esse

64 738 304 779 universos?
335 736 407 779 Ille
427 751 527 780 vero
552 746 710 780 nostras
733 737 970 778 ambitiones
995 736 1258 790 levitatesque
1284 741 1514 776 contemnet
1539 735 1664 776 hono-

62 805 208 868 resque
227 813 361 869 populi
378 845 389 866 ,
423 813 540 855 etiam
566 815 669 855 ultro
692 814 843 855 delatos
860 845 870 864 ‚
905 811 1154 867 repudiabit3
1190 824 1262 851 nos
1283 817 1415 851 autem
1437 824 1508 852 eos
1534 811 1665 852 nesci-

1227 892 1324 927 105.
1359 884 1437 927 Est
1460 887 1560 943 apud
1584 886 1666 928 He-

62 964 241 1006 raclitum
275 965 479 1021 physicum
522 965 568 1006 de
601 965 777 1020 principe
808 963 1072 1020 Ephesiorum
1105 961 1384 1003 Hermodoro:
1433 962 1664 1014 universos,

63 902 178 941 inus,
218 896 429 945 antequam
456 890 661 944 poenitere
688 890 842 946 coepit,
886 894 1159 929 contemnere.

61 1039 140 1091 ait,
185 1038 388 1096 Ephesios
410 1054 502 1083 esse
524 1048 653 1082 morte
682 1041 905 1082 multandos
923 1072 934 1091 ‚
981 1040 1081 1094 quod
1099 1071 1110 1091 ‚
1155 1052 1272 1092 quum
1299 1037 1463 1079 civitate
1490 1038 1666 1094 expelle·

63 1122 154 1156 rent
178 1114 472 1158 Hermodorum
489 1149 500 1169 ,
541 1116 594 1157 ita
623 1117 742 1157 locuti
769 1116 872 1157 siut:
920 1115 1061 1157 Nemo
1086 1114 1140 1155 dc
1168 1113 1290 1154 uobis
1311 1126 1420 1155 unus
1447 1114 1668 1163 e.1·cellat,·

64 1191 134 1232 sin
155 1192 251 1246 quis
271 1192 514 1243 exstiterit,
547 1192 639 1233 olio
664 1193 711 1234 in
731 1192 830 1233 loeo
853 1195 894 1233 et
913 1190 1036 1246 apud
1058 1190 1172 1231 ulios
1190 1190 1260 1230 sit.
1287 1213 1343 1219 -
1402 1189 1468 1230 An
1491 1189 1564 1230 hoc
1586 1204 1668 1231 non

64 1266 121 1307 ita
142 1265 185 1307 fit
208 1267 315 1308 omni
339 1266 379 1308 in
400 1267 571 1324 populo?
602 1280 735 1308 nonne
760 1280 917 1308 omnem
938 1265 1260 1322 exsuperantiam
1284 1265 1443 1306 virtutis
1467 1266 1668 1307 oderunt?

68 1339 206 1396 Quid?
233 1341 437 1384 Aristides
465 1343 588 1398 (malo
612 1343 717 1384 enim
740 1341 987 1384 Graecorum
1011 1356 1124 1396 quam
1151 1347 1286 1381 nostra
1308 1341 1510 1396 prolerre)
1535 1355 1668 1384 nonne

69 1473 135 1506 rari
150 1476 255 1507 velim.
301 1476 348 1507 At
361 1487 425 1519 pro
450 1474 540 1508 Cael.
559 1476 649 1515 XII,
675 1475 738 1509 2¹9:
778 1474 848 1508 dies
886 1475 976 1509 σὲαι.

65 1519 134 1553 iam
158 1532 212 1553 me
233 1522 375 1563 deficiet,
399 1521 427 1554 si
441 1541 487 1546 —
503 1532 595 1555 coner
616 1533 824 1566 expromere.
885 1524 913 1568 ᾗ.
927 1522 1012 1558 5³⁴.
1034 1520 1066 1554 ¹2.
1082 1533 1113 1564 p.
1128 1521 1194 1553 ‘335
1208 1533 1258 1564 sq.

93 1598 97 1602 .
142 1567 404 1600 emxxxvr.
438 1569 513 1602 103.
553 1571 784 1602 commendatio
817 1571 851 1601 in
953 1569 1076 1608 aliquid
1099 1571 1214 1608 putare
1236 1569 1315 1609 esse]
1348 1568 1497 1599 Graece:
1536 1567 1670 1602 οἴεσθαι

68 1613 198 1658 vulgus]
240 1613 443 1658 Exquisitius
474 1614 600 1647 dictum
625 1627 710 1660 pro:
754 1627 850 1648 corn-
883 1613 917 1648 τὶ
941 1611 1044 1648 :zi-⁴22:
1070 1614 1112 1644 «le
1136 1625 1201 1657 quo
1225 1612 1435 1664 pronominis
1461 1615 1585 1655 aliquid
1611 1625 1669 1646 usu

1037 1475 1078 1506 V.
1102 1486 1163 1506 nos
1188 1473 1222 1506 iu
1249 1473 1399 1506 Gramm.
1422 1486 1543 1518 gmcca
1567 1475 1606 1508 T.
1624 1476 1668 1508 ΙΙ.

67 1659 244 1693 mendatio
266 1659 356 1704 apud
377 1660 506 1704 vulgus.

139 1707 373 1752 Demosthenes]
397 1707 482 1740 Plin.
500 1708 566 1740 IX.
588 1707 687 1752 epist.
706 1707 761 1742 23.
791 1710 850 1741 De·
866 1741 877 1762 ο

66 1753 256 1788 mastroenem
275 1752 356 1786 dicit
377 1755 445 1787 iure
469 1755 634 1795 laetatum,
658 1756 743 1798 quod
761 1756 851 1786 illum

67 1809 151 1833 anus
169 1801 274 1832 Attica
297 1802 343 1836 ita
367 1801 614 1833 demonstravit:
641 1797 753 1838 Ούτός
777 1800 852 1834 ἐστι

69 1843 306 1889 Δημοσθένης.
343 1845 395 1878 cf.
421 1846 549 1879 Aelian.
573 1848 614 1881 V.
638 1847 681 1878 H.
705 1847 777 1886 IX,
797 1846 848 1881 17.

70 1894 180 1926 Noster
202 1891 224 1923 i.
236 1902 266 1924 e.
291 1903 392 1936 quem
416 1892 450 1924 in
468 1891 602 1925 ,deliciis
627 1892 748 1925 habeo.

80 1966 83 1968 .
137 1939 296 1981 videlicet]
333 1949 409 1970 cum
439 1950 560 1982 magna
595 1938 771 1971 irrisione!
807 1938 849 1971 V.

71 1983 199 2019 Adnot.
223 1983 258 2016 in
284 1985 309 2016 I.
333 1984 398 2023 ⁴21,
423 1982 479 2019 45.

143 2027 220 2064 104.
247 2032 322 2063 Veni
342 2032 496 2074 Athenas]
526 2030 626 2074 Diog.
652 2032 765 2064 Laert.
791 2031 852 2070 IX,

36 2111 41 2119 ¹
71 2076 138 2113 36:
163 2069 271 2120 ἦλὲον
286 2074 474 2120 γὰρ-εἰς
492 2074 655 2121 ’Δὲῐήνας,
681 2077 739 2112 καὶ
762 2072 854 2116 οὔτις

73 2135 117 2168 με
130 2121 288 2167 ἔγνωκεν.
301 2122 386 2155 lbid.
398 2123 453 2157 37.
471 2124 661 2156 Demetrius
675 2124 853 2157 Phalereus

72 2175 175 2214 negat
199 2169 428 2202 Democritum
456 2169 606 2203 Athenas
627 2171 774 2203 venisse:
802 2171 853 2203 cui

73 2217 224 2250 Davisius
235 2215 381 2260 opponit
391 2216 648 2260 ValenMaxAE‘,
668 2217 701 2259 7,
721 2216 753 2250 -l,
766 2223 852 2249 ext.:

75 2261 317 2307 (Democritusi
341 2262 482 2294 Athenis
508 2263 735 2308 compluribus
759 2263 854 2295 annis

72 2315 222 2342 moratus
244 2327 289 2333 —
313 2307 449 2352 ignotus
469 2309 519 2341 illi
540 2309 612 2342 urbi
634 2310 737 2349 vixit,
762 2309 854 2354 quod

71 2355 147 2400 ipse
168 2354 203 2386 in
226 2353 375 2398 quodam
396 2355 567 2388 volumine
593 2362 747 2388 testatur.

141 2403 193 2434 vir
217 2403 365 2442 sapiens,
397 2404 496 2434 multo
521 2407 588 2435 arte
617 2405 740 2436 maiore
758 2413 854 2444 prae-

73 2447 174 2490 ditus]
214 2445 431 2479 observanda
454 2448 651 2492 exquisitior
676 2449 854 2481 verborum

76 2491 280 2532 collocatio,
305 2504 370 2537 qua
390 2495 577 2526 sententiae
599 2494 646 2526 vis
673 2495 777 2538 magis
798 2494 855 2526 in—

73 2538 244 2579 tenditur,
284 2549 382 2583 quam
419 2539 568 2584 vulgari:
606 2543 705 2574 multo
736 2543 856 2573 maiore

77 2590 156 2619 arte.
180 2585 224 2618 de
245 2585 287 2617 N.
308 2586 347 2617 D.
370 2587 440 2626 ΙΙΙ,
461 2586 524 2620 ’ζῖε
560 2598 623 2619 nec
650 2599 732 2619 vero
755 2599 855 2619 scena

77 2631 187 2665 solum
220 2631 346 2664 referta
381 2639 432 2664 est
465 2632 516 2664 his
553 2632 756 2672 sceleribus,
795 2633 855 2666 sed

76 2680 174 2710 mutto
205 2677 275 2710 vita
310 2679 494 2710 communis
530 2691 637 2722 paene
672 2681 857 2713 maioribus.

57 2727 65 2733 ‘
79 2723 135 2756 Sic
159 2723 261 2756 etiam
281 2723 455 2757 subiicitur
479 2725 730 2769 comparativo,
755 2725 857 2770 idque

79 2780 200 2812 magna
221 2781 295 2802 eum
318 2770 370 2811 vi,
397 2777 435 2803 ut
453 2770 497 2803 de
516 2773 607 2804 Orat.
627 2773 670 2804 ΙΙ.
691 2770 746 2811 46,
771 2773 855 2806 192:

80 2815 141 2847 sed
171 2814 236 2847 alia
267 2823 345 2848 sunt
377 2820 505 2850 maiora
539 2820 647 2850 multo.
693 2818 779 2850 Ibid.
801 2816 856 2855 42,

83 2860 168 2894 1725:
190 2863 289 2901 plura
309 2862 398 2894 enim
417 2866 516 2896 multo
534 2864 686 2896 homines
709 2864 859 2896 iudicant

83 2905 162 2939 odio
191 2913 249 2939 aut
279 2917 414 2952 amore,
462 2921 562 2952 qnam
591 2910 747 2942 veritate.
809 2910 858 2941 De

80 2963 202 2996 graeca
224 2951 338 2995 lingua
361 2953 405 2987 ef.
430 2955 602 2988 Demosth.
627 2956 669 2988 de
697 2956 859 2987 Cherson.

80 3009 115 3042 p.
129 2994 206 3038 106,
220 2996 285 3032 66:
307 2992 536 3044 ἀνδρειότερον
556 3001 670 3046 πολλῷ
688 2997 858 3035 πολιτεύε-

888 1672 987 1704 supra
1009 1659 1051 1692 ad
1067 1661 1091 1691 1.
1106 1664 1159 1698 ΖΗ,
1180 1664 1234 1691 4.).
1259 1671 1484 1703 exposuimus.

956 1710 1010 1740 we
1028 1705 1115 1749 tero]
1141 1705 1292 1749 sapiens:
1320 1717 1377 1739 nos
1389 1710 1508 1748 autem,
1531 1705 1670 1751 quinon

888 1754 1058 1797 sapientes
1082 1764 1204 1783 sumus.

959 1800 1033 1832 105.
1071 1800 1161 1839 apud
1185 1800 1395 1841 Heraclitum‘j
1428 1799 1527 1843 Diog.
1553 1800 1669 1832 Laert.

892 1847 941 1879 IX
956 1871 962 1883 ,
985 1848 1018 1877 2.

956 1891 1166 1932 Hermodoro]
1192 1890 1368 1931 „Quarum
1385 1891 1510 1935 (legum
1521 1892 1592 1924 ΧΠ
1612 1898 1669 1925 ta-

886 1938 1053 1979 bularum)
1097 1936 1314 1970 ferendarum
1353 1945 1526 1971 auctorem
1566 1938 1671 1971 fuisse

887 1983 1085 2018 decemviris
1100 1983 1349 2016 Hermodorum
1373 1985 1539 2029 quendam
1553 1986 1670 2030 Ephe-

887 2031 982 2069 sium,
1009 2030 1216 2062 exsulantem
1238 2029 1272 2062 in
1296 2030 1393 2063 Italia
1417 2031 1551 2075 quidam
1574 2038 1671 2064 retu-

887 2077 1011 2112 lerunt.
1047 2077 1213 2120 Pompon.
1240 2076 1282 2108 de
1306 2077 1390 2121 orig.
1412 2078 1510 2110 iuris:
1541 2078 1671 2122 Digest.

890 2126 914 2157 Ι.
937 2126 969 2162 2,
993 2124 1025 2156 2.
1065 2123 1116 2155 Cf.
1140 2123 1224 2155 Plin.
1247 2123 1281 2155 h.
1296 2135 1329 2156 n.
1353 2122 1410 2165 54,
1430 2125 1488 2157 5.“
1524 2127 1670 2158 Orellius.

958 2172 1122 2203 universos
1135 2171 1195 2212 ait]
1217 2169 1361 2202 Tirones
1376 2170 1568 2211 observent,
1590 2171 1671 2204 lati-

889 2228 951 2250 nos
972 2215 1155 2259 scriptores
1177 2216 1315 2248 verbum
1330 2219 1376 2249 ait
1391 2224 1425 2249 et
1442 2220 1555 2259 inquil,
1575 2230 1671 2262 grae-

891 2275 947 2296 cos
983 2262 1072 2307 φησί
1106 2262 1146 2294 ab
1178 2261 1278 2294 initio
1313 2263 1475 2296 orationis
1511 2265 1670 2303 inserere,

890 2309 954 2341 etsi
987 2310 1052 2342 iarn
1074 2308 1213 2341 verbum
1234 2310 1436 2349 antecessit,
1473 2310 1565 2354 quod
1591 2321 1671 2342 ora-

887 2356 1016 2388 tionem
1039 2355 1211 2388 indicavit.
1261 2356 1393 2388 Cornel.
1416 2357 1502 2399 Nep.
1524 2355 1670 2388 Hannib.

890 2403 931 2439 ΙΙ,
951 2402 992 2435 3:
1018 2401 1086 2434 hoc
1101 2400 1272 2434 adiunxit:
1300 2403 1408 2441 Pater,
1432 2404 1553 2443 inquil,
1577 2413 1671 2433 meus

890 2448 1070 2481 Hamilcar.
1119 2448 1195 2481 Hoc
1227 2455 1340 2481 autern
1376 2449 1452 2480 loco
1483 2459 1552 2479 non
1571 2449 1673 2489 inquit

889 2495 946 2527 sed
965 2497 1010 2527 ait
1030 2494 1178 2538 positum
1200 2501 1260 2533 est,
1285 2495 1360 2538 quia
1385 2493 1546 2526 Heracliti
1568 2493 1672 2526 verba

890 2553 957 2573 non
994 2541 1123 2573 directe
1137 2568 1144 2580 ,
1183 2541 1242 2573 sed
1279 2540 1463 2579 indirecte,
1501 2547 1537 2572 ut
1565 2539 1670 2580 aiunt,

893 2595 1208 2620 commemorantur.

960 2636 1056 2667 Nemo
1076 2654 1122 2658 -—
1142 2631 1287 2675 excellat]
1315 2632 1356 2663 H.
1371 2643 1399 2664 e.
1420 2643 1463 2663 ne
1484 2631 1567 2675 quis.
1599 2632 1671 2664 Ra-

891 2679 958 2712 rius
976 2691 1067 2713 nemo
1089 2679 1212 2711 dicitur
1234 2689 1295 2720 pro
1318 2687 1357 2709 ne
1378 2680 1459 2724 quis.
1492 2678 1589 2709 Plura
1609 2689 1670 2709 ex-

892 2726 1003 2770 empla
1031 2724 1167 2767 collegit
1188 2725 1393 2763 Stizrenbury.
1419 2723 1454 2754 in
1482 2723 1670 2756 Comment-

894 2774 944 2810 ΙΙ,
966 2774 999 2805 5.
1029 2772 1072 2803 ad
1093 2770 1189 2802 Ol't'ic.
1210 2781 1243 2812 p.
1258 2770 1332 2801 115³.
1357 2769 1453 2800 Verr.
1478 2770 1502 2800 Ι.
1529 2769 1580 2809 17,
1604 2770 1669 2803 50:

894 2825 977 2862 opto
991 2844 998 2855 ‚
1036 2825 1072 2849 ut
1093 2818 1125 2848 in
1149 2816 1215 2847 hoc
1236 2813 1359 2846 iudicio
1386 2825 1476 2847 nemo
1496 2815 1671 2859 improbus

892 2864 1088 2907 reperiatur.
1123 2860 1236 2893 Verba
1257 2872 1376 2903 graeca
1394 2872 1447 2904 ap.
1463 2861 1559 2905 Diog.
1579 2861 1602 2894 l.
1615 2861 1668 2895 d.:

891 2908 1033 2952 ‘Huius-a
1059 2905 1148 2950 μηδὲ
1167 2904 1223 2954 ἐἷς
1245 2904 1405 2949 &vnio-:og
1429 2906 1541 2941 ἔστω·
1576 2907 1606 2942 εἰ
1630 2907 1671 2944 δέ

891 2967 943 2994 τις
966 2954 1135 2992 τῦιοῦτος,
1162 2948 1248 2996 ἄλλῃ
1271 2964 1310 2986 τε
1333 2951 1392 2986 καὶ
1417 2950 1492 2996 μετ’
1516 2949 1638 2990 ἄλλων.

962 3000 1127 3042 Aristides]
1146 2998 1277 3031 cornel.
1294 2999 1382 3044 Nep.
1397 2999 1534 3033 Aristid.
1555 3013 1627 3046 cap.
1643 3002 1669 3034 I.
