1859 3149
1609 61 1694 107 219

84 154 309 208 caecitate,
356 154 406 196 de
424 153 531 196 omni
559 165 655 194 casu
670 186 681 206 ,
715 153 755 195 in
778 168 855 209 quo
874 166 1020 195 nomen
1043 152 1134 209 poni
1152 152 1256 194 solet
1274 150 1525 193 calamitatis.
1580 153 1691 197 Haec

89 228 238 273 Graeci
263 230 304 272 in
325 228 501 285 singulas
525 227 681 270 scholas
704 235 745 270 et
764 228 803 269 in
830 228 1009 282 singulos
1031 228 1154 269 libros
1176 227 1432 284 dispertiunt,
1467 241 1566 284 opus
1587 230 1694 272 enim

86 313 305 362 quaeruut3
350 318 572 361 quanquam
593 303 733 360 plenae
753 303 1042 359 disputationes
1064 303 1340 345 delectationis
1357 310 1465 344 suut.
1531 310 1604 345 82.
1638 304 1694 347 Et

635 70 808 105 LIBER
832 72 891 104 ΙΙΙ.
914 69 980 113 34,
1005 69 1061 106 82.
1082 69 1160 106 83„

85 387 219 422 tamen
241 387 284 422 ut
306 380 447 421 medici
470 386 554 421 toto
581 393 749 436 corpore
774 379 950 420 curando
979 379 1165 420 minimae
1190 379 1306 420 etiam
1331 378 1455 435 parti,
1489 380 1523 421 si
1544 382 1693 423 condo-

86 456 185 508 luit,
217 446 451 507 medentur3
500 455 558 496 sic
584 454 854 512 philosophia,
889 468 1006 509 quum
1032 454 1260 495 universam
1291 455 1578 511 aegritudinem
1604 471 1693 500 sus-

89 530 204 583 tulit,
253 537 385 573 tamen
423 530 456 572 si
490 531 577 586 quis
606 544 723 571 error
753 529 912 571 aliunde
938 530 1119 582 exstitit,
1164 530 1196 570 si
1227 539 1438 586 paupertas
1463 533 1690 586 momordit,

85 606 120 649 si
138 607 356 663 ignominia
379 606 564 663 pupugit,
599 605 631 647 si
651 605 741 661 quid
765 605 1019 647 tenebrarum
1044 605 1184 647 oll’udit
1200 606 1383 647 exsilium
1401 640 1411 658 ,
1447 614 1515 648 aut
1534 621 1690 661 eorum,

85 696 187 739 quae
210 683 328 724 modo
349 682 450 735 dixi,
483 681 518 724 si
538 682 627 737 quid
648 681 821 733 exstitit,
853 688 893 722 et
916 681 948 722 si
973 681 1216 736 singularum
1239 695 1372 723 rerum
1398 691 1489 724 sunt
1511 684 1694 740 propriae

1531 757 1613 800 Sed
1645 760 1692 801 ad

83 832 252 874 eundem
280 834 428 874 sontem
458 832 739 874 revertendum
769 839 854 884 est,
887 833 1176 887 aegritudinem
1204 847 1360 875 omnem
1388 833 1525 889 proi-ul
1552 834 1694 876 abesse

84 757 406 809 consolationes,
454 757 501 799 de
533 757 675 813 quibus
706 757 844 798 audies
880 763 920 798 tu
955 757 1136 812 quidem,
1187 772 1303 813 quum
1336 757 1466 799 voles.

84 921 107 949 a
130 908 336 964 sapiente,
384 908 486 963 quod
515 908 645 949 inanis
669 908 744 960 sit,
780 909 881 964 quod
906 910 1052 950 frustra
1079 909 1345 965 suscipiatur,
1393 910 1495 965 quod
1517 924 1596 950 non
1623 924 1693 951 na-

83 990 173 1025 tura
197 983 430 1035 exoriatur,
477 984 546 1024 sed
585 983 757 1035 iudicio,
806 985 875 1024 sed
909 984 1121 1039 opinione,
1168 985 1237 1025 sed
1265 985 1429 1040 quadam
1454 985 1693 1027 invitatione

1400 1066 1475 1102 85.
1513 1060 1600 1102 Hoc
1625 1061 1693 1102 de—

87 1141 241 1186 tracto,
290 1134 393 1189 quod
419 1142 541 1176 totum
571 1141 633 1175 est
659 1135 952 1186 voluntarium,
987 1136 1194 1190 aegritudo
1221 1136 1296 1177 crit
1323 1135 1474 1177 sublata
1498 1136 1562 1176 illa
1587 1150 1695 1178 mae-

84 1059 133 1100 ad
155 1059 389 1110 dolendum,
423 1073 542 1114 quum
565 1059 601 1100 id
626 1059 925 1101 decreverimus
947 1060 999 1100 ita
1024 1060 1108 1100 lieri
1133 1067 1337 1115 oportere.

82 1222 201 1260 rens3
247 1223 404 1251 morsus
432 1216 564 1251 tamen
589 1217 627 1250 et
647 1211 1012 1251 contractiunculae
1040 1212 1230 1266 quaedam
1251 1211 1371 1252 animi
1397 1212 1690 1267 relinquentur.

81 1282 196 1325 Hanc
229 1283 362 1325 dicant
393 1298 489 1326 sane
520 1285 767 1337 naturalem,
814 1286 903 1326 dum
933 1286 1193 1340 aegritudinis
1230 1301 1375 1328 nomen
1413 1286 1514 1327 absit
1548 1301 1689 1342 grave,

79 1366 224 1401 tetrum
241 1391 253 1412 ,
289 1360 515 1412 funestum,
550 1361 653 1415 quod
672 1375 758 1401 cum
782 1361 975 1416 sapientia
999 1376 1090 1402 esse
1115 1369 1233 1417 atque
1250 1395 1260 1414 ,
1296 1369 1338 1403 nt
1361 1361 1413 1403 ita
1435 1363 1562 1403 dicam
1579 1395 1590 1415 ‚
1626 1363 1691 1405 lia-

79 1433 207 1476 bitare
243 1434 350 1476 nullo
381 1434 497 1477 modo
516 1435 658 1493 possit.
722 1436 856 1491 Atque
889 1437 1034 1493 stirpes
1056 1444 1148 1477 sunt
1171 1438 1432 1494 aegritudinis
1455 1453 1571 1494 quam
1592 1438 1693 1480 mul-

80 1510 168 1552 tae!
223 1525 340 1567 quam
375 1512 559 1552 amarae!
616 1525 744 1567 quae,
788 1511 874 1567 ipso
908 1520 1050 1554 trunco
1083 1526 1257 1566 everso,
1305 1528 1445 1555 omnes
1482 1514 1690 1557 elidendae

77 1634 176 1666 tiones
198 1634 343 1674 adhibet,
378 1634 406 1665 si
429 1634 630 1675 sinyularum
663 1644 768 1666 rerum
791 1638 862 1667 sunl
898 1634 1046 1679 reliquae
1087 1634 1252 1676 virtutes,
1305 1649 1444 1682 quarum
1484 1649 1557 1669 esse
1595 1637 1687 1671 nulla

76 1681 228 1720 propriae
250 1681 489 1712 consolationes.

99 1737 101 1739 ’
151 1727 179 1758 δι’
197 1728 268 1767 quis
286 1728 387 1768 error]
415 1725 471 1758 b'ic
491 1737 607 1758 omnes
627 1725 704 1759 libri
718 1753 725 1764 ,
753 1726 862 1759 nullus

81 1773 110 1804 si
141 1774 213 1813 qui
245 1782 340 1805 error.
387 1772 428 1802 V.
454 1783 515 1804 nos
536 1772 570 1805 in
594 1773 654 1806 Gr.
677 1774 716 1805 L.
740 1774 771 1817 §-
788 1772 862 1807 124.

81 1817 166 1850 Not.
181 1819 213 1851 2.
238 1817 361 1861 p.·.²73.
386 1817 439 1850 ed.
457 1818 488 1851 2.

149 1866 178 1897 si
193 1865 270 1906 quid
286 1865 486 1897 tenebrarum
505 1867 635 1909 offudit]
662 1866 705 1897 N.
722 1866 763 1898 D.
788 1867 810 1897 l.
829 1866 863 1905 3,

78 1907 120 1943 6:
156 1921 242 1954 quae
265 1909 374 1942 lucem
399 1910 545 1954 eriperet
571 1919 605 1944 et
629 1911 720 1956 quasi
744 1916 866 1944 noctem

80 1955 248 1999 quandam
268 1955 366 1988 rebus
387 1959 572 1998 offunderet.
609 1958 699 1989 [nfra
720 1958 758 1989 V.
775 1960 809 1999 2,
825 1958 863 1989 u:

79 2000 164 2034 haec
185 2001 398 2034 indoctorum
419 2002 537 2034 animis
557 2006 662 2044 offusa
683 2006 785 2045 cali90
803 2010 864 2035 est.

150 2049 279 2091 audies]
326 2047 414 2081 libro
451 2055 570 2091 quarto
604 2050 738 2082 Tuscul.
772 2050 864 2093 Disp.

80 2092 137 2126 Ad
159 2104 252 2138 seqq.
288 2095 352 2126 Sed
379 2095 423 2126 ad
448 2096 581 2127 eundem
613 2097 728 2136 fontem
762 2106 866 2129 rever-

82 2141 213 2172 tendum
237 2143 282 2173 est
302 2151 342 2172 ex
363 2140 545 2172 autecedd.
567 2141 793 2186 supplendum
815 2148 866 2175 est

84 2187 118 2218 in
143 2187 278 2227 singulis
299 2187 400 2219 rebus.

149 2232 206 2265 ὃὸ.
240 2235 528 2266 contractiunculae
559 2253 606 2260 --
630 2236 860 2278 relinquentur]

81 2276 138 2310 Sic
167 2275 284 2321 legunt
307 2289 422 2311 omnes
446 2279 544 2312 codd.
573 2287 606 2313 et
627 2281 717 2313 Nou.
740 2282 862 2325 p.9·.’.;

79 2324 237 2356 Bentleius
267 2323 446 2368 legendum
477 2333 577 2370 putat
608 2330 863 2360 contractiuncu-

79 2370 114 2402 la
142 2388 188 2394 —
217 2371 432 2412 relinquetur,
466 2372 543 2416 quia
577 2380 736 2417 sequatur
768 2375 863 2414 hanc,

81 2426 280 2460 semperque
296 2416 413 2450 Cicero
430 2417 552 2451 dixerit
571 2422 742 2452 contractio
761 2421 862 2452 animi

82 2466 118 2494 et
139 2462 258 2495 doloris
274 2473 398 2496 morsus
416 2475 556 2498 numero
577 2464 673 2509 sing„
699 2477 767 2498 non
789 2476 862 2498 con-

82 2509 251 2541 tractiones
273 2515 308 2540 et
338 2519 472 2543 morsus.
519 2514 562 2543 At
593 2511 723 2554 optime
747 2519 862 2543 contra

81 2553 249 2595 floridius,
273 2554 519 2599 Wopke'nsium
546 2564 701 2597 secutus,
724 2569 758 2601 p.
778 2555 860 2590 119:

81 2598 201 2638 „Nihil
230 2599 392 2644 integrius
422 2609 474 2635 est
497 2602 663 2646 scriptura
687 2603 860 2641 codicum3

87 2645 169 2678 hanc
193 2647 302 2679 dicant
335 2657 412 2680 sane
436 2651 616 2681 naturalem
637 2649 785 2693 positum
811 2656 863 2682 est

82 2699 164 2732 pro:
194 2692 252 2725 hac
272 2694 382 2726 dicant
402 2697 571 2735 naturale,
595 2701 630 2727 et
653 2695 796 2728 relatum
819 2695 863 2728 ad

85 2737 350 2776 aegritudinemf‘
364 2758 410 2764 —
443 2740 536 2780 „Sed
556 2748 627 2773 tum
648 2741 782 2781 dixerit,
807 2741 863 2773 in·-

84 2779 198 2823 quies,
224 2782 363 2825 Cicero,
388 2785 653 2829 aegritudinem,
686 2799 771 2831 quae
797 2787 863 2820 iam

85 2823 216 2860 sublata
235 2836 333 2869 esset,
357 2830 460 2863 licere
477 2831 543 2864 dici
561 2833 760 2876 naturalem,
784 2845 863 2866 mo-

86 2869 133 2906 do
155 2881 224 2904 non
247 2875 437 2917 appelletur
458 2878 654 2921 aegritud03
690 2886 792 2922 atque
815 2879 864 2911 ita

85 2915 328 2958 aegritudinem
358 2922 495 2955 vocabit
523 2923 578 2965 id,
615 2936 634 2956 a
658 2936 725 2967 quo
748 2924 865 2957 abesse

85 2971 210 3009 nomen
239 2962 323 2996 fflud
344 2966 438 2999 velit.
483 2968 551 3001 Sed
571 2980 641 3003 non
661 2969 710 3001 ita
734 2975 784 3001 est
807 2981 863 3002 ar-

25 3025 30 3029 *
85 3006 292 3051 gutandum;
315 3010 468 3045 similiter
487 3014 577 3047 enim
598 3014 702 3047 Acad.
727 3015 779 3056 11,
799 3011 862 3049 46:

899 1689 1036 1725 potest,
1071 1682 1133 1714 nisi
1154 1683 1218 1715 erit
1240 1683 1409 1725 gratuitam
1436 1695 1513 1716 nam
1535 1696 1621 1728 quae
1643 1704 1690 1709 --

901 1728 1077 1772 voluptate
1100 1729 1141 1761 ad
1165 1730 1315 1762 ollicinm
1338 1730 1531 1774 impellitur,
1559 1742 1597 1762 ea
1618 1742 1687 1764 non

901 1782 951 1806 est
978 1775 1092 1813 virtus,
1119 1775 1177 1807 sed
1204 1776 1306 1807 fallax
1330 1775 1475 1808 imitatio
1496 1777 1688 1810 simulatio-

901 1832 964 1863 que
986 1821 1129 1853 virtutis.
1151 1821 1193 1853 de
1218 1821 1329 1853 Divin.
1351 1823 1374 1859 Ι,
1393 1823 1456 1854 30.-
1484 1823 1590 1855 Multa
1611 1835 1687 1855 me-

900 1866 965 1898 ‹lici
986 1867 1239 1909 praesentiunt3
1265 1867 1325 1900 sed
1346 1868 1470 1900 nullam
1494 1880 1608 1901 eorum
1631 1868 1688 1902 di-

902 1912 1109 1944 vinationem
1136 1926 1232 1951 voco,
1262 1926 1303 1945 ne
1326 1914 1418 1946 illam
1441 1914 1596 1959 quidem,
1623 1928 1688 1960 qua

901 1958 1022 1990 moniti
1040 1959 1300 1992 Lacedaemonii
1319 1968 1417 1999 sunt,
1442 1960 1475 1993 h.
1497 1973 1525 1993 e.
1549 1962 1610 1994 sed
1632 1962 1688 1994 ni-

901 2004 947 2036 hil
972 2005 1039 2037 tale
1072 2006 1126 2038 vel
1159 2006 1285 2038 nullam
1316 2007 1420 2039 talem
1444 2019 1562 2040 eorum
1583 2020 1688 2053 prae-

900 2051 1089 2084 sensionem
1103 2064 1189 2085 voco
1202 2052 1471 2086 divinationem“
1484 2061 1564 2087 cett.
1594 2057 1687 2098 Wop-

901 2098 984 2129 kens.

970 2146 1054 2185 quod
1076 2155 1149 2177 cum
1171 2148 1330 2187 sapientia
1352 2157 1418 2180 esse
1446 2151 1539 2189 atque
1560 2168 1606 2172 —
1627 2149 1686 2181 ha·

899 2191 999 2222 bilare
1021 2210 1066 2214 —
1085 2192 1198 2235 possit]
1234 2193 1325 2224 [nfra
1350 2194 1389 2224 V.
1417 2191 1481 2233 24,
1505 2193 1570 2227 θῦε
1610 2195 1685 2234 Quo

897 2236 1036 2268 tandem
1068 2236 1171 2280 igitur
1202 2238 1326 2282 gaudio
1359 2239 1452 2272 affici
1474 2252 1612 2273 necesse
1637 2247 1688 2273 est
1751 2250 1754 2251 ’

898 2282 1058 2325 sapientis
1102 2283 1250 2317 animum
1295 2296 1367 2318 cum
1407 2288 1457 2319 his
1490 2288 1685 2320 habitantem

897 2336 1222 2375 pernoctantemque
1241 2331 1338 2365 curis.
1374 2332 1493 2376 Comp.
1509 2345 1557 2376 gr.
1577 2344 1685 2367 συνοι-

897 2378 967 2409 κεῖν
988 2386 1062 2410 τινι.
1107 2377 1157 2408 De
1178 2377 1394 2411 coniunctivo
1415 2380 1500 2420 quod
1519 2398 1565 2403 -—
1580 2381 1680 2420 possit

898 2433 929 2453 v.
953 2432 1017 2453 nos
1039 2421 1073 2453 in
1096 2423 1245 2456 Gramm.
1260 2424 1301 2457 L.
1318 2424 1448 2468 §.146,
1470 2424 1503 2458 3.
1529 2425 1577 2465 2).

976 2471 1074 2509 Atque
1105 2472 1218 2510 stirpes
1240 2490 1286 2494 —
1309 2481 1409 2512 quam
1436 2470 1593 2514 mult-aet]
1628 2471 1682 2502 De

898 2512 1079 2546 verborum
1113 2515 1337 2549 collocatione
1373 2516 1418 2548 cf.
1443 2516 1517 2547 Fin.
1548 2517 1591 2548 11.
1621 2515 1681 2548 12:

898 2559 998 2592 Nunc
1032 2572 1114 2593 vero
1149 2562 1383 2606 suppeditabit
1417 2561 1513 2593 nobis
1551 2560 1682 2594 Atticus

898 2612 1015 2638 noster
1036 2617 1078 2638 ex
1108 2606 1273 2640 thesauris
1305 2608 1371 2639 suis
1403 2617 1480 2647 quos
1499 2610 1527 2638 et
1549 2610 1684 2647 quantos

896 2653 1008 2684 viros!
1067 2652 1180 2685 Divin.
1205 2655 1246 2685 ΙΙ.
1270 2654 1333 2686 ὅδε
1373 2664 1514 2695 quorum
1545 2652 1681 2695 quidem

899 2697 1053 2731 defensio
1084 2699 1227 2741 repetita
1256 2708 1352 2739 quam
1383 2700 1472 2738 lonye
1501 2697 1569 2730 est!
1630 2700 1682 2732 De

897 2743 1062 2786 particula
1086 2746 1179 2784 alque
1202 2755 1233 2775 v.
1259 2743 1302 2774 ad
1327 2744 1386 2774 ΠΙ.
1409 2742 1449 2782 2,
1475 2740 1508 2775 4.

966 2789 1145 2832 elidendae]
1172 2788 1290 2821 Lectio
1313 2789 1475 2829 e1i9endae
1495 2788 1591 2823 huius
1611 2790 1680 2825 loci

898 2834 1022 2867 rationi
1051 2842 1085 2867 et
1105 2841 1245 2866 naturae
1269 2833 1362 2866 nullo
1387 2840 1487 2877 pacto
1511 2842 1591 2880 apta
1615 2844 1678 2871 est.

903 2880 1028 2912 Contra
1060 2879 1193 2923 egregie
1223 2891 1297 2911 sese
1327 2879 1544 2914 commendat
1572 2883 1680 2918 altera

898 2925 1002 2959 lectio
1022 2927 1205 2965 elidendae,
1240 2925 1272 2957 h.
1297 2936 1327 2957 e.
1347 2925 1506 2959 radicitus
1527 2929 1680 2963 evellen-

901 2970 986 3014 dae,
1011 2969 1255 3009 extrahendae,
1281 2970 1528 3014 exstirpandae.
1574 2977 1614 3008 V.
1634 2976 1678 3010 ad

900 3017 942 3049 Π.
958 3016 1011 3058 11,
1035 3015 1091 3050 27.
1138 3015 1270 3049 Dicitur
1289 3016 1425 3062 quidem
1445 3019 1547 3054 etiam
1567 3024 1679 3065 eliyere
