1859 3149
1560 26 1645 72 ‘287

48 125 156 170 Nam
189 124 254 168 cui
279 124 394 177 viro,
439 122 588 179 inquit,
637 135 692 162 ex
721 134 766 162 se
790 120 875 175 ipso
899 126 990 176 apta
1015 124 1110 160 sunt
1130 116 1285 169 omnia,
1332 129 1434 172 quae
1459 118 1510 159 ad
1530 117 1648 162 beate

48 201 264 245 vivendum
291 201 446 251 ferunt,
491 211 564 239 nec
590 210 786 252 suspensa
805 195 973 236 aliorum
1011 200 1078 235 aut
1101 192 1207 234 hono
1229 205 1327 234 casu
1357 198 1428 234 aut
1448 195 1650 238 contrario

50 277 224 336 pendere
261 289 315 318 ex
337 273 501 316 alterius
525 272 683 314 eventis
719 278 760 313 et
782 284 919 313 errare
942 275 1161 325 coguntur,
1207 267 1297 309 huic
1322 267 1469 324 optime
1490 268 1651 312 vivendi

52 353 156 395 ratio
177 356 405 408 comparata
432 356 508 390 est.
573 347 650 389 Hic
673 354 736 388 est
756 346 822 388 ille
847 345 1093 395 moderatus,
1127 342 1190 383 hic
1218 342 1349 395 fortis,
1385 343 1447 385 hie
1471 345 1649 401 sapiens,

53 428 139 480 hic,
188 433 230 468 et.
252 423 508 467 nascentibus
531 430 570 465 et
593 421 826 465 cadentibus
854 435 971 476 quum
1000 417 1164 473 reliquis
1188 419 1428 471 commodis,
1462 427 1542 461 tum
1569 435 1654 462 ma-

51 502 160 545 xime
184 500 337 552 liberis,
371 499 523 556 parebit
543 506 583 541 et
606 497 765 540 obediet
787 502 998 553 praecepto
1025 494 1079 535 illi
1104 493 1258 545 veteri3
1292 507 1420 549 neque
1444 495 1548 536 enim
1572 496 1655 538 lae-

51 570 198 620 tabitu’r
215 590 410 632 unquam,
455 590 528 617 nec
549 573 743 615 maerebit
758 559 903 623 nimis,
947 570 1048 627 quod
1067 583 1226 626 semper
1252 568 1292 610 in
1317 583 1361 610 se
1381 569 1467 626 ipso
1495 585 1653 613 omnem

51 667 161 710 spem
189 658 357 709 reponet
390 651 466 692 sui.
529 655 600 692 37.
634 647 703 690 Ex
737 647 811 689 hoc
831 647 953 703 igitur
975 644 1157 687 Platonis
1188 645 1301 702 quasi
1323 645 1491 702 quodam
1514 654 1653 689 sancto

52 735 301 784 augustoque
333 727 443 768 fonte
474 731 611 767 nostra
644 723 772 765 omnis
804 721 982 764 manabit
1012 721 1158 763 oratio.

168 800 294 844 XIII.

54 861 218 935 parente
241 877 410 919 natura?
455 890 557 932 quae
583 875 766 932 quicquid
791 875 954 931 genuit,
990 889 1070 915 non
1097 873 1213 915 modo
1240 873 1407 925 animal,
1441 875 1511 916 sed
1537 875 1655 917 etiam

642 38 812 86 ⁴nmen
836 34 1050 80 v.12,37.

357 800 470 844 Unde
498 801 618 857 igitur
644 798 766 840 ordiri
790 798 939 840 rectius
971 812 1207 855 possumus,
1254 811 1368 853 quam
1405 811 1427 839 a
1457 801 1656 842 communi

55 953 159 1010 quod
189 952 244 995 ita
276 959 384 994 esset
422 959 553 993 ortum
588 965 610 992 e
647 960 776 1003 terra,
825 957 868 990 ut
903 950 1090 1005 stirpibus
1124 949 1206 990 suis
1242 949 1463 1001 niteretur,
1509 950 1549 991 in
1582 965 1656 993 suo

53 1029 223 1085 quidque
254 1041 403 1084 genere
428 1028 646 1083 perfectum
673 1040 763 1068 esse
789 1025 931 1066 voluit.
996 1023 1132 1080 Itaque
1169 1031 1208 1065 et
1229 1024 1394 1065 arbores
1411 1057 1422 1077 ‚
1467 1033 1507 1066 et
1532 1026 1652 1079 vites,

56 1111 97 1146 et
122 1118 193 1155 ea,
242 1117 343 1159 quae
364 1110 456 1144 sunt
483 1102 717 1154 humiliora,
768 1114 897 1156 neque
921 1114 964 1141 se
991 1100 1130 1141 tollere
1153 1114 1175 1140 a
1197 1107 1304 1141 terra
1331 1100 1448 1141 altius
1471 1109 1652 1157 possunt,

55 1179 133 1220 alia
159 1192 318 1234 semper
343 1177 498 1230 virent,
547 1178 624 1219 alia
645 1178 772 1219 hieme
799 1176 943 1218 nudata
969 1189 1096 1217 verno
1121 1183 1297 1231 tempore
1326 1176 1521 1231 tepefacta
1549 1178 1658 1219 fron·

57 1254 247 1306 descunt,
237 1270 247 1280 ·
279 1267 409 1310 neque
430 1260 493 1295 est
515 1253 657 1304 ullum,
692 1252 794 1308 quod
817 1267 896 1293 non
918 1251 970 1292 ita
989 1251 1125 1307 vigeat
1145 1250 1338 1292 interiore
1360 1251 1528 1306 quodam
1549 1260 1657 1295 motu

59 1369 110 1402 bis
131 1369 363 1423 inexspectata
394 1368 528 1402 accidit.
578 1368 633 1400 Sic
663 1380 762 1411 saepe
784 1380 836 1412 ap.
876 1379 904 1399 c.
922 1366 988 1406 ¹21,
1010 1367 1074 1400 6’;
1109 1366 1293 1409 fulgentem
1329 1366 1477 1408 gladium
1512 1377 1527 1399 e
1558 1367 1653 1400 lacu-

62 1415 132 1449 Cic.
153 1415 293 1459 legitur.
320 1418 388 1448 oIn’
408 1417 564 1448 tandem?
590 1422 624 1447 et
643 1418 711 1447 oin'
728 1420 772 1448 tu.

129 1476 177 1506 An
196 1483 253 1515 290
277 1473 412 1517 possim]
450 1472 690 1505 Coniunctivus
721 1475 841 1513 possim

60 1519 208 1564 ponitur,
235 1519 310 1562 quia
332 1531 371 1551 ex
393 1518 530 1551 ulterius
551 1526 664 1551 mente
689 1519 838 1551 iuterro-

62 1572 171 1610 gatur.
223 1566 272 1598 De
301 1576 345 1598 an
367 1564 402 1597 in
429 1565 648 1607 responsione
681 1571 839 1608 usurpato

63 1613 108 1645 cf.
136 1624 164 1644 c.
184 1611 253 1654 26,
276 1611 337 1646 73:
378 1615 415 1643 A.
440 1611 594 1643 Etiamne
626 1611 659 1643 in
694 1611 840 1644 cruciatu

62 1664 164 1702 atque
186 1656 393 1690 tormentis?
424 1658 470 1690 M.
493 1661 539 1690 An
562 1665 597 1689 tu
621 1669 674 1689 me
696 1657 728 1689 in
752 1657 840 1689 viola

63 1703 205 1748 putabas
237 1710 295 1736 aut
323 1703 356 1736 in
381 1715 458 1736 rosa
484 1703 624 1736 dicere?
667 1703 738 1736 Fin.
762 1705 786 1737 Ι.
807 1710 840 1743 θ,

61 1752 128 1787 ’Δός
167 1749 234 1782 Sed
258 1749 301 1782 ad
334 1749 438 1789 haec,
473 1749 537 1782 nisi
572 1749 751 1782 molestum
779 1756 839 1787 est,

62 1796 173 1829 habeo
195 1807 280 1840 quae
300 1795 410 1828 velim.
448 1803 497 1829 An
515 1808 579 1833 me.
606 1796 752 1840 inquam,
779 1795 842 1827 nisi

60 1848 97 1875 te
121 1842 238 1875 audire
261 1841 402 1880 vellem,
434 1854 547 1875 censes
567 1842 651 1875 haec
675 1842 841 1874 dicturum

63 1888 195 1922 fuisse?
257 1888 309 1920 Cf.
343 1900 405 1921 nos
438 1888 472 1920 in
510 1889 569 1920 Gr.
594 1889 634 1920 L.
657 1889 685 1932 ς.
706 1889 786 1928 Ιύἒ),
807 1890 839 1920 2.

62 1946 95 1979 p.
109 1932 176 1970 447
188 1945 238 1979 sq.
258 1934 311 1966 ed.
327 1933 358 1967 2.

130 1994 226 2024 sitam
249 1994 350 2024 vitam
366 1991 505 2047 beatam]
526 1992 576 2023 De
592 1991 659 2023 hoc
678 2003 841 2036 παρηχη-

65 2049 147 2081 ματι
180 2037 235 2070 vel
259 2037 372 2081 potius
395 2049 473 2082 oxu-0⁹.
476 2049 512 2072 οτ
515 2035 643 2081 ελεύτῳ
667 2050 697 2070 v.
722 2037 842 2070 Adno-

67 2089 140 2116 tata
164 2083 198 2115 in
221 2084 278 2116 IV.
306 2083 369 2124 17,
390 2084 446 2117 33.

124 2139 306 2185 Videturne]
319 2139 543 2184 Exspectabas
556 2151 657 2174 nonne
667 2152 679 2182 ;
691 2147 726 2173 at
738 2140 842 2184 aptis-

63 2186 146 2219 sime
168 2193 361 2230 usurpatum
383 2199 454 2220 esse
476 2186 619 2231 simplex
642 2197 702 2228 ne,
726 2187 842 2220 docui-

63 2244 136 2266 mus
161 2233 204 2266 ad
229 2234 269 2266 II.
295 2234 354 2271 ΙΙ,
379 2233 434 2267 26.

133 2278 190 2313 36.
212 2281 247 2312 in
265 2281 447 2322 Epitaphio]
475 2291 532 2311 seu
553 2280 740 2311 Menexeno
761 2278 842 2311 Pla-

64 2325 164 2359 tonis.
212 2325 313 2359 .247.
335 2326 373 2358 E.
413 2325 542 2358 Grama
563 2326 615 2379 ²sic
636 2337 672 2356 se
692 2325 839 2357 hubent:

65 2383 137 2417 οτῳ
154 2383 219 2414 γαρ
234 2367 344 2427 ἀνδρὶ
349 2370 399 2410 εἰς
415 2370 533 2407 ἑαυτὲι
550 2368 741 2415 οἶνηρτητα.
759 2368 842 2404 πάν-

63 2429 107 2452 τα
127 2415 171 2452 τοὶ
191 2414 277 2472 πρὸς
305 2413 403 2452 edem
406 2417 532 2460 μοιίὰν·
549 2429 592 2462 φε
579 2417 669 2472 effo'or:
673 2430 694 2452 ’.κ
714 2437 759 2442 —-
783 2416 843 2471 κα]ἶ

65 2461 114 2507 μὴ
134 2463 169 2498 ἐν
191 2458 304 2501 ἄλλοις
327 2459 542 2505 οἷνὶτοώποις,
579 2462 614 2503 ἐξ
636 2476 682 2497 ων
706 2459 730 2506 ἦ
758 2474 794 2496 ευ
816 2476 838 2503 η

65 2509 184 2548 κακῶς
197 2506 394 2551 npafioivrma
410 2510 605 2543 πλα“)εἷσ.,αι
625 2523 647 2553 η
653 2506 844 2553 οάγκασται

65 2553 125 2590 καὶ
138 2553 182 2590 τὰ
199 2554 338 2590 ἐκείνου
359 2554 470 2600 τούτῳ
489 2552 546 2598 α’ρι
549 2567 613 2590 στα
627 2566 779 2598 παρεσκε
764 2554 842 2589 tiot-

68 2611 145 2637 σται
170 2601 252 2647 ζῇν,
278 2613 311 2636 κ
331 2612 360 2635 τ.
382 2603 410 2635 λ.

134 2668 173 2691 eae
187 2669 219 2692 se
235 2661 304 2699 ipso
320 2662 396 2698 apta
411 2659 500 2703 sunt]
520 2658 611 2691 cuius
625 2658 726 2690 animi
743 2664 844 2690 tran-

67 2703 212 2756 quini‘a?
247 2716 314 2737 non
349 2704 478 2748 pendet
505 2717 523 2738 a
551 2705 649 2737 rebus
685 2704 843 2743 exten-niz,

66 2748 126 2780 scd
137 2749 201 2782 ab
191 2750 331 2784 internis
344 2751 582 2795 perpetuisque
596 2750 705 2783 bonis.
725 2752 787 2783 Pax
789 2750 842 2784 ad

67 2794 120 2836 11,
144 2794 203 2828 17.
240 2795 297 2840 qui
322 2803 374 2829 est
397 2803 487 2829 totus
512 2801 607 2838 aptus
638 2807 678 2830 ex
700 2808 775 2830 sese.
800 2796 844 2828 de

66 2839 152 2872 Fato
175 2841 262 2878 XV,
281 2840 344 2876 34:
375 2854 490 2875 caussa
513 2854 554 2876 ex
574 2843 720 2876 aeternis
746 2854 844 2875 caus-

65 2884 110 2916 sis
132 2889 220 2926 apta
243 2886 315 2918 Fin.
341 2889 381 2920 Π.
408 2887 468 2927 14,
494 2889 540 2923 47
556 2903 563 2921 ι
586 2894 699 2931 aptum
721 2899 760 2921 ex
778 2888 842 2920 illis

64 2929 183 2963 tribus.
229 2931 323 2968 Infra
343 2945 371 2964 c.
391 2934 455 2971 25,
482 2934 544 2968 70.-
571 2946 684 2968 rerum
709 2945 843 2966 caussae

65 2975 151 3010 aliae
172 2986 212 3009 ex
229 2975 302 3009 aliis
319 2982 414 3018 aptae
445 2986 480 3012 et
500 2980 704 3014 necessitate
725 2990 842 3012 nexae.

876 1413 947 1446 nari
984 1419 1055 1445 seta
1094 1413 1213 1456 equini
1247 1417 1359 1453 aptum
1385 1412 1517 1444 demitti
1548 1413 1654 1449 iussit.

875 1459 1171 1492 V.Lrnes112(*12v
1192 1471 1222 1490 v.
1250 1463 1355 1499 aptus.
1391 1463 1502 1500 Apere,
1526 1455 1655 1502 ἅπτειν,

876 1513 927 1538 est
950 1510 1079 1539 nectere.
1129 1506 1180 1537 Cf.
1211 1504 1311 1537 verba
1335 1517 1467 1549 graeca.

943 1574 998 1595 nec
1020 1562 1188 1606 suspensa]
1226 1563 1334 1594 Locus
1361 1562 1511 1605 geminus
1533 1563 1658 1606 legitur

876 1609 918 1642 ad
944 1610 1033 1641 Fam.
1060 1610 1108 1646 V,
1137 1609 1197 1642 15:
1239 1620 1303 1640 non
1341 1609 1476 1640 aliunde
1508 1609 1657 1653 pendere

877 1668 939 1688 nec
963 1655 1167 1687 extrinsecus
1201 1667 1377 1699 suspensas
1401 1655 1524 1687 habere
1547 1655 1656 1688 ratio·—

876 1714 934 1735 nes
950 1702 1036 1734 bene
1054 1701 1206 1745 maleque
1221 1700 1367 1733 vivendi.
1403 1701 1456 1732 Cf.
1474 1713 1574 1745 supra
1593 1703 1655 1735 111.

880 1748 920 1783 17
933 1774 942 1789 ,
965 1748 1008 1782 37
1024 1760 1030 1779 :
1057 1748 1160 1779 virtus
1179 1750 1372 1780 extrinsecus
1388 1750 1524 1788 religata
1544 1755 1609 1780 etc.

946 1805 1000 1838 37.
1025 1804 1183 1847 Platonis]
1210 1805 1250 1835 V.
1271 1816 1332 1836 nos
1349 1804 1383 1836 in
1402 1804 1487 1836 libro
1507 1803 1600 1837 dicto
1616 1807 1655 1839 de

880 1853 943 1884 Cic.
960 1853 991 1882 in
1012 1853 1088 1891 phil.
1104 1860 1181 1882 mer.
1200 1861 1233 1892 p.
1246 1850 1290 1884 74
1302 1861 1351 1893 sq.
1373 1855 1482 1883 sancto
1504 1856 1656 1893 augusto-

876 1907 944 1938 que.
986 1896 1041 1928 Sic
1064 1896 1108 1928 N.
1133 1897 1171 1929 D.
1195 1897 1253 1927 ΙΙΙ.
1276 1896 1339 1934 21,
1364 1897 1419 1929 53.
1454 1896 1654 1940 iunguntur:

879 1943 989 1987 (deos)
1015 1946 1148 1983 auyusle
1171 1945 1336 1982 sancteque
1361 1954 1570 1976 veneramur.

948 1999 1027 2031 Cn’.
1050 2000 1145 2031 XIII.
1184 1999 1408 2043 Unde.i9ilur]
1446 2000 1580 2033 Virtute
1603 2001 1655 2034 vi-

875 2052 945 2078 tam
969 2046 1101 2078 beatam
1123 2045 1251 2085 confici,
1278 2045 1432 2078 concludi
1456 2054 1570 2090 potest
1589 2047 1657 2081 hoc

876 2092 999 2124 modo:
1040 2093 1190 2131 Natura,
1224 2091 1383 2136 quicquid
1416 2092 1551 2136 genuit,
1587 2105 1656 2126 non

876 2138 978 2171 modo
1011 2138 1188 2177 animalia,
1223 2138 1284 2170 sed
1308 2138 1410 2170 etiam
1434 2139 1586 2183 plantas,
1622 2140 1656 2172 in

875 2197 936 2217 suo
959 2185 1105 2229 quidque
1129 2196 1251 2227 genere
1282 2184 1474 2227 perfectum
1498 2197 1569 2217 esse
1590 2198 1656 2218 vo-

876 2231 947 2263 luit.
996 2235 1024 2263 A
1049 2231 1238 2274 plantarum
1270 2237 1382 2263 autem
1406 2231 1657 2276 bestiarumque

876 2276 1098 2321 perfectione,
1124 2284 1284 2321 tanquam
1298 2289 1317 2309 a
1334 2276 1462 2310 minore
1482 2277 1525 2310 ad
1539 2279 1654 2317 maius,

878 2323 1033 2355 concludi
1058 2323 1181 2362 debet,
1209 2322 1400 2363 hominem,
1427 2324 1477 2356 cui
1502 2335 1568 2356 non
1594 2335 1655 2355 so—

876 2370 943 2401 lum
967 2381 1102 2406 sensus,
1129 2369 1177 2401 uti
1196 2368 1312 2402 bestiis
1326 2396 1335 2409 ‚
1369 2369 1428 2402 sed
1449 2369 1576 2402 animus
1598 2369 1655 2401 dj-

878 2415 972 2447 xinus
996 2428 1015 2447 a
1039 2423 1157 2447 natura
1179 2414 1275 2447 datus
1298 2415 1364 2453 sit,
1403 2416 1550 2448 omnium
1573 2427 1655 2459 per-

879 2462 1096 2493 lectissimum
1118 2473 1199 2494 esse.
1250 2463 1385 2493 Summa
1407 2469 1517 2494 autem
1541 2461 1655 2494 homi-

879 2507 927 2539 nis
949 2507 1117 2552 perfectio
1139 2507 1294 2540 consistit
1314 2508 1347 2539 in
1372 2515 1485 2539 mente
1501 2508 1653 2552 perfecta

880 2561 937 2585 {ut
968 2554 1120 2587 absoluta
1152 2554 1291 2586 ratione.
1348 2553 1508 2585 Absoluta
1543 2560 1654 2586 autem

879 2600 964 2633 rutio
1001 2601 1104 2632 virtus
1135 2607 1196 2632 est.
1244 2598 1345 2641 Atqui
1376 2599 1511 2631 beatum
1535 2606 1585 2631 est
1607 2599 1653 2634 id.

879 2646 930 2679 cui
960 2646 1043 2678 nihil
1072 2646 1189 2684 deest
1224 2651 1258 2676 et
1280 2643 1402 2687 quod'
1393 2656 1425 2676 ln
1450 2657 1511 2677 suo
1532 2656 1654 2687 geneie

877 2705 1039 2725 summam
1055 2690 1301 2736 perfectionem
1318 2689 1477 2732 adeptum
1495 2699 1563 2727 estz
1583 2690 1652 2722 vir-

877 2745 929 2771 tus
965 2746 1078 2771 autem
1111 2743 1162 2769 est
1183 2735 1463 2779 perfectissimum
1487 2736 1652 2780 quidque·

879 2796 980 2828 ergo,
1007 2783 1064 2829 qui
1086 2781 1218 2815 virtutis
1240 2788 1413 2824 compotes
1438 2789 1537 2821 sunt,
1563 2782 1654 2816 beati

879 2837 967 2863 sunt.

948 2891 975 2920 et
997 2889 1143 2926 arbores,
1177 2888 1205 2917 et
1223 2886 1321 2925 vites,
1345 2888 1373 2916 er.
1395 2894 1433 2917 ea
1455 2904 1501 2909 --
1523 2888 1590 2919 alia
1609 2904 1656 2911 .-

879 2933 965 3012 ιζὲἰᾝ
987 2934 1028 2965 V.
1039 2943 1100 2964 nos
1111 2930 1146 2963 in
1159 2930 1199 2963 L.
1214 2929 1273 2964 Gr.
1288 2928 1407 2974 §.102
1429 2930 1460 2965 9.
1482 2943 1516 2975 p.
1530 2931 1653 2976 180sq.
