1859 3117
701 56 1055 90 PROLEGOMENA.
1618 48 1671 91 27

649 199 693 236 C.
751 197 938 236 TERTIA
967 198 1108 237 PARS.

858 287 878 307 Ι)
884 288 900 306 Ε

538 334 754 368 REMEDHS
779 333 1127 367 PER'I‘URBATION
1139 334 1217 367 tm.

198 420 401 470 Quoniam
425 433 508 458 non
541 418 669 457 solum
700 416 748 455 de
772 416 970 469 sapiente,
1002 417 1072 468 qui
1100 417 1209 455 omni
1233 416 1543 469 perturbatione
1574 418 1676 457 liber

80 498 152 542 est,
181 490 248 530 sed
271 490 387 530 etiam
407 489 456 528 de
477 488 566 526 aliis
589 486 818 526 hominibus
845 486 1077 538 quaeritur,
1109 487 1307 537 reliquum
1330 493 1401 536 est,
1431 494 1478 526 ut
1502 488 1675 526 remedia

79 560 329 610 afferantur,
373 572 474 611 quae
509 571 530 595 a
564 555 824 609 philosophia
861 556 1012 593 morbis
1050 556 1275 594 animorum
1305 556 1590 596 adhibeantur.
1619 581 1675 586 -—

82 630 276 682 Corporis
298 628 492 667 medicina
513 632 773 678 comparatur
795 638 886 663 cum
907 625 1029 663 animi
1054 625 1264 663 medicina.
1296 640 1328 663 c.
1347 630 1416 665 27.
1439 625 1481 678 §.
1499 631 1569 666 58.
1619 627 1676 666 De

83 699 294 739 curatione
323 696 691 751 perturbationum.
751 695 894 732 Variae
925 708 1063 732 earum
1094 695 1339 733 curationes.
1377 693 1419 747 ς.
1444 699 1512 734 59.

195 782 232 806 a.
291 769 357 806 De
378 769 574 804 universa
599 767 812 802 curatione
831 764 1203 816 pcrlurbulionum.
1264 764 1326 802 Ad
1351 765 1547 803 tollendas
1578 781 1675 818 per-

81 837 332 876 turbationes
355 835 570 884 docentur,
612 839 657 885 a)
691 847 761 871 nec
785 834 936 871 bonum
961 833 1064 871 illud
1089 847 1188 882 esse,
1220 848 1268 871 ex
1301 848 1382 885 quo
1413 842 1484 873 aut
1514 835 1677 885 laetitia,

80 913 154 945 aut
181 906 308 945 libido
338 905 523 954 oriatur,
566 918 636 942 nec
665 903 830 951 malum,
870 916 918 940 ex
950 916 1031 954 quo
1060 910 1130 941 aut
1160 910 1313 951 metus,
1351 910 1422 942 aut
1452 906 1677 957 aegritudo,

81 973 130 1027 β)
160 975 346 1028 ipsasque
370 974 698 1027 perturbationes
719 987 792 1024 per
817 986 856 1010 se
881 986 962 1010 esse
985 973 1169 1021 vitiosas,
1203 987 1273 1011 nec
1294 973 1440 1012 habere
1465 975 1678 1026 quicquam

78 1050 152 1083 aut
176 1045 379 1093 naturale,
420 1050 491 1082 aut
522 1042 800 1081 necessarium.
860 1042 937 1079 llic
969 1043 1239 1080 maerentibus
1273 1044 1521 1082 imbecillitas
1553 1045 1677 1083 animi

81 1113 298 1152 effeminati
331 1113 550 1152 obiiciatur
580 1125 797 1162 eorumque
829 1110 898 1162 qui
925 1111 1085 1148 sortiter
1119 1110 1292 1149 limnana
1318 1113 1490 1151 tulerint
1519 1114 1584 1152 vel
1615 1115 1676 1153 fe-

80 1189 174 1221 rant
207 1182 398 1221 laudetur
432 1181 672 1220 constantia.
712 1196 746 1219 c.
770 1184 839 1219 28.
868 1177 909 1231 ff.
932 1183 1001 1218 60.
1061 1180 1167 1218 Haec
1198 1181 1321 1218 altera
1349 1182 1564 1232 medicina,
1598 1198 1676 1234 qua

79 1251 270 1302 docetur,
299 1250 626 1304 perturbationes
653 1263 727 1302 per
752 1263 791 1287 se
815 1263 895 1286 esse
915 1249 1099 1297 vitiosas,
1131 1251 1285 1288 tametsi
1311 1251 1361 1289 ad
1388 1252 1532 1303 vulgus
1555 1253 1676 1291 adhi-

81 1321 211 1360 benda
231 1334 315 1360 nou
338 1327 416 1371 est,
445 1327 600 1370 tamen,
631 1319 664 1358 si
692 1319 781 1370 quis
812 1319 981 1357 idoneus
1005 1326 1062 1357 est
1089 1319 1138 1356 ad
1162 1333 1245 1357 eam
1272 1321 1559 1372 recipiendam,
1590 1323 1676 1360 uti-

79 1389 162 1428 lior
182 1397 389 1440 censetur,
421 1390 612 1442 quoniam
637 1389 755 1427 simul
781 1395 821 1427 et
851 1388 1083 1441 opinionem
1105 1389 1241 1427 salsam
1270 1390 1405 1440 tollat,
1437 1398 1474 1429 et
1496 1392 1676 1443 aegritu-

81 1459 215 1498 dinem
239 1459 442 1499 detrahat.
472 1458 513 1512 §.
536 1463 605 1499 60.
629 1466 733 1497 extr.
792 1460 897 1497 Sunt
919 1458 1036 1496 etiam
1058 1460 1251 1510 quaedam
1272 1460 1554 1512 aegritudines,
1576 1475 1677 1512 quae

79 1527 156 1568 hac
177 1529 261 1567 sola
281 1529 474 1568 medicina
497 1529 629 1568 sanari
655 1535 845 1581 possunt,
877 1535 942 1578 ut,
973 1529 1005 1567 si
1035 1529 1124 1579 quis
1151 1543 1264 1581 aegre
1287 1530 1408 1578 serat,
1442 1529 1543 1569 nihil
1572 1531 1615 1569 in
1636 1545 1676 1569 se

78 1611 162 1638 esse
190 1599 378 1649 virtutis,
410 1598 511 1637 nihil
541 1599 680 1647 animi,
712 1598 812 1637 nihil
844 1598 984 1647 oflicii,
1017 1598 1121 1637 nihil
1152 1598 1386 1638 honestatis.
1424 1598 1465 1652 ff.
1490 1604 1559 1639 61.

194 1668 234 1707 b.
274 1670 342 1707 De
360 1671 574 1706 curatione
595 1669 864 1720 singularum
882 1668 1264 1720 pet-lmhaliommz:
1295 1669 1336 1706 in
1357 1684 1432 1720 qua
1454 1670 1552 1708 illud
1574 1671 1676 1709 idem

81 1736 235 1790 duplex
259 1738 495 1777 consolandi
517 1751 639 1790 genus
662 1737 934 1775 adhibendum
957 1743 1027 1787 est,
1058 1744 1105 1775 ut
1126 1738 1300 1789 primum
1324 1739 1408 1790 ipsa
1433 1740 1554 1777 animi
1576 1755 1674 1792 per-

81 1807 283 1856 turbatio,
314 1807 364 1846 de
387 1821 465 1859 qua
493 1808 648 1858 agitur,
681 1807 868 1856 tollatur,
901 1813 985 1844 tum
1009 1807 1266 1856 ostendatur,
1298 1821 1369 1845 nec
1397 1808 1546 1846 bonum
1572 1810 1677 1848 illud

82 1888 176 1926 esse,
205 1876 316 1928 quod
334 1883 405 1915 aut
428 1877 631 1926 laetitiam,
664 1883 734 1914 aut
758 1876 966 1914 libidinem
987 1882 1165 1926 moveat3
1196 1889 1268 1913 nec
1293 1876 1451 1926 malum,
1477 1879 1587 1929 quod
1607 1886 1677 1918 aut

83 1951 252 1995 metum,
283 1952 354 1984 aut
376 1946 679 1998 aegritudinem.
710 1959 744 1982 c.
764 1949 832 1983 29.
892 1945 935 1992 a)
968 1946 1034 1981 De
1058 1945 1344 1996 aegritudine,
1377 1947 1489 1986 cuius
1521 1949 1674 1988 sedatio

83 2013 270 2054 hesterna
293 2014 568 2067 disputatione
589 2014 787 2065 explicata
813 2019 890 2062 est3
934 2012 981 2064 b)
1008 2012 1056 2051 de
1080 2021 1212 2059 metu,
1245 2014 1313 2065 qui
1340 2015 1478 2054 iisdem
1500 2018 1674 2056 rationi-

85 2083 182 2133 bus,
214 2083 360 2135 quibus
390 2083 622 2135 aegritudo,
654 2082 855 2120 tollendus
886 2088 967 2131 est,
1011 2083 1200 2133 quoniam
1233 2090 1280 2122 ut
1313 2086 1524 2137 aegritudo
1554 2101 1676 2140 prae—

84 2152 230 2201 sentis,
260 2152 317 2190 sic
338 2158 467 2190 metus
489 2151 620 2189 futuri
642 2151 734 2189 mali
757 2158 833 2201 est,
864 2165 898 2189 c.
922 2154 991 2190 50.
1043 2152 1084 2201 c)
1109 2159 1148 2190 et
1172 2152 1218 2204 d)
1250 2154 1299 2192 dc
1325 2155 1491 2193 laetitia
1517 2164 1553 2193 et
1573 2157 1675 2195 lihi-

86 2221 195 2260 dine.
253 2220 432 2259 Primum
454 2221 667 2270 doceatur,
698 2227 745 2258 ut
771 2234 906 2258 omnes
933 2221 1280 2272 perturbationes,
1311 2223 1369 2262 sic
1391 2223 1462 2262 has
1488 2239 1568 2264 esse
1597 2241 1676 2264 vo-

86 2289 308 2339 luntariaS,
349 2296 436 2328 tum
474 2290 736 2339 ostendatur,
778 2304 898 2341 quam
936 2291 1069 2342 turpis
1107 2292 1161 2329 sit
1197 2292 1323 2330 omnis
1361 2293 1484 2331 animi
1522 2295 1676 2336 effusio.

85 2359 287 2398 Gaudium
316 2366 358 2398 et
385 2359 539 2398 laetitia
570 2360 668 2410 quid
698 2359 889 2398 differant
917 2359 1026 2398 inter
1055 2374 1116 2409 se,
1146 2362 1383 2413 exponitur.
1423 2377 1456 2402 e.
1480 2368 1549 2403 51.

195 2428 269 2467 His
296 2428 344 2467 de
367 2429 521 2467 laetitia
541 2436 579 2467 et
602 2429 771 2467 libidine
789 2429 1037 2482 praemissis,
1067 2430 1147 2468 iarn
1168 2431 1216 2469 de
1240 2431 1395 2470 duabus
1421 2447 1555 2472 earum
1585 2435 1675 2471 sor-

85 2497 178 2547 mis‚
207 2511 342 2536 amore
366 2505 406 2536 et
428 2499 512 2548 ira,
543 2498 757 2551 separatim
781 2498 929 2550 agitur.
989 2498 1035 2551 α)
1066 2501 1134 2537 De
1155 2515 1313 2545 amore,
1345 2502 1415 2553 qui
1445 2503 1568 2553 vulgo
1599 2516 1674 2554 ap-

85 2566 274 2619 pellatur.
334 2567 388 2606 Ut
410 2574 552 2620 turpes
572 2575 687 2617 sunt,
719 2568 789 2619 qui
810 2567 986 2606 efferunt
1005 2582 1045 2607 se
1066 2568 1221 2607 laetitia
1243 2576 1349 2618 tum,
1380 2585 1501 2622 quum
1523 2571 1675 2609 fruun-

86 2641 158 2674 tur
186 2637 370 2676 venereis
400 2637 707 2690 voluptatibus3
751 2637 808 2676 sic
838 2637 1046 2690 flagitiosi,
1077 2638 1150 2690 qui
1174 2652 1238 2678 eas
1269 2639 1514 2677 inflammato
1543 2640 1677 2679 animo

89 2705 395 2758 concupiscunt.
414 2729 474 2736 —
520 2707 848 2760 Reprehenditur
869 2707 1038 2759 poetica,
1070 2722 1171 2759 quae
1189 2709 1311 2747 istum
1334 2722 1505 2746 amorem
1526 2708 1675 2749 laudet.

89 2787 124 2812 c.
144 2778 214 2814 52.
261 2776 305 2814 In
327 2776 470 2827 primis
487 2775 722 2828 philosophi
741 2776 1001 2828 vituperandi
1024 2785 1131 2827 sunt,
1162 2778 1234 2829 qui
1257 2791 1428 2815 amorem
1449 2777 1676 2820 defendant.

90 2843 332 2883 Nominatim
352 2846 535 2898 carpitur
556 2860 777 2898 puerorum
799 2860 924 2884 amor.
955 2861 989 2886 c.
1010 2851 1079 2887 55.
1136 2848 1233 2885 Item
1254 2852 1422 2884 notatur
1441 2847 1575 2899 Plato,
1602 2851 1674 2902 qui

94 2911 219 2950 amori
237 2914 518 2954 auctoritatem
542 2915 748 2955 tribuerit.
805 2916 848 2954 Si
868 2929 1002 2965 amor,
1032 2923 1079 2955 ut
1100 2915 1223 2954 Stoici
1247 2915 1414 2965 volunt,
1443 2916 1528 2969 ipse
1547 2933 1673 2958 eona-
