1843 3085
156 39 238 84 134

156 130 311 173 debilis.
374 129 539 174 Cultura
571 139 700 175 autem
736 133 856 174 animi
892 133 1136 191 philosophia
1171 141 1259 176 est:
1305 134 1403 175 haec
1433 133 1609 176 extrahit
1637 134 1735 176 vitia
1772 151 1774 154 >

156 205 344 247 radicitus
381 213 421 248 et
446 215 654 263 praeparat
678 208 831 250 animos
863 209 911 250 ad
942 216 1052 250 satus
1078 209 1326 264 accipiendos
1354 222 1478 263 eaque
1501 209 1661 250 mandat
1685 209 1734 250 iis

157 285 220 330 et,
259 286 303 321 ut
324 279 378 320 ita
399 280 549 333 dicam,
583 282 704 334 serit,
738 296 838 337 quae
857 283 993 325 adulta
1016 285 1165 324 fructus
1188 283 1406 324 uberrimos
1433 283 1575 324 ferant.
1624 282 1735 339 Aga-

156 367 244 394 mus
286 353 426 408 igitur‚
473 362 514 395 nt
556 357 771 412 coepimus.

715 54 884 87 misen
904 54 946 87 11.
971 53 1011 96 5,
1039 53 1092 89 14.
1119 54 1171 88 15.

832 356 934 409 Dic,
977 357 1009 399 si
1052 357 1140 408 vis,
1185 357 1232 397 de
1273 371 1349 411 quo
1389 356 1576 413 disputari
1615 357 1732 399 velis.

160 432 227 468 14.
260 427 317 467 A.
350 425 539 470 Dolorem
561 430 747 471 existimo
767 432 977 472 maximum
1000 432 1188 472 malorum
1211 430 1400 471 omnium.
1450 430 1518 472 M.
1550 429 1736 473 Etiamne

157 500 307 552 maius,
348 516 463 556 quam
495 503 696 546 dedecus?
754 505 810 545 A.
843 504 939 546 Non
970 506 1095 547 audeo
1118 505 1155 546 id
1179 505 1309 545 dicere
1337 504 1492 559 quidem
1519 512 1560 547 et
1582 520 1643 547 me
1667 521 1737 562 pu-

157 573 222 615 det
247 582 322 615 tam
345 576 424 616 cito
447 577 493 618 de
514 580 711 621 sententia
736 593 826 621 esse
849 580 1057 620 deiectum.
1113 578 1180 620 M.
1213 577 1344 633 Magis
1368 586 1476 619 esset
1498 580 1734 635 pudendum,

157 648 190 689 si
213 648 252 689 in
277 651 473 692 sententia
495 667 764 707 permaneres.
829 652 933 707 Quid
953 655 1054 694 enini
1082 653 1210 693 minus
1234 660 1295 693 est
1317 653 1471 706 dignum
1487 686 1498 705 ,
1532 652 1738 708 quam'tibi

157 722 269 777 peius
297 724 500 779 quicquam
522 727 649 768 videri
667 728 884 779 dedecore,
926 727 1099 782 flagitio,
1143 726 1414 782 turpitudine?
1443 742 1542 782 quae
1570 735 1613 769 ut
1639 728 1737 769 effu-

157 796 268 850 gias,
302 798 387 852 quis
410 807 470 840 est
492 815 570 841 non
592 803 706 842 modo
731 803 972 843 recusandus
988 834 998 853 ,
1033 802 1101 842 sed
1125 815 1202 842 non
1225 801 1327 842 ultro
1349 802 1612 857 appetendus,
1646 803 1738 843 sub-

158 870 336 922 eundus,
378 874 634 929 excipiendus
668 876 808 916 dolor?
865 876 922 917 A.
965 873 1025 915 lta
1053 888 1216 930 prorsus
1249 875 1449 916 existimo.
1522 874 1657 930 Quare
1688 891 1737 918 ne

1363 949 1430 990 Μ.
1463 947 1640 991 Videsne
1666 951 1738 1005 igi-

159 1023 247 1069 tur,
292 1027 502 1076 quantum,
549 1023 726 1063 breviter
765 1023 1010 1074 admonitus,
1054 1024 1100 1064 de
1142 1022 1287 1063 doloris
1326 1028 1478 1064 terrore
1519 1023 1741 1066 deieceris?

159 1097 228 1133 15.
272 1093 328 1134 A.
363 1093 492 1136 Video
522 1097 658 1151 plane3
704 1097 771 1137 sed
808 1097 892 1152 plus
925 1092 1121 1138 desidero.

158 944 210 984 sit
235 958 330 986 sane
358 960 549 988 summum
577 949 719 989 malum
747 950 882 1000 dolor3
917 950 1057 990 malum
1087 955 1194 990 certe
1223 955 1299 989 est.

1186 1096 1252 1138 M‘.
1296 1095 1498 1152 Experiar
1530 1098 1736 1153 equidem3

156 1166 226 1207 sed
247 1182 391 1223 magna
416 1184 482 1211 res
505 1177 581 1222 cst,
617 1172 825 1226 animoque
847 1172 936 1212 mihi
963 1187 1060 1227 opus
1083 1178 1144 1213 est
1166 1186 1244 1212 non
1265 1178 1525 1226 repugnante.
1567 1172 1624 1212 A.
1660 1172 1740 1214 Ha·

155 1239 267 1282 hebis
290 1243 327 1283 id
353 1243 524 1298 quidem.

157 1328 311 1370 cunque
340 1317 481 1369 ducet,
515 1332 674 1373 sequar.

226 1454 324 1486 eaque
342 1447 490 1492 mandat]
516 1449 705 1481 Pronomen
726 1460 764 1482 ea
784 1461 850 1481 non
875 1432 947 1493 pro-

159 1490 366 1524 nominativo
390 1493 618 1537 accipiendum
633 1502 694 1533 est,
719 1495 777 1527 sed
795 1508 856 1538 pro
876 1508 934 1527 ac—

161 1536 330 1576 cusativo,
357 1544 390 1570 et
415 1539 457 1571 ad
482 1551 549 1583 seq.
573 1552 653 1581 qnae
677 1541 900 1573 referendum.

231 1579 282 1614 14.
331 1585 370 1616 de
389 1588 537 1617 sententia
559 1596 622 1619 esse
644 1587 808 1629 deiectum]
844 1588 935 1619 Haeo

160 1625 293 1659 dicendi
314 1628 456 1662 formula
476 1639 607 1674 sumpta
641 1644 658 1663 e
681 1633 846 1676 palaestra
881 1632 950 1664 vel'

162 1671 412 1715 egladiatorum
431 1675 521 1715 ludo,
547 1677 601 1720 qni
616 1677 770 1709 dicuntur
788 1678 828 1709 de
845 1685 934 1710 statu

159 1717 214 1749 vel
238 1719 343 1762 gradu
366 1720 474 1753 deiici.
535 1725 662 1755 Gradus
686 1725 772 1755 enim
797 1731 846 1755 est
870 1735 934 1766 po-

160 1762 242 1795 situs
265 1764 376 1798 firmus
402 1779 441 1799 ac
463 1767 590 1799 stabilis
605 1794 613 1808 ,
650 1769 703 1812 qui
730 1769 829 1801 etiam
848 1769 933 1801 diei-

160 1814 216 1841 tur
234 1814 335 1844 status
357 1812 423 1855 (die
444 1813 594 1851 Positur‚
621 1814 792 1858 Stelluug‚
819 1815 862 1847 cf.
879 1816 933 1848 Or.

161 1853 216 1893 37,
238 1856 320 1888 129:
342 1869 463 1901 magno
479 1871 610 1902 semper
628 1860 675 1891 usi
690 1860 816 1903 impetu
837 1872 936 1903 saepe

161 1898 368 1935 adversarios
390 1906 427 1936 de
444 1909 527 1937 statu
548 1906 637 1936 omni
654 1905 859 1949 deiecimus).
886 1907 936 1938 Si-

160 1944 284 1977 militer
304 1947 426 1981 dicitur
445 1952 622 1991 demovere,
658 1954 842 1992 deturbare,
877 1954 936 1984 de-

158 1992 275 2029 pellere
292 1995 418 2034 yradu,
443 2005 564 2027 mot-ere
584 1998 668 2036 loco,
692 2006 728 2029 ut
750 1999 789 2029 ΙΙ.
804 2002 858 2035 24,
872 1999 934 2029 ὁδε

164 2034 206 2066 de
241 2035 412 2078 dignitatis
443 2040 547 2082 gradu
581 2041 770 2074 demoveri:
820 2043 935 2086 quibus

163 2079 315 2113 formulis
337 2085 523 2117 contrariae
544 2094 620 2118 sunt
641 2088 719 2119 hae:
745 2091 777 2120 in
799 2091 936 2130 gradum

161 2130 281 2167 reponi,
300 2131 332 2161 in
354 2131 455 2162 locum
472 2133 602 2163 restitui.
641 2133 737 2165 Offic.
755 2135 849 2172 1:15,
873 2134 934 2166 cO.-

162 2181 230 2203 non
253 2174 439 2215 perturbari
462 2175 494 2207 in
518 2179 612 2210 rebus
636 2178 770 2220 asperiS‚
795 2190 856 2211 nec
878 2185 935 2210 tu-

162 2216 382 2252 multuantem
407 2223 445 2253 de
469 2224 573 2261 gradu
597 2225 709 2264 deiici,
746 2231 780 2255 ut
803 2224 934 2256 dicitur.

165 2261 264 2295 Corn.
294 2265 381 2308 Nep.
409 2266 569 2302 Themist,
598 2270 646 2307 V,
682 2268 717 2300 l:
755 2272 794 2300 ab
831 2272 936 2301 eodem

162 2310 269 2348 gradu
289 2312 438 2351 depulsus
461 2317 513 2345 est.
571 2314 621 2346 Ab
644 2313 692 2345 his
714 2314 937 2346 locutionibus

163 2352 329 2388 fluxerunt
346 2357 507 2390 formulae
525 2361 562 2391 de
580 2362 727 2392 sententia
749 2361 851 2400 deiici,
869 2371 937 2392 sen-

164 2401 259 2432 tentia
278 2402 410 2443 depelli,
435 2403 495 2446 (uti
519 2416 544 2436 c.
560 2404 601 2443 6,
629 2404 689 2443 16,
716 2405 771 2436 ubi
799 2412 937 2437 venuste

166 2443 292 2478 dictum
315 2454 384 2480 est:
410 2449 659 2494 „oppositoque
683 2449 847 2482 dedecore
868 2461 937 2482 sen-

164 2493 260 2523 tentia
286 2493 493 2534 depellerere“
517 2496 673 2538 opposito
694 2497 841 2528 dedecore
858 2502 938 2527 tan-

165 2546 264 2579 quam
294 2538 503 2578 adversario3
541 2553 602 2584 pro
634 2540 743 2584 Ligar.
766 2542 838 2582 IX,
873 2540 935 2574 26:

165 2580 234 2613 eius
269 2583 331 2616 viri
362 2592 431 2624 est,
471 2597 569 2629 quem
597 2589 635 2619 de
657 2590 800 2627 suscepta
824 2597 939 2618 caussa

160 2631 386 2671 propositaque
419 2635 569 2664 sentencia
600 2631 690 2664 nulla
727 2631 936 2671 contumelia,

165 2673 256 2705 nulla
289 2675 360 2715 vis,
401 2677 526 2710 nullum
554 2677 735 2722 periculum
759 2676 864 2720 possit
884 2679 938 2709 de-

161 2720 297 2762 pellere.)
321 2731 374 2762 spe
396 2725 506 2765 deiici,
529 2726 671 2764 opinione
689 2725 790 2762 deiiczg
814 2733 836 2754 a
855 2726 938 2754 statu

163 2769 296 2814 moturae
313 2769 482 2811 discedere,
500 2773 584 2802 statu
603 2771 721 2802 moveri
737 2769 808 2812 (III.
822 2768 853 2808 7,
870 2767 935 2810 15.)

165 2809 296 2844 s1mi1ia.

188 2896 196 2904 .
232 2858 317 2895 Quid
337 2862 420 2892 enim
450 2863 556 2894 minus
583 2864 627 2894 est
658 2859 804 2902 dignum]
831 2859 938 2891 Lam-

162 2895 258 2932 bmus
272 2914 458 2945 pronomen
480 2910 507 2939 te
521 2913 600 2939 ante
622 2919 654 2939 v.
666 2908 797 2947 dignum
813 2904 938 2937 frustra

162 2945 364 2990 inculcavit,
376 2953 488 2995 {quum
507 2952 608 2985 facile
626 2963 666 2985 ex
685 2951 837 2996 proxime
856 2950 938 2983 sub-

586 1244 642 1286 Ut
667 1246 770 1286 euim
795 1245 878 1286 heri
903 1246 978 1287 feci
995 1279 1006 1298 ‚
1041 1246 1098 1287 sic
1128 1259 1231 1286 nunc
1254 1245 1475 1297 rationem,
1509 1260 1585 1301 quo
1610 1260 1657 1288 ea
1678 1261 1740 1289 me

969 1449 1119 1493 sequenti
1150 1452 1203 1482 tibi
1228 1449 1430 1493 cogitatione
1451 1450 1599 1494 suppleri
1623 1452 1740 1495 possit.

970 1496 1042 1527 Alia
1067 1496 1194 1527 ratione
1217 1495 1282 1527 hoe
1305 1496 1502 1528 adiectivum
1528 1497 1616 1540 apud
1644 1497 1740 1531 Cice-

970 1553 1103 1578 ronem„
1141 1541 1313 1573 Caesarem
1345 1542 1555 1586 reliquosque
1586 1544 1740 1587 aequales
1793 1578 1801 1584 .

969 1588 1097 1619 solutae
1119 1586 1277 1619 orationis
1298 1587 1478 1630 scriptores
1498 1600 1565 1620 nou
1584 1590 1739 1632 ponitur3

971 1633 1120 1664 omnibus
1153 1632 1256 1670 locis,
1294 1633 1347 1665 uhi
1379 1632 1449 1665 sine
1472 1633 1618 1667 ablativo
1645 1647 1742 1668 usur-

970 1685 1083 1721 patum
1120 1685 1187 1710 est.
1225 1690 1263 1709 ex
1289 1678 1414 1721 reliqua
1439 1680 1590 1711 oratione
1620 1681 1673 1713 vel
1702 1692 1742 1714 ex

969 1730 1042 1756 tota
1071 1723 1236 1756 sententia
1261 1724 1478 1766 intelligitur,
1517 1736 1581 1768 quo
1610 1727 1740 1759 refera-

969 1776 1044 1807 tur;
1079 1768 1167 1812 apud
1191 1769 1273 1801 elios
1306 1770 1485 1813 scriptores
1518 1770 1574 1803 hic
1604 1771 1742 1804 absolu-

969 1821 1022 1846 tus
1057 1826 1131 1846 usus
1160 1814 1258 1846 latius
1289 1823 1402 1858 patet,
1436 1822 1471 1846 ut
1491 1816 1606 1849 Senec.
1630 1817 1671 1849 de
1690 1819 1743 1851 Ira

970 1861 996 1899 Ι,
1023 1872 1049 1892 c.
1069 1862 1122 1893 12:
1149 1859 1231 1891 illud
1253 1861 1423 1903 pulchrum
1444 1863 1653 1904 diynumque,
1677 1875 1742 1907 pa-

969 1905 1117 1937 rentibus
1138 1905 1273 1948 prodire
1298 1926 1339 1931 —
1364 1906 1587 1940 defensorem.
1634 1910 1686 1941 De
1707 1921 1740 1942 v.

968 1953 1119 1992 indiynus
1141 1964 1172 1982 v.
1195 1951 1238 1982 ad
1264 1953 1317 1983 [v.
1333 1953 1396 1991 20,
1421 1951 1476 1986 46.

1039 1999 1108 2038 quis
1128 2001 1169 2029 est
1189 2008 1251 2029 non
1268 1998 1361 2030 modo
1380 2000 1585 2040 recusandus,
1609 2001 1663 2032 sed
1681 2010 1743 2033 mm

969 2046 1051 2075 ultro
1077 2045 1269 2083 appetendus
1291 2063 1337 2067 -—
1359 2044 1448 2076 dolor
1460 2045 1491 2086 2]
1518 2046 1555 2076 Ιι]
1582 2044 1743 2077 eiusmodi

972 2088 1251 2120 enuntiationibus
1277 2099 1338 2121 non
1360 2091 1454 2122 modo
1478 2100 1539 2132 pro
1562 2101 1626 2123 ποη
1649 2093 1742 2123 modo

970 2145 1031 2166 non
1055 2134 1180 2166 dictum
1204 2134 1354 2173 videtum
1391 2141 1427 2166 at
1448 2142 1563 2168 verte:
1600 2136 1743 2169 welcher

972 2179 1127 2210 Schmerz
1159 2179 1245 2211 wiire
1274 2180 1316 2211 da
1336 2180 1448 2219 nicht,
1484 2180 1538 2213 ich
1561 2181 1627 2213 will
1649 2181 1743 2214 nicht

970 2236 1089 2267 Sagen,
1115 2236 1155 2256 zn
1176 2224 1386 2264 vermeiden,
1411 2225 1557 2259 sondem
1578 2226 1745 2270 freiwillig

971 2281 1009 2301 zu
1033 2269 1229 2301 erstreben'?
1287 2271 1327 2301 V.
1351 2282 1412 2303 nos
1433 2271 1467 2302 in
1491 2272 1548 2303 Gr.
1563 2273 1602 2304 L.
1623 2271 1742 2316 §.135.

971 2315 1053 2346 Not.
1071 2315 1121 2346 15.
1148 2326 1180 2357 p.
1200 2311 1277 2347 341.
1298 2314 1350 2346 ed.
1364 2314 1395 2347 2.
1451 2317 1633 2349 Posterior-i
1665 2328 1744 2349 ora-

970 2359 1072 2391 tionis
1096 2359 1245 2391 membro
1271 2360 1403 2403 negatio
1432 2372 1495 2394 non
1527 2362 1570 2394 ob
1594 2362 1742 2394 interro-

971 2404 1139 2448 gationem
1162 2405 1275 2437 addita
1298 2412 1366 2437 est:
1391 2409 1461 2447 quis
1482 2409 1570 2440 dolor
1591 2417 1672 2440 non
1694 2409 1744 2440 ul-

971 2455 1018 2483 tro
1037 2453 1230 2490 appetendus
1251 2453 1321 2483 est?
1378 2452 1481 2483 Extra
1501 2452 1744 2495 interrogatio-

972 2508 1049 2527 nem
1079 2496 1256 2528 dicendum
1287 2503 1377 2528 erat:
1416 2496 1521 2529 omnis
1545 2496 1643 2530 dolor
1673 2509 1743 2530 non

972 2541 1074 2573 modo
1097 2541 1316 2582 recusandus,
1342 2541 1402 2574 sed
1425 2542 1513 2575 ultro
1534 2542 1743 2586 appetendus

975 2593 1025 2618 est
1054 2586 1161 2629 (jeder
1191 2587 1346 2619 Schmerz
1378 2587 1465 2619 wiire
1497 2587 1559 2627 da,
1594 2587 1648 2620 ich
1676 2587 1741 2620 will

974 2631 1065 2663 nicht
1085 2643 1196 2674 Sagen,
1220 2643 1260 2663 zu
1278 2632 1480 2672 vesmeiden,
1501 2633 1645 2665 sondern
1662 2633 1743 2666 frei-

973 2677 1073 2720 willig
1095 2688 1134 2708 zu
1159 2677 1357 2718 erstreben).
1418 2678 1470 2711 Cf.
1495 2678 1561 2730 (Ξὲρ-
1582 2678 1664 2711 Phil.
1682 2679 1741 2711 111.

976 2722 1036 2764 13,
1061 2723 1122 2755 53:
1150 2722 1275 2754 nullum
1295 2729 1426 2766 tempus
1444 2742 1483 2748 -
1501 2723 1667 2757 dimittam
1687 2743 1742 2765 —,

973 2767 1070 2811 quin,
1096 2766 1138 2798 de
1160 2767 1315 2800 libertate
1334 2768 1450 2812 populi
1469 2769 1508 2802 R.
1528 2770 1619 2813 quod
1637 2781 1744 2814 agen-

972 2814 1051 2845 dum
1072 2820 1171 2856 atque
1196 2813 1387 2846 faciendum
1402 2814 1485 2858 (sit),
1508 2814 1544 2847 id
1567 2827 1630 2848 non
1650 2816 1743 2848 modo

970 2869 1127 2899 recusem,
1160 2860 1214 2892 sed
1242 2862 1336 2892 etiam
1356 2864 1505 2901 appetam
1531 2864 1623 2902 alque
1644 2863 1745 2902 depo-

972 2915 1070 2938 scam.
1095 2905 1152 2947 (H.
1167 2916 1197 2937 e..
1217 2916 1256 2936 zu
1272 2904 1367 2946 jeder
1384 2905 1457 2938 Zeit
1473 2906 1582 2939 werde
1599 2906 1654 2939 ich
1673 2905 1742 2945 das,
1765 2920 1769 2925 ’

972 2962 1038 2984 was
1061 2950 1116 2983 fiir
1135 2949 1168 2982 d.
1190 2950 1340 2983 Freiheit
1360 2963 1400 2983 zu
1420 2952 1505 2985 thun
1523 2952 1579 2994 ist,
1601 2951 1658 2985 ich
1675 2948 1743 2983 will
