1859 3149
8 1297 11 1302 .
64 1274 255 1316 iracunde
282 1272 494 1315 rabioseve
522 1274 719 1315 fecerunt.

675 54 844 88 LIBER
867 56 924 89 IV.
950 54 1014 96 22,
1041 53 1095 89 49.

73 138 220 196 aliquid
242 138 468 196 postulant,
501 144 546 179 ut
565 137 693 192 magis
718 136 861 193 placati
888 151 1002 193 quam
1023 137 1114 179 irati
1140 150 1232 179 esse
1251 137 1477 179 videantur.

1605 47 1688 93 247

1542 137 1623 182 Sed
1642 141 1682 183 in

71 215 139 259 illo
155 228 306 272 genere
331 214 384 257 sit
403 227 503 256 sane
526 210 769 254 pacidianus
800 212 942 267 aliquis
969 212 1043 254 hoc
1066 213 1216 266 animo,
1250 220 1293 255 ut
1318 221 1455 255 narrat
1474 211 1678 257 Lucilius:

185 293 361 332 Occidam
392 291 500 330 illum
531 291 703 343 equidem
733 297 773 328 et
803 291 948 328 vincam
964 320 974 336 ,
1009 292 1049 328 si
1075 292 1117 329 id
1143 294 1330 343 quaeritis
1345 321 1355 338 ‚
1391 293 1539 344 inquit,-

187 369 325 407 Verum
356 367 456 406 illud
483 367 598 406 credo
620 366 716 418 sore
729 381 742 404 .·
776 367 816 404 ιἰι
848 379 890 404 os
915 367 1030 417 prius
1059 368 1244 417 accipiam
1276 370 1371 419 ipse,

186 443 305 494 Quam
333 443 508 494 gladium
540 444 579 481 in
610 441 827 488 stomacho,
864 438 892 491 †
913 442 1023 479 seu-ia
1054 454 1100 479 ac
1125 442 1372 493 pulmonibus
1401 446 1510 482 sisto.

185 520 261 558 Odi
287 519 473 557 hominem
488 548 497 565 ‚
533 519 658 556 iratus
682 530 818 569 pugno
833 547 842 564 ,

878 531 947 555 uec
979 518 1134 567 longius
1165 520 1366 570 quiequam

183 594 331 642 Nobis,
366 608 478 647 quam
507 595 670 633 dextrae
694 593 869 644 gladium
901 594 989 631 dum
1020 595 1278 632 accommode!
1305 595 1430 640 alter,-

187 671 312 723 Usque
339 671 433 709 adeo
463 671 592 708 studio
621 676 736 722 atque
766 670 854 707 odio
885 670 992 708 illius
1022 670 1176 723 ecfer-m·
1206 672 1280 708 ira.

180 741 327 786 XXII.
362 748 433 786 49.
483 743 539 784 At
569 743 658 785 sine
692 744 765 785 hac
786 743 1023 799 gladiatoria
1056 744 1260 785 iracundia
1297 744 1479 786 videmus
1513 760 1679 801 progre-

67 821 240 864 dientem
263 819 365 876 apud
392 817 611 861 Homerum
634 820 801 861 Aiacem
826 819 947 861 multa
971 833 1059 860 cum
1084 819 1279 862 hilaritate
1295 853 1305 871 ,
1339 835 1457 876 quum
1478 821 1680 878 depugna-

67 903 180 938 turus
204 903 314 937 esset
339 909 428 937 cum
449 894 646 938 Hectore.

711 894 837 938 Cuius
853 928 863 947 ,

898 903 941 937 ut
965 910 1076 940 arma
1105 896 1298 952 sumpsit,
1344 897 1545 951 ingressio
1568 898 1679 938 laeti-

65 972 160 1014 tiam
190 971 322 1013 attulit
359 971 506 1023 sociis,
552 978 747 1012 terrorem
783 979 913 1013 autem
947 971 1154 1023 hostibus,
1204 979 1245 1013 ut
1283 972 1410 1028 ipsum
1443 971 1676 1024 Hectorem,

69 1047 397 1104 quemadmodum
434 1054 498 1089 est
534 1048 634 1103 apud
665 1046 912 1099 Homerum,
963 1055 1046 1089 toto
1082 1054 1244 1104 pectore
1275 1054 1510 1090 trementem
1537 1063 1680 1105 provo-

67 1136 183 1165 casse
205 1123 254 1164 ad
282 1136 454 1179 pugnam
476 1104 716 1179 poenitcr'et.
779 1123 914 1178 Atque
939 1123 977 1164 1ιί
1001 1123 1186 1165 collocuti
1213 1123 1319 1164 inter
1345 1138 1388 1165 se
1405 1156 1414 1174 ,
1450 1124 1677 1180 priusquam

65 1212 225 1240 manum
249 1205 538 1251 consererent,
586 1198 732 1239 leniter
769 1206 808 1239 et
832 1199 965 1254 quiete
996 1199 1090 1240 nihil
1116 1213 1164 1240 nc
1193 1199 1231 1239 in
1256 1199 1340 1255 ipsa
1362 1199 1518 1255 quidem
1547 1177 1679 1256 pugna

783 1272 873 1329 Ego
902 1289 950 1316 ne
974 1274 1224 1330 Torquatum
1250 1275 1405 1330 quidem
1427 1276 1534 1316 illum
1550 1308 1561 1327 ,
1611 1277 1676 1332 qui

67 1348 142 1392 hoc
172 1363 396 1405 cognomen
428 1349 609 1401 invenit,
660 1350 803 1390 iratum
837 1350 1026 1391 existimo
1064 1350 1181 1391 Gallo
1213 1357 1394 1405 torquem
1429 1351 1673 1403 detraxisse,

66 1439 141 1467 nec
161 1422 399 1467 Marcellum
422 1426 525 1482 apud
551 1422 787 1467 Clastidium
812 1426 901 1467 ideo
926 1426 1066 1466 sortem
1087 1426 1234 1477 fuisse,
1270 1426 1361 1481 quia
1388 1426 1508 1467 fuerit
1530 1427 1672 1469 iratus.

110 1529 194 1562 Post
214 1529 368 1562 homines
385 1535 482 1562 natos
501 1528 690 1573 gladiator,
712 1529 766 1574 qui
789 1529 854 1562 fuit

602 1588 698 1608 unus.

70 1621 123 1655 Cf.
149 1621 254 1654 Cicer.
284 1621 326 1654 de
362 1622 480 1666 optim.
503 1634 616 1667 gener.
639 1624 730 1655 Orat.
751 1622 784 1656 6.
810 1622 852 1655 ad

68 1669 112 1708 Q.
136 1668 201 1701 Fr..
218 1669 288 1707 ΙΙΙ,
316 1666 348 1702 4.
400 1668 492 1701 Alius
528 1668 678 1701 eiusdem
710 1669 853 1702 nominis

66 1714 236 1759 gladiator
250 1722 533 1748 commemoratur
547 1715 636 1759 apud
650 1716 769 1748 Horat.
783 1718 854 1748 Sat.

68 1762 114 1795 Π.
134 1761 175 1801 7,
195 1760 259 1796 97:
286 1761 342 1794 ubi
367 1773 398 1793 v.
423 1763 589 1804 Heindorf.
614 1773 647 1806 p.
661 1761 738 1796 421.

135 1812 170 1840 ut
191 1812 306 1841 narrat
325 1809 484 1852 Lucilius]
511 1810 649 1847 „Locus
664 1809 782 1841 Lucilii
804 1816 855 1840 est

68 1854 104 1887 in
125 1853 180 1887 ed.
202 1854 274 1898 Bip.
301 1853 345 1887 ad
368 1854 450 1887 calc.
496 1855 661 1887 luvenalis
688 1862 721 1887 et
749 1855 851 1888 Persii

68 1912 103 1945 p.
119 1898 195 1935 194.
211 1926 219 1939 ,
244 1900 358 1945 ibique
381 1913 413 1933 v.
439 1900 472 1935 3.
498 1900 622 1945 legitur
646 1912 746 1942 sura,
772 1913 802 1933 v.
826 1913 852 1932 s.

71 1948 329 1981 accommodat.“
376 1949 526 1980 Moser-us.

138 1996 167 2028 si
186 1995 222 2026 id
240 1994 408 2036 quaeritis]
435 1993 557 2033 Vultis,
582 1993 729 2037 optatis,
755 1992 855 2036 flagi-

69 2039 160 2074 tatis.
195 2038 281 2072 Dein
301 2040 334 2071 in
354 2049 388 2071 os
406 2041 498 2080 prius
517 2042 677 2080 accipiam
698 2042 762 2080 ipse
780 2039 813 2071 h.
826 2051 854 2071 e.

70 2096 187 2119 verum
209 2084 293 2116 illud
316 2084 419 2117 credo
440 2085 528 2125 fore,
554 2092 590 2118 ut
612 2097 676 2130 ego
698 2085 769 2130 ipse
789 2085 854 2118 ad-

70 2130 211 2166 versarii
243 2129 390 2174 gladium
421 2130 456 2164 in
489 2141 526 2163 os
557 2143 667 2164 meum
693 2131 855 2176 accipiam

72 2177 183 2224 prius,
220 2188 320 2222 quam
353 2188 430 2210 meo
453 2177 566 2221 gladio
599 2178 686 2211 illius
722 2185 855 2211 stoma-

74 2224 173 2258 chum
196 2230 230 2256 et
245 2223 421 2268 pulmones
440 2224 646 2269 transfigam.
682 2224 745 2257 Odi
765 2225 854 2258 enim

74 2270 247 2303 hominem
272 2276 305 2302 et
324 2270 428 2302 iratus
449 2282 575 2315 pugno.
622 2271 777 2310 „Notum
803 2279 854 2304 est

73 2323 207 2356 autem,
255 2315 351 2349 addit
379 2318 536 2350 Bentleius
569 2317 612 2350 ad
648 2318 680 2351 h.
708 2318 751 2357 l.,
798 2319 855 2363 qui

74 2362 189 2396 animo
223 2361 447 2396 concitatiore
481 2371 654 2409 pugnant,
688 2376 758 2397 non
785 2372 856 2398 tam

73 2408 138 2442 sibi
161 2420 299 2448 cavere,
333 2421 432 2454 quam
455 2409 510 2443 vel
532 2411 683 2455 periculo
706 2423 767 2444 suo
789 2412 857 2444 ho—

76 2455 137 2489 stis
160 2455 299 2488 exitium
321 2467 483 2500 quaerere
501 2464 602 2502 atque
627 2457 714 2490 adeo
733 2458 857 2490 mutuis

31 2513 34 2515 ·
75 2502 275 2548 plerumque
296 2502 489 2539 vulneribus
515 2503 733 2537 concidere.“

143 2549 250 2592 suria]
287 2548 343 2581 Sic
376 2549 493 2593 scripsi
520 2562 548 2583 c.
576 2550 713 2594 optimis
738 2550 857 2589 codd.;

39 2607 47 2611 ·
75 2593 133 2629 alii
153 2594 279 2628 habent
292 2596 399 2636 surim
420 2597 477 2628 Or.
494 2607 522 2628 c.
537 2596 626 2640 vulg.
637 2607 726 2629 sura.
752 2597 860 2629 Bent-

75 2640 159 2674 teins
173 2640 354 2686 legendum
370 2641 560 2686 suspicatur
571 2644 688 2684 furiae,
710 2643 777 2676 hoc
796 2642 860 2676 sci-

77 2686 160 2720 licet
192 2688 330 2721 nomine
352 2688 534 2733 significari
559 2696 680 2733 putans
708 2700 860 2731 spurcum

78 2734 169 2766 iam
201 2735 358 2768 hominem
381 2741 417 2767 et
439 2735 675 2773 inhonestum,
713 2738 862 2769 Aeserni-

79 2788 157 2812 num
176 2780 371 2822 Samnitem,
394 2793 470 2814 cum
490 2793 557 2826 quo
577 2782 772 2815 commissus
791 2788 863 2815 erat

80 2823 288 2859 Pacidianus.
347 2828 392 2860 Et
427 2839 508 2861 sane
546 2828 631 2862 haec
669 2829 861 2862 coniectura

82 2868 174 2902 haud
187 2870 337 2915 exiguam
349 2873 598 2916 probabilitatis
615 2875 762 2919 speciem
780 2886 861 2918 prae

83 2926 123 2948 se
143 2914 213 2948 fert
235 2924 271 2950 et
295 2919 512 2953 conlimatur
543 2921 796 2965 quodammodo
820 2920 862 2953 ab

83 2960 126 2994 iis
145 2960 244 2994 codd.
257 2988 268 3003 ,
297 2963 332 2996 in
356 2966 475 3009 quibus
496 2973 549 2999 est
570 2969 660 3008 suria
679 2974 737 2999 aut
763 2969 864 2999 suria.

84 3006 231 3051 Vulgata
263 3018 342 3042 sum
364 3022 384 3043 a
404 3012 478 3044 VV.
498 3013 573 3045 DD.
598 3013 777 3057 repudiata
800 3018 863 3052 est,

86 3053 176 3099 quod
210 3053 328 3087 vulnus
350 3055 386 3088 in
406 3067 484 3090 sura
515 3057 651 3091 minime
682 3058 786 3090 letale
809 3069 865 3090 es-

888 1536 950 1562 set.
989 1531 1196 1573 interpretes
1221 1529 1313 1562 miris
1336 1531 1536 1563 commentis
1559 1544 1672 1565 veram

889 1576 1070 1609 lectionem
1096 1576 1280 1608 extundere
1306 1577 1419 1610 conati
1443 1585 1530 1612 sunt.

959 1634 1014 1656 nec
1035 1626 1171 1665 lonyiusj
1203 1624 1284 1655 Η.(·.
1309 1636 1370 1655 nec·
1386 1623 1510 1656 diutius
1527 1637 1673 1669 pugnam

888 1670 1104 1707 morabimur,
1131 1682 1230 1714 quam
1257 1677 1398 1714 uterque
1425 1678 1577 1704 nostrum
1598 1672 1674 1716 gla-

889 1716 980 1748 dium
1005 1715 1147 1748 dextrae
1172 1716 1394 1761 adaptaverit.

960 1763 1040 1795 CAP.
1055 1763 1172 1795 XXII.
1189 1762 1244 1796 49.
1269 1765 1359 1804 apud
1373 1765 1559 1807 Homerum]
1579 1764 1672 1799 lliad.

890 1821 912 1851 η
927 1834 934 1848 ,
962 1809 1041 1841 211.

962 1855 1074 1898 Cuius]
1092 1855 1321 1887 Referendum
1334 1855 1377 1887 ad
1391 1856 1551 1889 remotius
1568 1858 1672 1891 subst.

889 1904 1020 1933 Aiacem
1036 1926 1046 1941 ‚
1092 1901 1218 1946 quippe
1257 1901 1301 1933 dc
1340 1914 1407 1947 quo
1454 1905 1673 1938 cummaxime

889 1953 1019 1990 agatur.

959 1997 1020 2026 toto
1051 1998 1173 2035 pectore
1199 1996 1393 2038 trementem]
1428 1996 1503 2029 Hoc
1529 2009 1598 2030 non
1622 2005 1672 2031 est

889 2039 977 2084 apud
1004 2040 1208 2079 Homerum,
1237 2052 1300 2073 nec
1321 2041 1366 2073 ibi
1388 2051 1589 2086 repererunt
1612 2057 1674 2078 ve-

889 2093 1000 2126 teres,
1036 2086 1232 2119 Plutarchus
1264 2087 1321 2131 (de
1346 2088 1422 2121 aud.
1450 2091 1543 2123 Poe't.
1570 2103 1597 2124 c.
1620 2092 1673 2125 10.

890 2144 922 2177 p.
938 2130 993 2166 64.
1019 2132 1072 2165 ed.
1092 2133 1266 2174 Krebsiil,
1303 2134 1444 2180 Dionys.
1471 2136 1548 2169 Hal.
1582 2137 1674 2181 (περὶ

889 2178 954 2223 τῆς
976 2175 1133 2223 Ὁμήρου
1164 2177 1341 2222 ποιήσεως
1369 2183 1479 2226 §.16.)
1513 2189 1549 2216 ut
1573 2184 1675 2217 docet

892 2225 1002 2258 Clark.
1026 2225 1069 2258 ad
1084 2227 1221 2258 Homer.
1244 2217 1264 2259 l.
1281 2239 1308 2259 c.
1326 2227 1404 2262 216.
1440 2229 1582 2263 Troiani
1600 2238 1675 2264 tre-

889 2272 1047 2309 mebant,
1072 2284 1140 2305 non
1162 2274 1292 2306 Hector
1315 2271 1427 2318 (αιῖτῷ
1451 2276 1539 2309 enim
1565 2276 1677 2321 Ξῖυμὸς

891 2317 940 2353 ἐνὶ
966 2317 1136 2361 στῆἓεσσι
1158 2317 1354 2357 πάτασσεν,
1382 2321 1510 2363 Τρῶας
1532 2321 1572 2358 δὲ
1591 2322 1676 2366 τρό-

893 2376 957 2408 μος
981 2364 1076 2404 αἰνὸς
1108 2362 1264 2408 ὑπήλυῇε
1290 2371 1372 2410 γυῖα
1400 2367 1575 2413 ἕκαστον),
1617 2369 1674 2402 Ci-

893 2422 970 2445 cero
989 2418 1103 2444 tamen
1126 2411 1174 2445 sic
1196 2413 1366 2458 accepisse
1386 2415 1529 2448 videtur.
1575 2417 1674 2449 Erne-

891 2461 982 2491 scius.

957 2506 1162 2548 provocasse]
1191 2506 1270 2538 Scil.
1297 2506 1443 2540 Aiacem.
1656 2527 1663 2534 ·

960 2553 1154 2592 Torquatum
1163 2572 1208 2577 -—
1218 2555 1402 2586 Marcellum
1411 2572 1456 2578 —
1469 2555 1659 2587 Clastidium

893 2597 936 2628 V.
960 2597 1064 2630 Indic.
1090 2597 1168 2630 hist.
1210 2600 1262 2631 De
1286 2611 1440 2643 praepos.
1465 2601 1554 2640 apud
1576 2599 1677 2632 affert

895 2645 1036 2677 Moserus
1062 2644 1244 2677 Gablerum
1265 2645 1298 2677 in
1313 2645 1410 2677 Jahn.
1426 2645 1560 2677 Annall.
1576 2644 1673 2679 1329.

896 2702 929 2733 p.
943 2689 1035 2728 392..
1061 2690 1117 2734 qui
1141 2703 1249 2735 comp.
1266 2702 1329 2733 pro
1343 2690 1474 2722 Cluent.
1491 2691 1523 2725 7.
1545 2703 1572 2723 c.
1585 2691 1674 2725 Rull.

896 2737 922 2773 Ι,
942 2736 974 2769 2.
999 2737 1110 2770 Divin.
1126 2739 1151 2775 1,
1171 2736 1225 2770 54.
1247 2737 1289 2769 Ν.
1302 2738 1414 2774 Β.ῙΙΙ,
1434 2737 1466 2769 5.
1488 2736 1532 2769 ad
1545 2738 1674 2771 Famm.

897 2783 945 2822 ΙΙ,
968 2783 1021 2816 10.
1046 2784 1144 2816 Finn.
1165 2784 1205 2814 11.
1227 2782 1283 2815 22.
1304 2782 1359 2816 30.
1392 2782 1457 2816 Off.
1477 2784 1535 2815 ΙΙΙ.
1559 2783 1613 2818 30.
1632 2784 1676 2818 de

897 2830 974 2860 Sen.
996 2828 1047 2862 10.
1092 2831 1199 2871 Supra
1220 2829 1244 2860 Ι.
1267 2827 1323 2861 39.
1351 2828 1519 2873 docetque
1544 2830 1675 2864 Corne-

895 2874 978 2906 lium
1002 2875 1175 2919 Nepotem
1207 2874 1295 2906 hanc
1327 2880 1531 2908 structuram
1559 2877 1674 2911 nomi-

897 2932 998 2962 num,
1023 2932 1108 2965 quae
1129 2919 1228 2952 urbes
1247 2920 1457 2963 significant,
1481 2930 1677 2958 constanter

897 2973 1038 3006 tenere,
1075 2966 1208 2998 Livium
1237 2965 1435 3012 plerumque
1468 2980 1597 3013 ponere
1617 2973 1674 3013 ad,

901 3012 1097 3045 Ciceronem
1120 3019 1309 3056 utrumque.

968 3068 1139 3100 coynomen
1155 3062 1288 3104 invenit}
1313 3060 1358 3094 H.
1371 3072 1400 3092 e.
1421 3072 1502 3104 non,
1527 3062 1576 3096 uti
1594 3065 1676 3096 Wol-
