1843 3101
154 49 235 94 142
747 20 981 83 Linenn.
1008 47 1071 90 11,
1094 44 1151 81 26.

265 138 343 183 XI.

152 225 216 269 et,
259 216 294 258 si
326 215 427 257 hunc
460 211 672 259 miserum,
715 213 823 248 certe
852 205 1028 247 dolorem
1052 204 1211 244 malum.

823 278 903 322 Sed
930 280 1002 321 hoc
1027 293 1121 320 mox
1142 278 1296 319 videro.

406 138 490 181 Vix
517 136 637 191 igitur
662 145 780 189 posse
799 131 982 172 videmur
1000 128 1055 170 ita
1079 128 1265 170 affectum
1290 140 1371 169 non
1396 124 1585 168 miserum
1605 124 1739 172 dicere

1282 208 1353 244 26.
1396 201 1454 243 A.
1486 197 1552 241 Tu
1582 192 1738 255 quidem

152 292 278 334 adhuc
301 303 426 331 meam
451 299 628 327 caussam
656 282 757 337 agis.
1358 275 1518 318 Interea
1549 274 1651 316 unde
1672 272 1739 315 isti

150 365 323 408 versus?
364 376 440 404 non
471 360 574 401 euim
607 370 798 412 agnosco.
863 355 931 397 M.
965 353 1104 396 Dicam
1138 351 1286 393 hercle.
1349 350 1510 393 Etenim
1538 355 1648 391 recte
1674 361 1740 389 re-

151 442 289 496 quiris.
346 416 536 478 'videsne
571 432 770 474 abundare
803 444 864 471 me
901 430 1012 471 otio?
1077 429 1130 469 A.
1175 426 1279 481 Quid
1315 427 1428 467 tum?
1498 424 1566 467 M.
1610 420 1740 466 Fuisti

150 528 285 570 saepe,
308 512 442 562 credo,
463 524 579 565 quum
595 507 766 550 Athenis
787 519 915 556 esses,
937 504 976 545 in
996 503 1142 545 scholis
1164 501 1499 559 philosophorum.
1531 498 1589 541 Α.
1607 495 1737 548 Vero,
1763 497 1767 500 ’

149 604 194 630 ac
214 589 384 630 libenter
404 585 574 642 quidem.
639 582 706 624 M.
741 579 1099 621 Animadvertebas
1126 578 1268 633 igitur,
1303 575 1377 617 etsi
1404 582 1486 616 tum
1513 587 1630 616 nemo
1653 578 1740 615 erat

149 663 355 705 admodum
394 661 602 716 copiosus,
654 663 914 698 veruntamen
949 667 1091 695 versus
1131 653 1179 693 ab
1213 652 1262 693 iis
1304 649 1514 691 admisceri
1549 647 1736 690 orationi.

150 739 205 780 A.
241 737 302 779 Ac
326 736 468 777 multos
493 734 646 789 quidem
671 746 693 773 a
717 730 912 786 Dionysio
936 727 1090 770 Stoico.
1164 727 1231 768 M.
1266 725 1396 767 Probe
1421 724 1535 766 dicis.
1598 720 1682 766 Sed
1702 722 1737 764 is

147 813 259 869 quasi
290 812 434 852 dictata
462 809 566 850 nullo
606 807 783 856 delectu,
829 805 933 846 nulla
966 803 1185 859 elegantia3
1231 800 1344 842 Philo
1369 807 1410 841 et
1444 798 1643 856 proprium
1665 811 1738 839 nu-

147 901 322 937 merum,
372 892 412 926 et
444 885 546 926 lecta
584 887 790 938 poemata,
839 886 876 920 et
911 880 998 919 loco
1028 876 1280 932 adiungebat.
1352 874 1491 930 Itaque
1530 880 1736 930 postquam

148 962 325 1005 adamavi
359 961 455 1001 hanc
488 958 599 1014 quasi
631 956 795 996 senilem
829 952 1181 1002 declamationem,
1227 950 1405 991 studiose
1433 948 1614 1004 equidem
1645 954 1737 989 utor

218 1059 296 1091 Gir.
316 1059 376 1090 Xl.
411 1055 466 1089 26.
507 1056 569 1087 Sed
603 1056 658 1085 hoc
693 1061 767 1083 mor
800 1051 922 1090 videro]

148 1106 219 1138 Fin.
242 1106 282 1136 V.
304 1107 358 1142 21,
379 1103 441 1135 00:
468 1112 618 1144 quaeque
644 1099 799 1140 cuiusque·
821 1097 867 1128 vis
892 1103 925 1127 et

101 1180 103 1182 .
148 1159 264 1185 natura
286 1151 324 1181 sit
342 1176 349 1184 ,
382 1159 456 1180 mos
480 1149 662 1178 ridebimus.
690 1143 730 1176 ad
756 1144 843 1174 Fam.
868 1144 924 1174 Ill.

147 1198 180 1237 9,
206 1203 242 1230 δε
273 1208 385 1228 verum
411 1195 491 1226 lun-c
514 1194 698 1224 ridebimus.
723 1189 764 1221 nd
789 1193 855 1220 ΑΜ.
876 1189 923 1220 Χ.

146 1244 188 1282 7,
221 1244 255 1275 l:
294 1242 358 1273 scd
388 1240 428 1271 de
460 1240 525 1270 lim-
558 1240 741 1270 ridebimus.
774 1234 816 1267 ib.
847 1236 922 1266 XII.

146 1290 210 1328 3⁴,
235 1290 276 1322 2:
305 1288 430 1328 Quibus
455 1285 496 1316 ‹h-
520 1284 617 1317 rebus
644 1282 684 1314 nil
709 1294 761 1313 me
785 1280 923 1323 scripsi—

147 1335 201 1373 sti,
224 1334 378 1378 quonium
395 1333 466 1375 ipse
483 1330 589 1363 venio,
611 1340 722 1360 coram
738 1329 922 1360 videbimus.

150 1381 274 1413 Contra
301 1381 361 1411 l'ut.
386 1390 436 1409 ex.
460 1377 546 1407 infra
573 1375 611 1405 V.
637 1373 673 1409 Τ,
697 1377 759 1405 ’.Ἣῑ
788 1372 852 1403 sed
877 1375 922 1403 si-

148 1429 242 1466 dero,
267 1424 346 1469 quid
372 1422 516 1456 ei'liciutz
552 1422 704 1459 tantisper
727 1418 791 1450 lim:
816 1417 922 1461 ipsum

148 1471 259 1515 magni
287 1470 424 1505 savium„
462 1467 551 1512 quud
577 1466 762 1508 pollicetur>
796 1463 837 1494 (li⁴
865 1467 921 1495 Or.

149 1519 207 1550 111.
238 1519 295 1554 w,
321 1516 382 1550 371
408 1526 483 1547 num
505 1513 546 1544 de
567 1511 699 1543 actione
718 1515 786 1551 pos!
806 1511 924 1541 videro.

149 1562 252 1597 Acad.
278 1564 318 1594 ll.
348 1559 414 1600 24,
451 1559 511 1594 76:
548 1558 627 1602 quid
662 1557 833 1588 inventum
868 1555 922 1590 sit,

145 1612 255 1651 paullo
279 1612 347 1649 pos!
374 1609 490 1639 videro.
525 1604 568 1636 ib.
599 1608 662 1637 -Η,
695 1603 774 1634 Ιζὶἴιῑ
821 1609 921 1640 recte,

147 1666 294 1689 secusne,
321 1655 404 1684 alius
424 1654 606 1684 viderimus.
644 1648 712 1679 Fin.
736 1649 758 1679 ῐ.
787 1648 833 1682 lo,
858 1649 920 1679 ὀξυ

149 1713 231 1746 quae
255 1699 354 1732 suerit
378 1710 502 1733 caussa,
527 1707 600 1727 ntor
623 1697 738 1726 sideru.
777 1694 878 1735 Legg.
899 1694 922 1724 1.

147 1749 209 1781 21:
237 1746 288 1778 cui
311 1752 420 1776 tumen
443 1754 505 1785 ego
525 1740 686 1774 assentiar
706 1740 736 1771 in
758 1740 922 1776 omnium,

143 1805 273 1827 'net-ne.
312 1802 385 1823 mox
405 1792 524 1821 videro.
573 1789 682 1825 Quum
715 1784 790 1816 huic
817 1787 923 1817 videro

149 1837 306 1872 adverbia
326 1847 418 1875 mox,
441 1839 529 1876 post,
554 1835 638 1864 alias
660 1831 814 1863 adiuncta
845 1830 922 1868 sint,

149 1885 203 1917 vel
227 1891 316 1917 cert‹²
342 1883 373 1913 in
400 1888 471 1914 tota
492 1879 644 1912 oratioue
663 1876 787 1920 aliquid
810 1877 922 1910 lateat,

149 1930 240 1974 quod
264 1929 306 1961 ad
331 1928 469 1959 alterum
505 1924 606 1957 l'utuii
629 1923 790 1967 temporis
813 1923 922 1954 actio-

149 1987 226 2008 nem
260 1974 432 2016 respiciat:
458 1973 545 2004 hunc
571 1969 673 2002 l'utuii
698 1968 806 2001 exacti
831 1980 924 2000 usum

149 2021 192 2054 ad
220 2020 360 2053 eandem
383 2016 606 2050 revocandum
642 2015 786 2047 arbitror
818 2015 925 2046 ratio-

149 2078 246 2105 nem,
284 2077 347 2110 qua
371 2065 520 2096 futurum
542 2068 693 2093 exactum
723 2069 755 2092 et
784 2061 815 2092 in
842 2072 924 2104 pro-

148 2113 224 2154 tasi,
250 2112 335 2144 etin
358 2108 498 2153 apodosi
533 2115 694 2150 ponatur,
734 2114 769 2137 ut
802 2106 923 2149 duplex

149 2158 238 2192 actio
258 2156 378 2190 eodem
399 2154 558 2198 temporis
579 2160 703 2196 puncto
723 2153 834 2184 futuru
854 2164 924 2183 esse

149 2204 279 2237 dicatur
304 2205 349 2246 (v.
366 2212 426 2233 nos
444 2201 476 2231 in
494 2201 551 2231 Gr.
568 2200 604 2232 L.
629 2199 657 2241 ᾗ.
674 2197 747 2231 107.
775 2199 852 2229 Not.
875 2198 923 2230 ll.

149 2257 184 2283 et
202 2260 302 2293 snpra
325 2247 367 2280 ad
387 2248 412 2278 1.
434 2245 498 2280 30,
524 2244 606 2278 74λ.
656 2246 768 2286 ltaque
791 2244 822 2274 in
847 2255 924 2274 ver-

149 2296 220 2329 bis:
257 2304 353 2334 mox,
375 2295 466 2333 post,
490 2292 573 2322 alias
598 2292 706 2321 videro
735 2290 817 2321 haec
845 2289 926 2320 mihi

149 2342 258 2375 inesse
272 2339 405 2373 videtur
418 2335 602 2369 sententia:
626 2345 711 2374 mos,
730 2339 810 2375 post,
831 2337 924 2375 alias,

151 2399 252 2432 quum
283 2384 415 2418 occasio
447 2382 560 2414 oblata
590 2380 671 2419 erit,
708 2391 808 2423 quum
841 2392 924 2423 opus

150 2433 265 2472 fuerit,
290 2442 390 2476 quum
412 2427 454 2461 ad
476 2438 545 2459 rem
567 2437 750 2470 pervenero
764 2452 771 2461 ,
797 2428 925 2458 simul

148 2481 270 2513 videbo.
308 2478 467 2509 Futurum
483 2479 634 2505 exactum
655 2479 811 2503 eventum
832 2473 927 2502 futu-

150 2522 366 2565 raexactionis
386 2519 476 2565 quasi
498 2516 661 2563 praecipit
680 2528 813 2559 remque
833 2524 927 2560 post-

154 2583 192 2603 ea
218 2566 494 2603 considerandam
517 2572 676 2607 tanquam
707 2570 799 2594 certo
832 2564 927 2593 sutu-

150 2629 221 2650 ram
243 2614 419 2659 exprimit3
444 2612 590 2644 futurum
610 2608 749 2651 simplex
772 2617 859 2650 gmox
879 2610 928 2639 vi-

151 2663 240 2699 deboi
269 2669 387 2694 contra
415 2656 499 2691 nihil
528 2655 616 2688 atiud
638 2653 823 2698 significat,
862 2652 928 2685 nisi

151 2720 222 2741 rem
244 2714 363 2751 postea
388 2703 633 2738 consideratum
657 2700 709 2733 iri.

218 2754 360 2797 videsne]
383 2753 490 2794 Saepe
510 2746 672 2793 particula
687 2743 928 2788 interrogativa

151 2810 189 2832 ne
205 2796 462 2842 interrogationi
477 2793 711 2828 affirmativam
725 2789 927 2823 sententiam

152 2845 313 2878 subiicere
343 2843 476 2875 videtur
497 2844 548 2885 (ut
569 2839 706 2880 nonne),
739 2836 788 2869 ita
810 2843 845 2868 ut
868 2836 924 2868 af-

154 2889 314 2922 firmativa
326 2888 501 2933 responsio
511 2891 734 2930 exspectetur.
758 2882 812 2914 Sic
823 2882 852 2924 6.
862 2881 923 2915 ¹27:

153 2934 219 2966 Sed
237 2937 361 2968 videsne
384 2941 447 2968 etc.
469 2933 513 2967 de
527 2935 660 2966 Senect.
680 2929 742 2964 10:
763 2929 926 2968 videtisne,

961 1054 996 1080 ut
1020 1048 1108 1091 apud
1132 1047 1315 1079 Homerum
1338 1045 1531 1090 saepissime
1547 1045 1670 1077 Nestor
1692 1042 1736 1077 do

961 1094 1139 1126 virtutibus
1160 1093 1227 1125 suis
1251 1091 1446 1136 praedicet?
1485 1094 1552 1135 (ubi
1575 1094 1735 1132 exspecta-

960 1146 1010 1173 tur
1023 1143 1220 1181 affirmativa
1232 1141 1411 1179 responsio:
1433 1137 1608 1178 videmus.)
1632 1134 1734 1169 Acad.

961 1188 1000 1218 Π.
1029 1188 1087 1219 Ιὸῑ
1114 1187 1251 1224 videsne,
1275 1191 1310 1217 ut
1331 1185 1363 1217 in
1385 1183 1564 1227 proverbio
1583 1182 1627 1215 sit
1646 1191 1734 1215 ovo-

959 1244 1031 1265 rum
1068 1232 1154 1263 inu-r
1185 1243 1220 1262 so
1248 1229 1459 1263 similitudo?
1501 1229 1593 1261 Infra
1614 1229 1654 1261 V.
1680 1227 1732 1269 1¹2,

957 1279 1018 1311 35:
1061 1280 1225 1309 Videturne
1256 1288 1388 1309 omnem
1418 1275 1475 1308 hic
1499 1274 1623 1318 (Βοῦν.)
1649 1273 1733 1306 bea-

958 1330 1026 1355 tam
1052 1323 1154 1355 vitam
1179 1323 1211 1354 in
1240 1334 1304 1355 una
1336 1323 1457 1354 virtute
1488 1319 1641 1364 ponere?
1677 1317 1732 1360 21,

957 1369 1000 1402 (5¹3
1016 1382 1021 1400 τ
1048 1372 1174 1401 Satisne
1193 1368 1324 1400 videtur
1342 1368 1528 1401 declarasse
1543 1365 1732 1410 Dionysius,

958 1415 1038 1446 nihil
1064 1427 1134 1447 esse
1157 1413 1186 1445 ci
1215 1414 1347 1448 beatum
1361 1440 1368 1453 ‚
1404 1412 1455 1446 cui
1476 1419 1611 1457 'semper
1632 1409 1734 1455 aliqui

959 1468 1067 1493 teri-01-
1103 1460 1323 1503 impcndvat'?
1364 1460 1407 1492 N.
1431 1460 1470 1491 D.
1495 1459 1553 1491 ΙΙΙ.
1578 1458 1641 1497 27,
1665 1456 1731 1490 69:

961 1509 1126 1539 l'irlelurne
1157 1518 1283 1538 summu
1316 1504 1534 1549 improbitate
1567 1515 1641 1536 usus
1666 1512 1735 1535 non

957 1553 1027 1584 sinc
1060 1564 1186 1584 summa
1222 1564 1293 1583 esse
1326 1550 1484 1584 ratione?
1520 1551 1643 1582 Verum
1669 1548 1735 1581 hoc

957 1610 993 1631 ne
1016 1611 1121 1642 neque
1145 1598 1186 1630 ad
1208 1598 1454 1634 affirmativam,
1481 1607 1588 1640 neque
1607 1594 1649 1628 ad
1669 1605 1734 1626 ne-

957 1644 1102 1687 gativum
1143 1643 1393 1687 responsionem
1431 1648 1606 1686 praeparat
1622 1667 1630 1682 ,
1673 1639 1734 1672 sed

958 1703 1026 1723 rem
1051 1691 1083 1722 in
1107 1690 1218 1722 medio
1240 1689 1396 1733 relinquit
1420 1689 1508 1720 inter
1529 1686 1734 1720 affirmatio—

959 1748 1033 1767 nem
1057 1744 1089 1767 vt
1109 1735 1334 1779 negationem.
1385 1734 1472 1766 Hinc
1491 1741 1648 1778 tanquam
1669 1743 1732 1765 co-

958 1793 1026 1814 mes
1061 1781 1196 1814 additur
1219 1781 1251 1813 in
1274 1781 1539 1823 interrogatione
1571 1786 1606 1811 et
1629 1790 1732 1821 nega-

958 1828 1039 1860 tioni
1062 1839 1122 1860 nou
1151 1828 1291 1870 lnonne‘,
1315 1838 1397 1870 quac
1422 1827 1654 1867 affirmativam
1676 1835 1733 1856 re-

958 1874 1172 1917 sponsionem
1185 1899 1193 1910 ,
1218 1880 1250 1903 et
1268 1871 1457 1916 ‘particulae
1477 1881 1555 1904 num
1576 1870 1733 1915 (numne),

958 1932 1042 1964 quae
1061 1919 1250 1962 negativam
1269 1918 1522 1962 responsionem
1540 1923 1736 1960 exspectare

960 1978 1020 1998 nos
1040 1966 1140 1998 iubet.
1174 1965 1284 1997 Etiam
1303 1964 1387 1997 aliae
1405 1963 1536 2007 linguae
1553 1961 1735 2005 negatione

960 2020 1098 2044 utuntur
1126 2011 1158 2043 in
1185 2009 1505 2054 interrogationibus
1528 2007 1734 2041 indefinitis:

959 2070 1042 2101 quae
1062 2070 1112 2090 res
1130 2069 1170 2089 ex
1187 2056 1325 2089 duarum
1341 2054 1654 2099 interrogationum,
1677 2053 1735 2086 af-

960 2104 1142 2136 firmativae
1163 2110 1197 2135 et
1221 2103 1417 2145 negativae,
1451 2099 1648 2134 confusione
1674 2100 1736 2143 (vi-

958 2152 1077 2182 desne?
1104 2165 1147 2176 =
1182 2151 1296 2181 vides?
1330 2147 1499 2189 videsne‘I)
1534 2152 1609 2179 orta
1638 2143 1752 2177 vide-'

961 2203 1033 2227 tur:
1072 2206 1213 2238 namque
1236 2194 1282 2232 is,
1319 2193 1374 2237 qni
1397 2192 1571 2225 indefinite
1593 2190 1737 2224 alterum

959 2241 1164 2283 interrogat,
1190 2240 1337 2273 incertus
1361 2246 1430 2277 est,
1468 2245 1578 2271 utrum
1610 2235 1736 2283 aliquid

961 2299 1038 2318 vere
1070 2288 1132 2325 sit,
1170 2297 1274 2317 necne
1307 2284 1360 2316 sit.
1423 2283 1487 2316 Ubi
1519 2283 1621 2327 igitur
1650 2283 1736 2315 sim-

960 2332 1034 2375 plex
1069 2342 1106 2364 ne
1137 2337 1330 2374 usurpatum
1365 2329 1496 2362 videtur
1530 2340 1591 2373 pro
1621 2337 1735 2369 nonne,

959 2379 992 2410 h.
1012 2390 1041 2409 e.
1066 2377 1120 2409 ubi
1142 2377 1188 2414 is,
1224 2375 1278 2420 qui
1300 2376 1506 2417 interrogat,
1541 2380 1634 2407 certo
1658 2373 1732 2413 scit,

959 2424 1100 2456 alterum
1120 2422 1371 2466 responsionem
1388 2420 1632 2453 affirmaturum
1651 2429 1735 2460 esse,

962 2468 1106 2501 orationi
1127 2479 1226 2512 saepe
1251 2467 1345 2500 color
1365 2466 1500 2510 quidam
1522 2464 1650 2497 ironiae
1669 2463 1736 2497 ad—

960 2515 1129 2547 miscetur.
1161 2515 1199 2544 V.
1215 2525 1276 2545 nos
1293 2513 1327 2545 in
1342 2513 1400 2545 Gr.
1415 2513 1456 2543 L.
1471 2511 1500 2555 (5.
1514 2510 1589 2545 158.
1603 2510 1687 2543 Not.
1699 2508 1733 2544 6.

961 2573 994 2604 p.
1006 2558 1066 2593 4⁴1
1082 2571 1132 2603 sq.
1159 2558 1210 2591 ed.
1227 2560 1259 2591 2.

1029 2608 1134 2647 credo]
1153 2604 1278 2636 urbane
1293 2614 1356 2647 pro
1372 2615 1378 2635 :
1402 2604 1468 2635 sine
1481 2602 1588 2634 dubio.
1620 2601 1735 2634 Omni-

961 2663 1006 2683 no
1028 2650 1229 2689 tenendum,
1255 2655 1396 2686 veteres,
1422 2646 1618 2680 urbanitatis
1637 2658 1736 2680 sensu

961 2696 1100 2735 ductos,
1125 2706 1224 2739 saepe
1245 2706 1315 2727 rem
1336 2692 1552 2727 certissimam
1570 2704 1611 2726 ac
1632 2691 1737 2725 mini-

961 2754 1014 2774 me
1037 2741 1170 2774 dubiam
1189 2740 1382 2772 dubitanter
1402 2746 1436 2771 et
1458 2738 1610 2771 modeste
1629 2740 1737 2772 effer-

960 2800 1008 2821 re.
1054 2788 1103 2819 Ex
1134 2787 1254 2819 eodem
1287 2784 1484 2818 urbanitatis
1512 2783 1734 2817 sensu‘fluxit

962 2833 1117 2876 frequens
1150 2832 1244 2865 verbi
1274 2833 1377 2864 videri
1406 2837 1442 2864 et
1471 2829 1562 2875 apud
1586 2829 1736 2863 Graecos

961 2879 1054 2913 verbi
1090 2881 1203 2914 δοκεῖν
1236 2889 1311 2910 usus
1344 2876 1387 2909 de
1418 2876 1517 2909 rebus
1540 2875 1735 2921 exploratis,

960 2937 1064 2970 porro
1100 2924 1228 2958 locutio
1266 2926 1370 2958 nescio
1404 2933 1449 2956 an
1483 2921 1528 2956 de
1567 2919 1737 2956 sententb
