1843 3101
188 52 272 96 282
744 59 912 93 Lmen
934 59 977 94 v.
1002 56 1043 100 9,
1068 57 1124 92 24.
1148 57 1205 94 25.

297 139 378 185 IX.
411 146 481 184 24.
516 140 603 183 Hoc
622 140 715 181 illud
736 145 820 191 est,
854 138 956 194 quod
977 138 1277 195 Theophrastus
1297 139 1495 182 sustinere
1518 154 1597 182 non
1620 141 1760 197 potuit.

184 217 290 260 Nam
315 232 430 273 quum
452 215 681 266 statuisset,
724 214 916 267 verbera,
963 220 1179 266 tormenta,
1212 215 1432 267 cruciatus,
1478 214 1626 271 patriae
1648 229 1764 257 ever-

185 293 320 335 siones
334 323 345 343 ,
378 290 519 332 exsilia
533 321 544 341 ,
578 288 767 330 orbitates
789 302 969 343 magnam
994 288 1072 331 vim
1097 289 1243 330 habere
1265 290 1312 330 ad
1334 289 1435 330 male
1461 289 1683 344 misereque
1702 289 1763 331 vi-

184 367 352 410 vendum
366 397 377 417 ,
425 379 503 405 non
527 371 589 405 est
608 377 727 404 ausus
749 363 850 403 elate
872 370 912 404 et
935 364 1062 419 ample
1083 364 1215 419 loqui,
1262 378 1378 418 quum
1398 363 1598 404 humiliter
1618 363 1763 405 demis-

183 454 304 496 seque
320 439 500 481 sentiret.
564 435 692 492 Quam
711 437 828 488 bene,
862 451 941 478 non
959 438 1182 492 quaeritur,
1216 444 1445 479 constanter
1461 437 1615 493 quidem
1634 445 1759 479 certe.

180 514 319 570 Itaque
341 513 435 555 mihi
454 513 610 569 placere
631 526 710 552 non
730 512 832 552 solet
849 511 1130 566 consequentia
1152 512 1466 566 reprehendere,
1501 526 1617 567 quum
1635 512 1761 568 prima

181 587 445 631 concesseris.
507 585 583 627 Hic
605 593 733 627 autem
754 586 1068 641 elegantissimus
1091 586 1262 627 omnium
1279 586 1594 642 philosophorum
1616 593 1654 627 et
1671 600 1762 627 eru-

180 663 395 705 ditissimus
413 675 492 702 non
516 674 658 715 magno
680 675 798 717 opere
820 661 1142 716 reprehenditur,
1177 675 1291 716 quum
1316 661 1389 701 tria
1405 674 1558 715 genera
1579 660 1671 701 dicit
1692 659 1763 702 bo-

179 752 342 789 norum,
388 743 559 778 vexatur
592 742 722 776 autem
751 735 798 776 ab
823 735 1002 776 omnibus
1025 735 1189 791 primum
1213 735 1252 775 in
1278 748 1325 775 eo
1350 735 1474 787 libro,
1518 749 1632 790 quem
1662 735 1761 776 scri-

178 812 255 869 psit
275 812 322 852 de
345 810 427 852 vita
448 810 577 860 beata,
610 809 650 850 in
669 825 744 865 quo
769 810 888 850 multa
911 810 1097 865 disputat,
1132 809 1383 864 quamobrem
1405 809 1455 860 is,
1488 809 1553 864 qui
1578 817 1762 865 torquea-

179 893 266 938 tur,
319 885 384 941 qui
419 884 638 935 crucietur,
687 884 826 925 heatus
860 898 949 925 esse
983 898 1059 924 uon
1097 884 1245 938 possit,
1291 883 1332 923 in
1367 897 1415 925 eo
1452 883 1569 925 etiam
1605 890 1762 940 putatur

1389 956 1486 998 Non
1522 970 1685 1012 usquam
1720 958 1759 999 id

1392 1038 1464 1073 25.
1496 1030 1664 1073 Possum
1685 1031 1760 1086 igi-

179 1117 244 1150 tur
259 1141 270 1160 ,
314 1108 377 1149 cui
399 1107 665 1148 concesserim
680 1139 690 1158 ,
735 1106 774 1146 in
794 1105 906 1146 malis
928 1119 1017 1146 esse
1041 1105 1198 1147 dolores
1221 1105 1425 1162 corporis,
1457 1106 1498 1146 in
1520 1106 1632 1147 malis
1661 1120 1759 1147 nau-

178 961 334 1011 dicere,
393 959 432 999 in
461 966 589 999 rotam
622 958 777 999 beatam
815 958 933 998 vitam
970 971 1048 997 non
1086 960 1318 998 escendere.

178 1035 331 1091 quidem
353 1033 446 1074 dicit
463 1032 645 1083 omnino3
677 1032 762 1084 sed,
797 1045 897 1086 quae
916 1031 1024 1082 dicit,
1058 1031 1159 1072 idem
1180 1032 1330 1072 valent.

177 1183 301 1238 fragia
329 1184 509 1224 fortunae
525 1214 536 1234 ,
571 1182 659 1222 huic
684 1194 922 1222 succensere
944 1180 1112 1232 dicenti,
1143 1195 1222 1221 non
1247 1194 1384 1221 omnes
1405 1180 1532 1222 bonos
1553 1194 1644 1222 esse
1665 1180 1759 1222 bea-

174 1265 263 1309 tos,
309 1272 426 1312 quum
457 1257 494 1297 in
516 1271 652 1298 omnes
675 1256 800 1297 bonos
833 1270 902 1307 ea,
950 1268 1049 1309 quae
1069 1254 1134 1295 ille
1166 1254 1207 1294 in
1229 1255 1340 1296 malis
1363 1261 1567 1306 numerat,
1615 1255 1757 1296 cadere

174 1332 353 1388 possint?
411 1330 596 1372 Vexatur
616 1330 717 1371 idem
739 1329 1035 1384 Theophrastus
1059 1335 1097 1369 et
1119 1328 1230 1369 libris
1252 1336 1292 1370 et
1312 1329 1457 1371 scholis
1480 1329 1651 1370 omnium
1674 1329 1757 1386 phi-

173 1406 451 1462 losophorum,
485 1404 586 1460 quod
617 1403 658 1444 in
689 1401 933 1445 Callisthene
964 1417 1036 1443 suo
1068 1403 1237 1444 laudarit
1264 1404 1370 1445 illam
1401 1403 1660 1446 sententiam:

308 1479 428 1519 Vz'tdm
458 1481 564 1530 regit
578 1480 768 1532 fortuna,
802 1493 876 1517 non
906 1480 1104 1531 sapientia.

172 1553 336 1610 Negant
369 1553 417 1595 ab
456 1553 534 1594 ullo
557 1552 787 1609 philosopho
812 1551 1015 1608 quicquam
1040 1553 1185 1594 dictum
1210 1566 1302 1594 esse
1323 1553 1563 1608 languidius.
1624 1551 1755 1595 Recte

176 1704 250 1725 cere
266 1702 440 1735 possumus
454 1689 554 1722 etiam
569 1697 649 1729 tum,
668 1701 769 1733 quum
783 1695 817 1721 et
834 1688 946 1721 omnia

174 1737 314 1770 adversa
336 1743 414 1769 sunt
433 1736 466 1768 in
490 1736 626 1768 fortuna
651 1742 684 1767 et
705 1735 856 1767 omnibus
880 1746 944 1778 op-

175 1795 324 1828 pressum
350 1794 468 1825 corpus
492 1788 525 1813 et
550 1781 740 1813 confectum
761 1780 944 1819 doloribus,

174 1828 271 1861 nobis
303 1828 470 1872 paullum,
510 1839 551 1859 ne
585 1827 691 1859 dicam
723 1826 765 1859 ad
790 1826 946 1858 beatissi-

175 1886 273 1913 mam,
290 1874 349 1906 sed
365 1874 408 1906 ad
420 1874 525 1906 solam
542 1874 675 1905 beatam
688 1872 790 1904 vitam
804 1871 919 1903 deesse
930 1871 946 1903 ἶ)

245 1920 323 1952 Car.
340 1920 399 1951 IX.
430 1918 485 1951 24.
519 1918 683 1962 sustinere]
720 1919 762 1950 H.
790 1929 818 1949 e.
853 1917 945 1957 illud,

178 1965 229 1998 cui
249 1964 463 1997 defendendo
485 1976 553 1997 non
574 1976 633 2008 par
654 1971 725 1996 erat
745 1963 811 1996 Th.

253 2020 350 2051 quum
387 2012 544 2042 humiliter
582 2013 772 2050 demisseque
810 2008 948 2053 sentiret]

177 2056 271 2088 Haec
292 2055 392 2087 verba
414 2055 505 2098 quasi
527 2068 589 2099 pro
611 2055 786 2099 epexegesi
806 2054 949 2097 quadam

176 2100 406 2135 antecedentis
417 2101 576 2143 protasis:
594 2112 689 2142 quum
700 2103 856 2133 statuisset
869 2107 950 2132 cett.

179 2145 371 2190 accipienda
390 2153 476 2177 sunt.
509 2147 574 2178 Cic.
590 2158 651 2189 pro
664 2146 726 2189 leg.
739 2145 852 2177 Manil.
865 2146 946 2183 XX,

176 2192 240 2226 59:
268 2191 332 2231 Qui
355 2203 454 2234 quum
478 2203 517 2223 ex
539 2192 633 2224 vobis
657 2197 841 2235 quaereret,
867 2193 894 2223 si
914 2190 947 2222 iu

178 2249 245 2270 uno
269 2237 328 2268 Cn.
356 2237 516 2279 Pompeio
551 2237 660 2269 omnia
695 2236 885 2280 poneretis,
921 2238 948 2268 si

179 2282 259 2328 quid
282 2282 325 2314 de
347 2294 387 2314 eo
410 2282 534 2314 factum
562 2289 667 2322 esset,
704 2282 737 2314 in
761 2292 825 2326 quo
854 2293 948 2325 spem

181 2328 297 2362 essetis
317 2328 472 2366 habituri,
499 2327 585 2370 cepit
605 2339 760 2370 magnum
781 2339 858 2359 suae
878 2327 949 2359 vir—

178 2374 259 2407 tutis
283 2374 438 2406 fructum.
483 2372 525 2404 de
548 2373 620 2404 Fin.
644 2374 670 2404 Ι.
691 2372 733 2412 3,
756 2373 795 2406 7:
832 2374 947 2413 Quan-

180 2431 279 2464 quam
305 2419 332 2451 si
363 2419 462 2462 plane
487 2418 535 2450 sic
567 2424 731 2450 verterem
761 2418 946 2458 Platonem,

179 2472 238 2498 aut
253 2465 479 2503 Aristotelem,
506 2470 541 2495 ut
556 2469 726 2495 verterunt
740 2463 846 2494 nostri
860 2475 947 2506 poe-

179 2518 236 2543 tae
260 2511 408 2548 fabulas,
441 2509 547 2548 male,
585 2508 704 2546 credo,
740 2519 884 2540 mererer
905 2508 947 2540 de

181 2556 307 2589 civibus
337 2556 438 2595 meis,
480 2558 507 2588 si
540 2556 584 2587 ad
613 2564 719 2587 eorum
744 2556 948 2594 cognitionem

179 2604 290 2635 divina
313 2604 369 2634 illa
394 2604 521 2643 in9em‘a
543 2602 754 2641 transferrem.

247 2651 423 2680 constanter
443 2649 568 2688 quidem
590 2646 682 2688 certe]
711 2645 750 2677 V.
776 2643 819 2676 ad
842 2655 870 2675 c.
889 2644 946 2683 20,

179 2691 243 2726 60:
267 2695 394 2734 quidem
416 2696 504 2725 certe.

246 2740 306 2771 Hic
328 2738 447 2782 aurem]
481 2736 735 2780 Theophrastus
766 2746 834 2767 non
868 2733 944 2766 ideo

178 2782 416 2827 vituperandus
439 2789 531 2825 erat,
556 2782 668 2826 qnod,
694 2781 748 2825 qui
767 2787 943 2824 torquere-

179 2834 254 2869 tur,
290 2828 347 2873 qui
371 2828 588 2868 cruciaretur,
625 2839 699 2860 eum
718 2827 852 2859 beatum
874 2837 945 2857 esse

179 2883 278 2915 posse
297 2881 453 2917 negaret3
482 2874 584 2906 immo
606 2873 664 2905 illa
687 2872 832 2906 omnium
852 2871 946 2904 Peri—

180 2918 403 2961 pateticorum
423 2919 590 2952 sententia
608 2918 758 2951 notanda
776 2923 867 2957 erat,
891 2916 946 2960 qui

181 2962 340 2996 dicebant
352 2965 416 2997 tria
431 2977 553 3008 genera
567 2976 638 2997 esse
651 2964 816 2997 bonorum
828 2975 835 2994 :
856 2962 946 3007 quod

980 1689 1007 1721 si
1034 1689 1247 1727 conceditur,
1285 1689 1315 1720 ei
1340 1701 1533 1722 succensere
1567 1701 1636 1723 non
1660 1690 1752 1734 licet,

980 1735 1035 1779 qui
1057 1735 1148 1773 dicit,
1173 1746 1241 1767 non
1263 1746 1377 1766 omnes
1398 1735 1504 1767 bonos
1526 1747 1597 1768 esse
1621 1736 1750 1776 beatos,

981 1793 1080 1824 quum
1112 1781 1146 1812 in
1183 1792 1297 1812 omnes
1328 1780 1436 1812 bonos
1469 1788 1503 1813 et
1537 1782 1687 1825 corporis
1718 1789 1752 1814 et

983 1828 1139 1859 fortunae
1160 1826 1247 1858 mala
1266 1826 1386 1858 cadere
1402 1827 1543 1869 possint.
1590 1828 1677 1859 Nam
1698 1827 1749 1859 al-

984 1879 1091 1904 terum
1116 1871 1212 1904 alteri
1238 1883 1443 1915 consequens
1467 1878 1528 1904 est.

1048 1918 1195 1962 vescatur]
1232 1918 1274 1952 H.
1296 1930 1325 1950 e.
1354 1917 1569 1951 vehementer
1596 1918 1752 1962 carpitur,

983 1970 1129 1997 notatur.

1050 2011 1084 2042 in
1102 2012 1180 2042 libro
1203 2011 1241 2042 de
1263 2011 1329 2042 vita
1351 2011 1456 2052 beata]
1491 2009 1568 2052 περὶ
1589 2006 1753 2054 εὔδαιμο-

983 2055 1074 2095 νίας,
1114 2055 1210 2098 Diog.
1231 2056 1270 2087 L.
1296 2056 1344 2095 V,
1366 2053 1420 2088 43..
1454 2054 1532 2098 περ).
1560 2057 1625 2099 τῆς
1655 2056 1754 2095 θείας

984 2098 1218 2144 εὐδαιμονίας,
1241 2100 1321 2132 ibid.
1343 2099 1397 2134 49.
1440 2102 1483 2133 V.
1501 2100 1543 2133 de
1562 2101 1634 2134 Fin.
1657 2103 1696 2134 V.
1718 2103 1750 2141 5,

986 2149 1037 2180 12.
1086 2148 1135 2178 De
1163 2153 1330 2178 structura
1361 2146 1470 2178 locum
1495 2153 1612 2179 nostro
1639 2146 1753 2179 consi-

982 2192 1094 2224 milem
1125 2191 1331 2236 deprehendi
1361 2192 1393 2223 in
1419 2191 1577 2231 Quinctil.
1597 2194 1678 2225 Inst.
1694 2195 1751 2225 Or.

981 2239 1029 2270 X.
1060 2238 1097 2272 l,
1120 2237 1161 2270 9·
1187 2238 1374 2280 Scriptores
1405 2237 1536 2281 quidem
1565 2238 1753 2271 iamborum

982 2283 1171 2327 veterisque
1194 2282 1388 2315 comoediae
1418 2283 1518 2315 etiam
1541 2286 1575 2317 in
1596 2286 1660 2316 illis
1693 2285 1752 2327 (sc.

983 2340 1098 2372 parum
1122 2328 1316 2361 verecundis
1337 2328 1458 2368 verbis)
1483 2332 1589 2373 saepe'
1615 2331 1753 2362 laudan—

984 2379 1034 2407 tur
1056 2374 1101 2417 (h.
1123 2386 1151 2406 e.
1175 2380 1314 2417 propter
1335 2374 1391 2406 illa
1415 2374 1467 2406 vel
1490 2374 1533 2407 de
1558 2375 1650 2416 illis).
1695 2375 1753 2407 Si-

983 2419 1108 2452 militer
1132 2419 1174 2451 de
1196 2424 1286 2453 Orat.
1308 2421 1332 2451 Ι.
1356 2417 1483 2457 11‚.47.
1517 2431 1582 2464 qno
1610 2421 1644 2452 in
1665 2420 1751 2453 libro

980 2468 1013 2498 in
1055 2468 1111 2498 hoc
1153 2465 1294 2497 maxime
1341 2467 1530 2505 admirabar
1564 2465 1750 2506 Platonem,

982 2510 1072 2553 quod
1092 2517 1154 2542 etc.
1215 2509 1489 2543 Alibiadmirari
1517 2513 1549 2543 in
1579 2513 1688 2552 aliqua
1717 2521 1751 2544 rc

980 2555 1141 2598 significat
1171 2559 1219 2589 bei
1251 2558 1335 2588 einer
1364 2557 1464 2588 Sache
1492 2557 1558 2588 sich
1586 2557 1752 2598 wundern‚

981 2608 1017 2631 ut
1044 2613 1140 2643 supra
1162 2603 1219 2632 ΙΙΙ.
1247 2602 1308 2639 Ιὸ,
1333 2600 1396 2634 39:
1431 2599 1465 2631 in
1489 2612 1554 2643 quo
1575 2601 1659 2633 haec
1689 2602 1749 2633 ad-

981 2645 1114 2677 miratio
1128 2646 1245 2678 fiebat:
1265 2646 1322 2677 ubi
1335 2657 1367 2678 v.
1381 2645 1466 2677 Adn.
1479 2645 1521 2677 de
1534 2648 1623 2678 Orat.
1637 2648 1679 2679 ΙΙ.
1692 2647 1748 2687 78,

980 2690 1057 2723 316.
1079 2691 1122 2723 de
1135 2691 1241 2723 Finib.
1257 2693 1283 2723 Ι.
1299 2691 1340 2728 2,
1360 2688 1392 2722 4.
1419 2690 1461 2722 ad
1475 2691 1567 2723 Fam.
1587 2693 1642 2732 ΙΙΙ,
1661 2691 1693 2726 8.
1715 2695 1749 2725 in

981 2746 1041 2776 quo
1059 2740 1086 2768 te
1105 2739 1276 2777 ohim-gem,
1309 2736 1351 2767 de
1370 2738 1462 2768 Orat.
1484 2738 1541 2779 ΠΙ,
1566 2735 1617 2771 14.
1638 2739 1749 2771 exhor-

979 2791 1094 2814 rescere
1117 2788 1150 2813 et
1174 2784 1351 2814 exclamare
1372 2783 1406 2814 in
1427 2784 1537 2823 aliqua
1559 2793 1604 2816 re.

1046 2828 1164 2870 rotam]
1199 2828 1280 2859 Rota
1306 2826 1561 2860 instrumentum
1582 2834 1678 2861 rotae
1697 2828 1748 2860 si-

980 2871 1058 2905 mile
1090 2871 1179 2916 apud
1210 2872 1377 2911 Graecos,
1416 2871 1451 2904 in
1486 2884 1553 2917 quo
1587 2872 1749 2907 tormenti

982 2929 1095 2951 caussa
1127 2916 1214 2950 servi
1247 2917 1513 2951 extendebantur
1542 2919 1596 2952 vel
1617 2930 1750 2963 poenae

981 2976 1094 2997 caussa
1125 2963 1179 2996 vel
1215 2963 1258 2996 ad
1285 2963 1521 3008 exquirendam
1550 2964 1748 3000 veritatem:
