1859 3149
1603 76 1685 121 163

85 165 240 219 tabilis,
292 166 327 208 si
361 165 607 216 imbecillus,
658 164 691 206 si
727 165 928 216 abiectus,
975 163 1009 205 si
1045 162 1212 216 flebilis,
1261 163 1298 205 ei
1334 164 1401 219 qui
1434 178 1478 206 se
1513 166 1683 220 dederit,

82 240 156 284 vix
193 255 282 283 eum
307 241 434 282 virum
461 240 646 281 dixerim.
711 238 791 293 Qui
832 239 986 294 quidem
1024 239 1196 294 gemitus
1232 239 1264 280 si
1295 239 1507 282 levationis
1539 241 1684 298 aliquid

85 317 276 368 afferret,
323 323 456 358 tamen
481 315 734 365 videremus,
781 314 873 369 quid
897 321 1005 355 esset
1028 315 1142 356 sortis
1165 322 1204 356 et
1226 315 1393 357 animosi
1418 315 1518 368 viri3
1565 332 1684 372 quum

82 406 182 433 vero
206 391 302 432 nihil
328 390 535 432 imminuat
558 389 731 441 doloris,
766 402 838 429 cur
860 389 1006 429 frustra
1029 398 1162 445 turpes
1188 404 1278 431 esse
1303 390 1516 432 volumus?
1577 390 1683 446 Quid

83 474 147 508 est
179 466 282 508 enim
318 466 411 506 fletu
447 464 628 506 muliebri
663 464 751 505 viro
783 463 963 519 turpius?
1023 470 1093 504 58.
1137 465 1270 519 Atque
1304 465 1376 506 boc
1411 474 1680 523 praeceptum,

82 541 183 597 quod
204 541 252 582 de
273 540 409 582 dolore
435 540 571 591 datur,
606 545 713 595 patet
734 539 866 580 latius.
931 536 1127 579 Omnibus
1148 539 1251 579 enim
1275 540 1418 591 rebus,
1454 556 1532 582 non
1555 543 1680 584 solum

80 616 230 668 dolori,
263 616 382 658 simili
403 615 657 657 contentione
682 614 800 655 animi
825 613 1090 654 resistendum
1115 621 1190 655 est.

677 83 846 117 LIBER
874 84 916 117 11.
942 81 1008 125 24,
1033 80 1088 116 58.

1254 612 1321 655 Ira
1349 616 1600 669 exardescit,
1634 618 1681 660 li-

80 690 172 732 bido
194 691 438 732 concitatur:
467 692 507 731 in
529 690 692 731 eandem
713 702 844 730 arcem
866 688 1172 743 confugiendum
1193 695 1269 740 est,
1306 690 1440 730 eadem
1462 699 1553 732 sunt
1571 707 1681 734 arma

79 766 286 808 sumenda.
349 763 432 808 Sed
459 765 643 821 quoniam
681 765 727 805 de
763 764 899 805 dolore
940 763 1160 818 loquimur,
1209 764 1275 805 illa
1311 765 1551 807 omittamus.
1614 767 1680 810 Ad

79 841 286 883 serendum
322 840 443 896 igitur
472 840 648 881 dolorem
683 840 833 895 placide
867 846 983 894 atque
1018 839 1155 880 sedate
1180 838 1384 894 plurimum
1411 842 1564 896 prolicit
1598 850 1680 884 toto

78 923 264 972 pectore,
310 922 354 958 ut
375 915 543 966 dicitur,
589 915 790 970 cogitare,
838 928 952 970 quam
980 914 1015 954 id
1042 914 1249 955 honestum
1273 914 1338 955 sit.
1404 913 1552 957 Sumus
1574 917 1679 958 enim

77 997 246 1042 natura,
288 997 332 1032 ut
353 997 446 1032 ante
467 990 573 1041 dixi,
623 990 851 1044 (dicendum
885 996 947 1030 est
968 989 1070 1030 enim
1091 989 1287 1045 saepius,)
1309 990 1588 1032 studiosissimi
1611 1006 1678 1048 ap-

78 1065 420 1122 petentissimique
443 1064 687 1106 honestatis:
731 1064 841 1104 cuius
872 1064 905 1104 si
930 1064 1041 1118 quasi
1073 1064 1205 1104 lumen
1225 1064 1382 1119 aliquod
1403 1066 1674 1121 adspeximus,

77 1140 175 1182 nihil
193 1148 255 1182 est
278 1140 379 1196 quod
395 1172 406 1191 ,
440 1146 483 1180 ut
503 1153 549 1181 eo
572 1139 789 1195 potiamur,
825 1153 902 1179 non
926 1139 1051 1194 parati
1073 1139 1196 1179 simus
1218 1145 1257 1179 et
1280 1140 1408 1191 serre,
1442 1147 1480 1181 et
1505 1142 1674 1198 perpeti.

79 1213 149 1257 Ex
186 1215 260 1256 hoc
283 1229 402 1257 cursu
432 1222 549 1270 atque
574 1215 720 1269 impetu
748 1214 966 1254 animorum
995 1214 1042 1254 ad
1064 1228 1200 1254 verani
1226 1214 1379 1255 laudem
1406 1222 1524 1271 atque
1552 1216 1676 1258 hone-

75 1317 130 1345 te:
155 1323 219 1356 qua
240 1313 406 1346 sancitum
425 1318 495 1351 est,
519 1319 555 1344 ut
578 1310 728 1355 quaestio
750 1310 858 1342 habe—

74 1364 167 1391 retur
191 1358 233 1390 de
262 1358 323 1402 iis,
360 1370 500 1403 quorum
536 1369 639 1401 opera
674 1356 856 1389 consiliove

74 1404 157 1437 socii
184 1411 302 1437 contra
336 1404 498 1449 populum
520 1404 615 1436 Rom.
641 1415 732 1435 arma
761 1415 857 1435 sum-

73 1450 231 1496 psissent.
278 1451 366 1484 Nam
398 1462 439 1483 eo
473 1461 562 1483 anno
593 1450 685 1481 Coss.
708 1450 746 1481 L.
773 1449 855 1481 Iulio

75 1497 217 1530 Caesare
251 1503 286 1529 et
314 1498 350 1530 P.
372 1496 500 1530 Rutilio
529 1497 626 1540 Lupo
661 1503 771 1528 ortum
804 1502 855 1527 est

71 1542 198 1576 bellum
219 1542 252 1575 in
273 1542 390 1583 Italia,
425 1542 516 1587 quod
541 1541 692 1582 Sociale,
730 1541 855 1573 Marsi-

75 1601 150 1622 cum
185 1595 219 1621 et
250 1589 403 1622 Italicum
436 1588 636 1633 appellatur.
694 1590 857 1621 Ernestius

75 1635 151 1668 Ind.
177 1635 258 1678 Leg.
285 1636 306 1669 l.
329 1638 438 1669 Varia.

138 1683 285 1722 lapidum
304 1701 350 1706 —-
370 1681 515 1726 telorum]
542 1680 587 1713 Hi
608 1680 747 1724 genitivi
767 1692 854 1724 pen-

71 1727 154 1760 dent
177 1738 196 1759 a
220 1727 430 1760 substantivo
455 1730 644 1760 emissiones.

65 1774 68 1776 ’
141 1776 239 1805 missa
262 1774 446 1818 contentius]
469 1773 615 1806 Verbum
636 1775 777 1805 mittendi
795 1784 855 1816 per

69 1831 228 1863 zeugma,
255 1819 346 1864 quod
370 1819 511 1856 dicitur,
539 1819 639 1852 etiam
663 1819 705 1850 ad
726 1829 853 1851 cursum

72 1866 213 1899 relatum
245 1872 308 1898 est.
368 1865 525 1899 Ceterum
560 1865 763 1897 monendum
792 1872 852 1903 cst,

72 1923 140 1944 non
169 1911 282 1944 omnia
304 1911 408 1944 verba
433 1911 520 1944 hanc
553 1911 685 1944 dicendi
715 1910 853 1953 figuram

73 1957 253 1991 admittere
276 1969 394 2001 posse,
431 1957 492 1990 sed
515 1969 554 1989 ea
579 1963 733 1991 tantum,
769 1967 854 1998 quae

74 2010 110 2037 et
134 2003 325 2048 generalem
357 2010 392 2035 et
421 2003 602 2046 specialem
633 2001 853 2044 significatio-

73 2061 151 2083 nem
173 2049 319 2088 habent‚
358 2055 396 2081 ut
419 2051 538 2081 minere
570 2048 712 2091 primum
742 2047 855 2080 omni-

73 2106 118 2129 no
142 2102 240 2128 notat
272 2104 396 2127 movere
431 2096 554 2134 aliquid
578 2096 644 2126 loco
677 2105 753 2134 suo,
790 2092 854 2125 de-

72 2141 154 2174 inde
177 2152 240 2184 pro
268 2142 428 2180 iaculari,
464 2143 599 2173 emittere
624 2139 771 2184 ponitur.
811 2141 852 2171 V.

72 2198 135 2220 nos
167 2186 202 2218 in
238 2186 296 2220 Gr.
321 2187 362 2218 L.
397 2186 532 2230 §.102‚
560 2186 593 2218 2.
652 2185 705 2217 Cf.
741 2185 784 2218 ad
809 2187 851 2218 V.

73 2232 138 2273 23,
161 2230 217 2265 66.

143 2280 196 2310 ille
226 2280 360 2320 yemitus
388 2277 630 2322 elamentabilis]
670 2278 719 2308 Ut
750 2276 852 2322 §.55.

72 2323 242 2356 reiiciatur
265 2323 488 2356 Philocteteus
522 2323 578 2355 ille
608 2323 745 2356 clamor.
803 2324 853 2356 De

73 2369 206 2414 saepius
241 2370 384 2413 repetita
414 2369 650 2402 coniunctione
681 2373 728 2410 si,
759 2369 852 2402 nullo

73 2415 193 2449 addito
208 2416 324 2457 verbo,
345 2416 405 2448 sed
418 2427 460 2448 ex
474 2415 752 2448 antecedentibus
775 2427 854 2458 sup-

11 2483 14 2485 *
74 2461 202 2506 plendo
222 2462 326 2495 multa
350 2474 369 2494 e
391 2462 553 2495 Cicerone
575 2461 729 2505 exempla
752 2461 853 2494 colle-

73 2507 123 2551 git
144 2510 351 2550 Sfflrenbury.
375 2508 418 2540 ad
440 2520 488 2542 or.
511 2519 573 2551 pro
596 2508 696 2540 Arch.
718 2520 750 2551 p.
766 2508 820 2540 2⁴2.

142 2555 198 2588 55.
243 2556 296 2587 Ira
317 2557 493 2587 exardescit
513 2565 580 2586 —-:
613 2557 646 2587 in
669 2556 801 2586 eandem
823 2564 855 2586 a.

73 2609 102 2632 ο.
122 2601 181 2643 est]
206 2601 247 2632 V.
272 2600 314 2632 ad
335 2612 366 2632 c.
386 2602 438 2638 12,
455 2603 518 2634 25:
545 2600 642 2643 Rogo
666 2599 732 2632 hoc
755 2599 855 2632 idem.

142 2647 311 2679 dicendum
328 2650 372 2679 est
393 2648 475 2679 enim
501 2645 642 2689 saepius]
679 2648 774 2678 Enim
798 2657 855 2677 ra-

75 2689 201 2724 fionem
217 2691 340 2729 reddit,
364 2703 432 2731 cur,
455 2703 555 2735 quum
576 2691 693 2723 eadem
717 2704 768 2724 res
789 2691 856 2724 iam

75 2741 173 2769 antea
200 2737 291 2769 dicta
320 2745 424 2776 esset,
457 2737 528 2770 h.l.
551 2744 744 2781 repetatur,
780 2737 856 2782 quia

77 2781 205 2824 saepius
228 2783 370 2815 dicenda
394 2783 449 2816 sit.

146 2829 236 2860 cuius
255 2831 283 2861 si
301 2831 396 2870 quasi
417 2831 522 2862 lumen
544 2831 675 2871 aliquod
697 2831 854 2870 adspexi-

79 2872 164 2914 mus]
187 2874 243 2905 Or.
263 2885 291 2906 c.
306 2874 396 2918 vulg.
412 2874 518 2907 edidit
534 2877 775 2916 «aspexerimus
784 2886 796 2916 ,·
820 2882 855 2908 at

78 2915 214 2960 plurimi
232 2918 330 2952 codd.
351 2919 536 2965 optimique
560 2920 721 2953 exhibent
740 2923 856 2962 adspe-

78 2963 197 2995 ximus.
237 2964 276 2996 In
294 2965 458 2998 eiusmodi
487 2966 772 2999 enuntiationibus
792 2978 856 2999 ne-

79 3017 144 3058 que
167 3007 317 3041 futurum
338 3017 492 3045 exactum
513 3011 596 3045 ferri
617 3018 753 3056 potest3
776 3023 857 3046 nam

893 1309 925 1341 in
949 1310 1179 1342 enuntiatione
1202 1310 1358 1354 primaria
1380 1311 1469 1344 nulla
1488 1325 1540 1345 res
1563 1314 1675 1347 sutura

891 1356 1114 1398 significatur:
1152 1369 1260 1400 neque
1296 1357 1525 1391 coniiuictivus
1556 1360 1675 1402 perse-

893 1402 936 1434 cti
951 1416 957 1438 ;
980 1415 1055 1434 num
1075 1402 1156 1435 nihil
1171 1402 1259 1434 aliud
1273 1403 1487 1446 significatur,
1507 1405 1569 1436 nisi
1584 1414 1675 1438 tem—

892 1460 975 1492 pus3
1001 1448 1059 1480 sed
1084 1449 1174 1481 solus
1196 1449 1394 1481 indicativus
1415 1451 1559 1494 perfecti
1582 1459 1673 1484 recte

890 1507 925 1526 se
948 1495 1060 1527 habet.
1109 1495 1171 1527 Ubi
1195 1495 1283 1527 enim
1306 1497 1493 1529 enuntiatio
1516 1497 1674 1541 primaria

891 1541 1058 1573 actionem
1090 1541 1263 1585 exprimit,
1300 1554 1384 1586 siriae
1415 1550 1473 1575 aut
1505 1544 1673 1587 praesenti

891 1594 1045 1631 tempore
1062 1587 1131 1619 lieri
1144 1588 1239 1624 solt-t,
1261 1595 1318 1619 aut
1335 1589 1517 1631 praeterito
1535 1597 1670 1633 tempo-

891 1646 926 1666 re
945 1634 1012 1665 lieri
1035 1633 1184 1666 solebat:
1211 1633 1322 1676 lingua
1343 1635 1445 1667 latina
1461 1635 1492 1667 in
1513 1636 1673 1668 enuntia—

889 1680 982 1711 tione
999 1679 1206 1718 secundaria,
1227 1679 1252 1711 si
1273 1681 1340 1711 eius
1357 1681 1444 1713 actio
1465 1688 1542 1713 ante
1560 1682 1672 1716 actio-

890 1738 966 1757 nem
992 1726 1232 1758 enuntiationis
1254 1726 1431 1769 primariae
1451 1727 1605 1759 absoluta
1626 1727 1671 1760 sit

889 1784 1024 1804 necesse
1047 1778 1114 1805 est.
1143 1772 1247 1803 utitur
1268 1780 1325 1803 aut
1346 1772 1531 1806 indicativo
1550 1773 1671 1816 perfe—

892 1818 934 1850 cti
951 1842 960 1856 ,
1008 1824 1066 1849 aut
1107 1817 1289 1849 indicativo
1327 1818 1668 1862 plusquamperfecti,

890 1870 990 1907 prout
1009 1864 1040 1894 iu
1059 1863 1290 1895 enuntiatione
1313 1864 1470 1907 primaria
1491 1873 1548 1898 aut
1566 1877 1671 1908 prae-

889 1921 976 1950 senS‚
1003 1915 1059 1940 aut
1081 1908 1317 1952 imperfectum
1336 1917 1397 1941 est.
1432 1911 1485 1943 sic
1502 1911 1593 1944 infra
1612 1913 1668 1944 IV.

890 1954 930 1987 ’.Ἰ
947 1980 954 1992 ,
981 1952 1044 1987 4³5:
1080 1958 1157 1993 „An
1181 1966 1261 1987 vero
1282 1955 1333 1987 vir
1355 1955 1474 1995 fortis,
1509 1960 1571 1990 nisi
1592 1964 1669 1990 sto-

889 2000 1036 2032 machari
1056 2003 1177 2042 coepit,
1211 2013 1279 2033 non
1299 2005 1399 2042 polest
1423 2002 1520 2035 fortis
1543 2003 1668 2036 esse?“

887 2046 934 2078 ib.
963 2058 988 2078 c.
1007 2046 1069 2084 22,
1095 2048 1158 2079 5u:
1185 2059 1251 2085 „an
1278 2047 1466 2088 fortitudo,
1491 2051 1554 2081 nisi
1574 2049 1669 2082 insa-

889 2093 961 2124 nire
984 2095 1100 2133 coepit,
1135 2092 1280 2136 impetus
1310 2106 1388 2126 suos
1421 2107 1489 2127 non
1513 2095 1668 2128 habet?“

891 2138 942 2170 Cf.
965 2149 1066 2181 supra
1092 2139 1130 2170 11.
1153 2141 1210 2179 ll,
1235 2139 1298 2173 27:
1335 2140 1378 2172 ad
1399 2141 1521 2173 malam
1546 2141 1668 2174 dome-

888 2184 1005 2216 sticam
1028 2183 1240 2227 disciplinam
1264 2185 1432 2230 vitamque
1455 2188 1669 2220 umbratilem

889 2237 921 2262 et
937 2229 1116 2262 delicatam
1136 2242 1232 2271 quum
1247 2237 1443 2265 accesserunt
1461 2233 1562 2265 etiam
1580 2238 1667 2278 poe'-

887 2284 962 2315 tae,
988 2288 1111 2309 nervos
1135 2289 1250 2309 omnes
1274 2279 1406 2310 virtutis
1430 2281 1560 2312 elidunt.
1605 2281 1666 2312 III.

887 2323 930 2362 2,
955 2323 996 2356 5:
1035 2326 1177 2366 poetae,
1215 2335 1312 2365 quum
1342 2337 1496 2368 magnam
1519 2325 1667 2369 speciem

889 2368 1064 2401 doctrinae
1098 2368 1348 2414 sapientiaeque
1382 2383 1463 2415 prae
1505 2383 1542 2403 se
1582 2374 1667 2403 tule-

887 2419 982 2456 runt,
1006 2416 1203 2456 audiuntur,
1227 2418 1383 2458 le9unlur,
1407 2419 1666 2457 ediscuntur—,⁸

889 2472 990 2505 quum
1011 2472 1090 2493 vero
1111 2465 1241 2494 accessit
1262 2462 1324 2507 [ibi
1343 2471 1456 2495 tamen
1477 2463 1578 2494 lectio
1599 2461 1666 2493 ssu-

890 2507 1048 2548 ctuatur.]
1080 2507 1201 2539 eodem
1221 2515 1285 2540 etc.
1330 2508 1373 2548 3,
1398 2510 1460 2543 35:
1497 2521 1516 2540 a
1547 2507 1665 2551 quibus

888 2564 986 2594 quum
1005 2556 1114 2585 cecinit
1128 2554 1290 2596 receptui,
1311 2557 1442 2596 impellit
1458 2565 1586 2585 rursum
1598 2559 1664 2585 etc.

890 2600 944 2631 1V.
960 2602 1016 2639 24,
1038 2598 1099 2631 54:
1120 2598 1185 2631 ista
1198 2599 1353 2632 bellatrix
1368 2599 1547 2635 iracundia,
1568 2609 1667 2639 quum

890 2644 1024 2676 domum
1045 2646 1149 2685 rediit,
1174 2646 1279 2688 qualis
1297 2651 1340 2679 est
1361 2658 1434 2677 cum
1454 2656 1568 2681 uxore,
1591 2655 1667 2676 cum

890 2690 1014 2725 liberis.
1041 2702 1116 2722 curn
1135 2691 1288 2723 familia?
1337 2692 1375 2722 V.
1391 2691 1445 2729 27,
1467 2690 1527 2723 77:
1552 2700 1666 2730 quum-

889 2748 947 2778 que
978 2735 1021 2768 ad
1043 2735 1210 2768 flammam
1239 2748 1275 2769 se
1300 2738 1561 2777 applicaverunt,
1595 2735 1666 2767 sine

888 2782 1014 2826 gemitu
1044 2782 1239 2814 aduruntur.
1288 2781 1352 2821 35,
1382 2780 1465 2813 102:
1503 2792 1567 2812 nec
1595 2787 1667 2813 tam

887 2828 1013 2867 multa,
1040 2835 1075 2859 et
1096 2839 1172 2860 raro
1192 2829 1319 2866 vident,
1344 2837 1442 2867 quum
1460 2826 1495 2858 in
1513 2838 1572 2858 sna
1589 2839 1667 2860 rura

887 2877 1047 2907 venerunt.
1106 2876 1151 2905 At
1174 2874 1214 2904 V.
1233 2873 1274 2910 5,
1303 2869 1362 2905 14:
1399 2882 1521 2912 „quum
1555 2879 1667 2905 autern

889 2919 1036 2952 animum
1051 2919 1093 2951 ab
1110 2918 1174 2950 ista
1190 2917 1580 2960 pictura—tradam,
1598 2919 1667 2952 hoc

889 2965 1015 2998 nudum
1046 2963 1268 3006 relinquitur“
1299 2969 1364 2995 etc.
1426 2964 1664 2997 Coniunctims

882 3009 1036 3055 ,perfecti
1053 3016 1235 3053 propterea
1254 3008 1384 3053 positus
1401 3016 1454 3044 est
1465 3035 1475 3052 ,
1500 3010 1592 3056 quod
1607 3023 1664 3044 se-

1241 3066 1336 3107 11*
