1843 3085
201 60 283 103 106

196 165 282 192 rum
302 157 457 206 gentem
481 151 648 206 aliquam
665 148 801 191 urbem
819 156 992 190 nostram
1010 149 1216 205 potituram
1235 149 1394 205 putem?
1425 147 1528 203 Quia
1544 155 1649 191 tanta
1667 149 1768 190 eari-

199 231 258 266 tas
278 225 428 281 patriae
451 232 526 276 est,
559 231 601 265 ut
619 237 705 265 eam
732 239 809 264 non
832 238 952 265 sensu
970 231 1121 275 nostro,
1155 224 1223 265 sed
1247 225 1373 265 salute
1397 224 1522 280 ipsius
1544 224 1763 265 metiamur.

307 296 556 339 XXXVIII.
619 304 689 339 91.
736 296 874 353 Itaque
913 313 991 338 non
1023 298 1196 338 deterret
1232 299 1447 353 sapientem
1485 311 1617 349 mors,
1667 311 1767 352 quae

195 380 355 428 propter
392 372 565 413 incertos
607 386 723 412 casus
769 372 939 426 quotidie
981 372 1182 423 imminet,
1237 379 1396 427 propter
1437 372 1669 414 brevitatem
1707 371 1766 414 vi-

748 69 915 102 LIBER
938 70 966 103 1.
990 67 1054 111 38,
1078 67 1134 103 91.
1158 67 1213 103 92.

197 453 258 487 tae
301 460 495 499 nunquam
539 453 667 500 potest
709 446 824 500 longe
870 446 1034 498 abesse,
1092 461 1167 501 quo
1208 445 1336 486 minus
1379 445 1419 486 in
1462 459 1577 487 omne
1614 453 1766 501 tempus

192 520 251 561 rei
283 519 458 574 publicae
497 520 655 575 suisque
693 520 894 571 consulat,
946 528 988 561 ut
1025 521 1293 576 posteritatem
1335 519 1480 574 ipsam,
1526 519 1636 560 cuius
1675 533 1766 561 sen-

192 608 278 634 sum
320 593 520 634 habiturus
561 608 638 634 non
669 594 744 645 sit,
789 594 836 634 ad
868 608 911 635 se
943 602 1051 650 putet
1083 595 1297 650 pertinere.
1371 592 1504 647 Quare
1528 593 1620 634 lieet
1649 593 1766 634 etiam

190 667 393 709 mortalem
424 681 512 709 esse
533 667 701 708 animum
725 667 958 709 iudicantem
990 675 1152 709 aeterna
1188 667 1315 709 moliri
1347 681 1425 708 non
1445 667 1595 721 gloriae
1616 666 1765 722 eupidi-

191 749 298 795 tate,
332 752 663 797 quam'sensurus
695 756 771 782 non
799 742 872 792 sit,
917 743 985 783 sed
1011 742 1190 793 virtutis,
1236 755 1347 796 quam
1374 740 1600 782 necessario
1624 740 1762 795 gloria,

190 817 307 858 etiam
334 817 367 857 si
389 824 428 857 tu
451 816 487 856 id
508 830 585 856 non
609 830 719 870 aga5‚
752 823 1030 870 consequatur.

1090 814 1244 856 Natura
1266 829 1362 856 vero
1388 828 1432 856 se
1456 815 1512 855 sie
1538 814 1670 864 habet,
1704 820 1762 864 ut,

190 905 266 946 quo
289 891 403 931 modo
427 890 575 930 initium
595 889 707 929 nobis
724 903 854 929 reruni
878 890 1047 930 omnium
1072 897 1181 930 ortus
1204 896 1338 930 noster
1359 890 1512 940 afferat,
1535 889 1592 929 sic
1615 889 1763 929 exitum

188 979 312 1006 mors.

188 1037 413 1094 pertinebit.

186 1112 401 1167 pertineat,
446 1124 518 1151 nec
544 1111 589 1150 ad
614 1111 818 1150 mortuos?

373 963 427 1005 Et
454 963 548 1004 nihil
579 962 765 1018 pertinuit
795 963 841 1002 ad
869 977 940 1003 nos
968 970 1058 1003 ante
1085 970 1238 1015 ortum,
1283 964 1339 1004 sic
1366 963 1461 1004 nihil
1485 970 1573 1018 post
1597 970 1764 1004 mortem

474 1035 520 1076 In
552 1051 627 1090 quo
660 1036 747 1090 quid
772 1043 900 1091 potest
930 1050 1019 1077 esse
1051 1036 1166 1088 mali,
1210 1052 1325 1092 quum
1350 1050 1456 1077 mors
1482 1049 1556 1077 nec
1578 1037 1625 1077 ad
1648 1037 1763 1078 vivos

875 1109 1005 1151 Alteri
1033 1111 1125 1151 nulli
1148 1117 1263 1162 sunt3
1307 1110 1453 1151 alteros
1479 1125 1558 1152 non
1580 1110 1760 1165 attinget.

187 1192 258 1227 92.
295 1184 419 1239 Quam
446 1185 510 1239 qui
531 1184 720 1225 leviorem
746 1184 907 1235 faciunt,
941 1185 1067 1224 somni
1090 1184 1324 1225 simillimam
1344 1184 1482 1225 volunt
1502 1198 1618 1225 esse:
1652 1184 1761 1239 quasi

187 1274 284 1302 vero
305 1260 505 1315 quisquam
524 1258 579 1299 ita
602 1258 815 1312 nonaginta
835 1272 960 1298 annos
985 1259 1079 1300 velit
1100 1258 1237 1300 vivere
1254 1290 1265 1310 ,
1307 1264 1369 1309 ut,
1413 1273 1529 1313 quum
1551 1259 1762 1313 sexaginta

254 1375 362 1404 urbem
379 1375 518 1404 nostram
533 1371 717 1412 potituram]
742 1370 838 1402 Pauci
856 1369 955 1401 dete-

186 1417 289 1451 riores
322 1416 420 1449 codd.
461 1416 546 1448 male
580 1415 695 1458 legunt
727 1418 800 1447 urbe
838 1419 954 1447 nostra.

185 1463 382 1497 Tenendum
423 1469 473 1493 est
513 1461 599 1493 enim
639 1460 775 1492 verbum
815 1463 954 1501 poliendi

184 1521 284 1541 aurea
307 1514 417 1540 aetate
445 1507 572 1550 saepius
595 1506 738 1538 construi
762 1518 833 1537 cum
853 1517 952 1538 aceu-

184 1554 291 1586 sativo
312 1553 395 1592 loci,
423 1564 519 1596 quem
542 1552 613 1595 quis
636 1558 801 1594 expugnat
821 1551 873 1583 vel
897 1563 954 1582 ca—

183 1599 246 1643 pit.
295 1599 372 1630 Sine
404 1598 504 1630 dubio
538 1598 621 1629 haec
653 1603 816 1628 structura
848 1597 953 1628 multo

185 1652 257 1678 erat
280 1643 494 1687 frequentior,
520 1655 616 1686 quam
639 1654 726 1674 nunc
749 1642 780 1673 in
805 1641 879 1673 edd.
903 1642 955 1673 le·-

184 1690 283 1733 gitur.
339 1689 453 1721 Multis
485 1689 572 1720 enim
606 1688 687 1720 locis
720 1687 753 1718 in
789 1687 954 1719 Ciceronis

182 1735 314 1779 scriptis
339 1734 499 1767 ablativus
533 1734 573 1765 ab
607 1732 808 1771 editoribus,
845 1734 953 1765 refra—

183 1781 338 1825 gantibus
360 1780 452 1812 libris
472 1780 588 1817 MSS,
611 1779 761 1810 invectus
782 1784 840 1810 est.
883 1779 955 1810 Nec

183 1826 280 1870 pauci
310 1825 519 1869 reperiuntur
545 1823 630 1862 loci,
666 1823 721 1867 qui
748 1823 953 1855 librariorum

183 1871 372 1915 ignorantia
394 1869 586 1913 interpolati
606 1876 692 1900 sunt.
721 1867 762 1899 de
779 1869 861 1900 Fato
880 1881 907 1901 c.
920 1869 952 1909 7,

184 1917 244 1952 13:
279 1916 470 1948 Africanum
493 1914 734 1957 Karthaginem
759 1915 950 1956 potiturum.

184 1961 282 1994 Offic.
300 1962 339 1992 II.
358 1962 412 1999 23,
437 1960 498 1993 61:
522 1961 636 1992 urbem
658 1966 707 1991 est
728 1959 865 2001 potitus.
898 1959 952 1992 Cf.

183 2008 322 2041 Kithner.
344 2006 382 2037 L.
409 2006 465 2036 Gr.
487 2007 515 2047 ᾗ.
532 2005 605 2037 115.
623 2005 703 2036 Not.
725 2007 757 2037 9.
782 2017 813 2047 p.
826 2008 890 2037 22¹2
904 2016 950 2048 sq.

183 2053 258 2086 Nec
281 2050 479 2092 κακοφωνία
498 2049 564 2087 illa,
591 2061 672 2093 quae
693 2061 732 2080 ex
753 2050 953 2092 syllabarum

183 2108 249 2138 um,
265 2107 324 2136 em,
342 2106 395 2127 am
409 2094 608 2138 repetitione
623 2094 736 2132 oritur,
756 2106 867 2127 caussa
881 2095 952 2126 ido-

184 2154 248 2175 nea
269 2140 485 2173 existimanda
508 2146 558 2171 est
579 2139 731 2171 lectionis
750 2151 833 2183 quae
854 2141 951 2172 codd.

184 2187 383 2221 auctoritate
410 2185 496 2217 fulta
515 2190 565 2217 est
585 2184 771 2217 mutandae.
820 2186 952 2217 Delica-

183 2233 288 2266 tiores
321 2243 420 2275 saepe
453 2242 546 2262 aures
578 2237 727 2262 veterum
758 2230 956 2273 scriptorum

185 2279 310 2312 habent
339 2277 559 2319 interpretes,
594 2287 690 2318 quam
718 2275 782 2317 ipsi
813 2283 953 2308 veteres,

187 2324 243 2356 Sic
258 2322 386 2356 Tullius
404 2333 471 2353 non
492 2320 655 2353 dubitavit
669 2320 830 2353 scribere:
851 2321 953 2354 Acad.

186 2371 212 2407 1,
232 2369 271 2404 7:
293 2367 447 2412 quoniam
462 2366 653 2409 quibusnam
669 2367 838 2409 quisquam
853 2379 956 2399 enun-

184 2415 280 2447 tiare.
311 2420 344 2445 et
367 2414 409 2445 N.
435 2412 473 2443 D.
498 2413 533 2450 1,
559 2410 621 2444 29:
657 2422 753 2454 quam
773 2412 833 2443 tibi
865 2413 955 2444 illam

185 2466 336 2493 nostram
349 2456 525 2499 Sospitam,
540 2467 636 2500 quam
648 2462 685 2488 tu
699 2469 760 2488 nun
767 2469 863 2500 quam
877 2464 954 2489 cett.

255 2506 333 2537 cip.
355 2503 551 2536 XXXVIII.
579 2500 634 2534 91.
681 2505 748 2545 licet
782 2506 875 2534 etiam
907 2521 950 2527 —-

182 2549 390 2593 iudicantem]
415 2549 459 2580 H.
477 2559 505 2580 e.
529 2544 585 2581 τὸν
604 2545 842 2589 γιγνώσκοντα,
866 2559 951 2586 eum,

211 2596 243 2628 ui
263 2595 389 2627 iudicet
411 2593 584 2626 mortalem
607 2603 677 2624 esse
697 2592 849 2624 animum.
894 2595 953 2624 Iu·-

184 2643 238 2674 fra
257 2642 314 2673 IV.
336 2640 381 2674 32
394 2665 402 2678 ‚
428 2638 490 2673 ὅδε
514 2639 597 2671 haec
616 2637 743 2670 laetitia
762 2649 859 2679 quam
879 2645 953 2669 tur-

185 2687 237 2731 pis
259 2686 322 2726 sit,
358 2685 438 2717 satis
466 2690 517 2717 est
548 2682 723 2727 diligenter
752 2686 956 2715 attendentem

189 2730 258 2775 trev
286 2731 360 2765 νοῦν
387 2729 559 2774 ἐπέχοντα)
581 2729 710 2772 penitus
736 2728 859 2761 videre.
905 2730 955 2760 De

185 2783 349 2808 structura
379 2776 474 2809 verbi
495 2778 563 2808 licet
586 2786 614 2806 e.
637 2786 705 2807 acc.
741 2774 784 2806 cf.
807 2774 896 2806 infra
915 2775 955 2805 V.

189 2821 241 2859 15,
262 2819 324 2854 44:
350 2822 467 2865 quibus
487 2823 698 2854 abundantem
714 2822 780 2852 licet
800 2831 870 2851 esse
890 2819 956 2851 mi—

190 2866 372 2898 serrimum.
409 2867 451 2899 de
478 2868 561 2900 Fato
592 2878 620 2899 c.
643 2866 702 2900 15:
742 2864 957 2908 similiterque

190 2910 360 2952 superiora
380 2915 564 2953 repetentem
581 2910 712 2954 regredi
733 2911 861 2943 infinite
881 2913 957 2944 licet.

192 2954 258 2988 off.
275 2956 301 2988 1.
320 2955 377 2996 26,
396 2957 460 2991 92:
495 2959 579 3001 haec
598 2955 802 3001 praescripta
831 2966 959 2990 servan-

990 1375 1048 1403 {em
1082 1373 1151 1403 licet
1183 1370 1354 1414 magnifice
1388 1370 1600 1414 animoseque
1637 1370 1760 1404 vivere.

989 1416 1202 1449 Accusativus
1223 1427 1354 1459 semper
1368 1416 1513 1460 ponitur,
1532 1416 1587 1448 ubi
1605 1419 1673 1449 licet
1692 1427 1760 1448 non

990 1462 1032 1494 ad
1052 1469 1173 1493 certam
1195 1474 1368 1504 personam
1388 1462 1541 1500 refertur,
1567 1461 1625 1493 sed
1643 1461 1686 1493 ad
1704 1462 1760 1493 in-

990 1507 1181 1546 definitam,
1208 1519 1290 1549 quae
1312 1507 1395 1538 latet
1420 1507 1452 1538 in
1478 1506 1668 1550 participio.
1715 1507 1758 1539 V.

988 1564 1047 1584 nos
1070 1553 1103 1584 iu
1131 1553 1189 1584 Gr.
1212 1554 1249 1584 L.
1275 1553 1302 1587 (ἲ.
1320 1553 1404 1590 129,
1431 1553 1482 1584 12.
1507 1564 1540 1596 p.
1555 1553 1631 1585 296.
1656 1551 1708 1584 ed.
1725 1552 1758 1585 2.

990 1599 1044 1630 Sic
1063 1609 1191 1640 graece,
1213 1604 1247 1628 ut
1261 1598 1348 1628 Xen.
1372 1598 1557 1629 Comment.
1573 1598 1629 1628 III.
1648 1597 1699 1637 12,
1715 1596 1756 1630 ὃς

989 1644 1095 1677 ταῦτα
1111 1642 1149 1677 δὲ
1165 1640 1227 1676 οὐκ
1246 1642 1365 1676 ἔστιν
1388 1642 1467 1677 ἰδεῖν
1489 1639 1757 1686 ἀμελοῦντα.

989 1691 1029 1720 V.
1055 1700 1114 1720 nos
1135 1689 1178 1719 ad
1192 1689 1278 1720 Xen.
1303 1687 1485 1720 Comment.
1501 1689 1526 1720 Ι.
1549 1688 1577 1726 1,
1603 1687 1634 1720 9.
1655 1699 1688 1731 p.
1702 1685 1757 1721 48.

989 1735 1062 1766 Nec
1085 1733 1261 1765 oll'ensioni
1284 1744 1355 1764 esse
1379 1733 1479 1765 debet
1501 1733 1622 1765 tertiae
1646 1739 1680 1764 et.
1700 1744 1757 1764 se-

990 1778 1115 1811 cundae
1143 1778 1247 1822 (Gyas)
1270 1789 1431 1820 personae
1452 1777 1661 1822 permutatio.
1703 1777 1758 1810 Sic

988 1825 1076 1856 infra
1097 1826 1155 1857 IIl.
1176 1823 1230 1862 ¹27,
1251 1823 1312 1856 66:
1350 1825 1438 1866 Ergo
1464 1823 1498 1855 in
1520 1829 1688 1866 potestate
1708 1829 1758 1855 est

987 1870 1127 1902 abiicere
1158 1869 1328 1908 dolorem,
1364 1880 1464 1912 quum
1485 1871 1581 1909 velis,
1614 1868 1758 1912 tempori

987 1919 1175 1948 servientem.
1212 1915 1254 1945 N.
1277 1915 1317 1946 D.
1336 1915 1361 1946 Ι.
1383 1914 1438 1953 30,
1463 1912 1525 1947 84:
1563 1925 1658 1957 quam
1681 1913 1758 1945 bel-

988 1961 1055 1993 lum
1075 1967 1156 1999 erat,
1174 1959 1292 1999 Vellei,
1319 1959 1468 1992 confiteri
1488 1958 1609 2002 potius,
1630 1959 1758 1991 nescire

989 2006 1078 2049 quod
1114 2008 1247 2038 ‘nescires
1262 2030 1272 2045 ,
1316 2016 1412 2049 quam
1448 2004 1512 2036 ista
1550 2003 1757 2036 effutientem

988 2063 1146 2083 nauseare
1169 2057 1268 2093 atque
1290 2053 1394 2091 ipsam
1417 2052 1475 2082 sibi
1496 2049 1681 2093 displicere.
1714 2050 1757 2082 V.

988 2099 1125 2173 hglhner.
1141 2098 1181 2129 L.
1198 2097 1255 2128 Gr.
1276 2094 1396 2140 (5124.
1414 2096 1496 2128 Not.
1509 2094 1561 2130 13.
1576 2094 1610 2138 g)
1632 2107 1666 2139 p.
1676 2095 1754 2129 280.

989 2154 1005 2173 e
1033 2167 1040 2174 .
1063 2146 1094 2174 ¹2.

1057 2188 1274 2229 consequatur]
1311 2189 1398 2229 Apte
1429 2189 1634 2227 consequatur
1658 2185 1701 2217 ob
1723 2197 1755 2219 v.

988 2235 1170 2264 necessario.
1217 2233 1257 2263 V.
1281 2231 1406 2263 Adnot.
1428 2231 1462 2263 in
1483 2243 1512 2263 c.
1533 2230 1586 2274 16,
1609 2229 1663 2264 36.
1705 2231 1755 2263 De
1803 2234 1805 2237 '

989 2277 1157 2309 locutione
1175 2279 1210 2309 id
1232 2287 1324 2317 ayere
1346 2289 1377 2308 v.
1400 2276 1444 2308 ad
1466 2288 1493 2309 c.
1509 2277 1572 2315 20,
1597 2274 1652 2309 46.

1057 2324 1151 2355 Alteri
1174 2324 1252 2354 nulli
1272 2325 1362 2361 sunt,
1393 2324 1506 2353 alteros
1527 2332 1590 2353 non
1611 2320 1754 2364 attinyet]

989 2367 1044 2399 Sic
1063 2375 1153 2399 recte
1175 2366 1294 2410 optimi
1316 2366 1410 2399 codd.
1431 2378 1492 2410 pro
1514 2365 1600 2408 vulg.
1621 2368 1756 2407 attingit.

989 2414 1146 2444 Futurum
1171 2424 1244 2444 cum
1265 2411 1371 2444 ironia
1394 2412 1502 2455 aliqua
1521 2411 1601 2443 mihi
1622 2411 1756 2443 videtur

988 2457 1132 2501 positum
1154 2469 1244 2496 esse,
1269 2464 1306 2489 ut
1323 2457 1404 2490 haec
1426 2458 1498 2490 fere
1517 2456 1566 2489 vis
1585 2456 1681 2488 insit:
1706 2459 1755 2489 al-

984 2508 1063 2536 teros
1086 2505 1205 2536 credo
1229 2513 1290 2535 non
1313 2505 1444 2543 attingyet
1462 2513 1556 2535 mors:

1054 2548 1108 2581 92.
1137 2550 1239 2588 Quam
1259 2551 1313 2588 qui
1332 2551 1476 2580 leviorem
1498 2547 1632 2591 faciunt]
1667 2549 1756 2579 Sen-

986 2593 1163 2626 tentiarum
1198 2605 1300 2625 nexus
1321 2594 1369 2625 ita
1389 2593 1498 2625 animo
1522 2592 1754 2624 informandus

987 2639 1136 2671 videtur:
1160 2641 1253 2677 Sunt,
1277 2638 1342 2680 qui,
1365 2650 1463 2680 quum
1482 2644 1624 2669 mortem
1644 2637 1752 2669 levio-

987 2696 1058 2716 rem
1078 2684 1188 2714 facere
1208 2683 1260 2714 vel
1281 2682 1385 2714 lenire
1405 2682 1528 2721 velint,
1554 2693 1626 2714 eam
1645 2682 1753 2714 somni

989 2728 1184 2760 simillimam
1219 2739 1290 2759 esse
1323 2727 1445 2760 dicant.
1501 2729 1546 2758 At
1570 2727 1753 2767 falluntur;

989 2785 1088 2805 nemo
1121 2773 1206 2805 enim
1237 2772 1284 2804 ita
1312 2772 1493 2815 nonaginta
1525 2784 1629 2804 annos
1661 2772 1754 2805 volet

989 2819 1122 2858 vivere,
1158 2824 1212 2857 ut,
1238 2829 1336 2861 quum
1360 2817 1529 2860 sexaginta
1557 2817 1751 2857 confecerit,

989 2864 1125 2907 triginta
1147 2863 1290 2906 reliquos
1315 2862 1469 2895 dormiat.
1517 2863 1569 2895 Ne
1589 2862 1753 2908 stupidis-

991 2910 1109 2942 simum
1140 2908 1273 2952 quidem
1299 2908 1419 2941 animal
1447 2907 1483 2940 id
1513 2908 1612 2950 velit,
1647 2907 1753 2941 multo

992 2955 1099 2988 minus
1119 2955 1232 2996 homo,
1257 2954 1314 2998 qui
1333 2954 1460 2988 ratione
1481 2954 1661 2999 praeditus,
1683 2963 1752 2986 non

1826 2992 1843 3085 ‘na-un
1835 2788 1843 2978 *vnvm-...1
1839 2761 1843 2767 .
1839 2713 1843 2743 „—
1841 2694 1843 2697 .
1839 2667 1843 2678 -
