1859 3149
1621 35 1708 81 299

98 127 264 181 uncle,
313 130 520 186 quoniam
552 132 596 170 te
624 126 736 169 leaeo
764 127 859 168 vita
891 125 1107 178 delectat,
1154 127 1253 182 ipse
1281 126 1436 169 eadem
1468 126 1707 183 deyustare

90 207 134 246 et
151 202 385 261 fortunam
407 204 612 260 experiri
635 201 811 243 meam?
853 200 985 256 Quum
1009 215 1054 242 se
1082 201 1147 242 ille
1172 216 1320 258 cupere
1349 203 1545 255 dixisset,
1580 206 1703 248 collo-

90 279 175 320 eari
206 278 324 322 iussit
351 278 550 321 bominem
584 277 626 319 in
663 290 788 319 aureo
812 276 941 327 lecto,
988 283 1116 318 strato
1143 277 1408 333 pulcherrimo
1444 279 1572 321 textili
1600 288 1705 322 stra-

89 353 184 411 gulo
205 354 426 412 magnificis
449 352 637 411 operibus
662 353 767 410 picto
783 384 795 405 ‚
839 351 1068 408 abacosque.
1098 353 1325 409 complures
1351 354 1508 397 ornavit
1534 364 1705 412 argento

89 443 269 486 auroque
292 429 463 482 caelato.

90 504 146 549 sit
183 505 408 548 consistere
439 519 590 561 eosque
631 512 769 547 nutum
809 504 915 546 illius
954 503 1158 545 intuentes
1198 504 1413 561 diligenter
1454 506 1702 552 ministrare.

86 585 166 623 132.
211 579 396 623 Aderant
438 588 670 638 unguenta,
719 594 923 632 coronae;
958 579 1275 622 incendebantur
1318 581 1491 633 odores3
1543 598 1706 628 mensae

92 656 444 713 conquisitissimis
471 657 597 713 epulis
626 656 955 698 exstruebantur.

89 731 274 775 debatur.
336 730 384 775 In
415 732 491 774 boe
522 732 652 774 medio
683 740 873 789 apparatu
907 731 1123 787 fulgentem
1156 732 1327 787 gladium
1354 747 1376 774 e
1409 735 1587 776 lacunari
1618 743 1705 778 seta

90 807 236 864 equina
265 814 398 865 aptum
431 808 583 850 demitti
617 808 758 860 iussit,
813 815 856 850 ut
882 807 1131 861 impenderet
1168 808 1273 850 illius
1310 808 1416 851 beati
1458 811 1701 855 cervicibus.

92 880 234 940 Itaque
255 897 331 927 nec
357 884 546 941 pulchros
572 884 661 926 illos
689 884 984 926 ministratores
1009 883 1280 939 adspiciebat‚
1323 899 1397 926 nec
1424 885 1580 941 plenum
1607 888 1704 931 artis

89 966 328 1015 argentum,
371 974 446 1003 nec
478 975 636 1002 manum
674 959 902 1017 porrigebat
929 959 967 1000 in
993 973 1197 1011 niensam3
1240 959 1317 1000 iani
1343 960 1451 1016 ipsae
1478 962 1706 1005 defluebant

659 15 863 78 'mnan
889 44 930 77 v.
955 40 1101 85 21,62.

528 428 635 472 Tum
659 430 708 471 ad
729 443 907 470 mensam
930 428 1078 470 eximia
1106 429 1234 470 forma
1257 443 1402 485 pueros
1425 430 1602 474 delectos
1623 432 1706 475 ius-

1023 654 1269 698 Fortuuatus
1300 656 1375 698 sibi
1404 656 1620 700 Damocles
1646 661 1705 702 vi-

90 1049 296 1088 eoronae3
328 1036 501 1093 denique
527 1036 713 1078 exoravit
734 1043 966 1092 tyrannum,
1001 1042 1044 1076 ut
1064 1035 1175 1077 abire
1194 1034 1350 1086 liceret,
1385 1038 1488 1092 quod
1512 1039 1586 1079 iam
1608 1039 1704 1080 bea-

93 1116 158 1152 tus
184 1111 310 1154 nollet
340 1125 447 1154 esse.

91 1185 280 1239 beatum,
327 1187 391 1229 cni
428 1201 589 1244 semper
622 1187 742 1243 aliqui
783 1194 916 1229 terror
951 1187 1207 1244 impendeat?

512 1110 676 1154 Satisne
702 1111 861 1153 videtur
883 1112 1111 1153 declarasse
1132 1109 1355 1167 Dionysius
1372 1144 1382 1162 ‚
1427 1113 1521 1154 nillil
1550 1128 1641 1155 esse
1666 1115 1703 1157 ei

1268 1187 1404 1243 Atque
1439 1190 1474 1230 ei
1514 1204 1563 1231 ue
1601 1190 1705 1232 iute-

87 1275 203 1318 grum
236 1263 394 1319 quidem
430 1270 543 1317 erat,
590 1270 632 1305 ut
668 1264 716 1304 ad
749 1263 940 1304 iustitiam
975 1263 1239 1319 remigraret,
1286 1264 1440 1306 civibus
1477 1265 1704 1310 libertatem

87 1344 130 1380 et
159 1337 248 1381 iura
273 1339 487 1394 redderet3
532 1340 582 1382 iis
614 1340 720 1382 enim
752 1353 797 1381 se
823 1339 1059 1381 adolescens
1087 1340 1309 1395 improvida
1344 1347 1476 1382 aetate
1502 1341 1706 1385 irretierat

87 1424 311 1469 periniectum
350 1433 423 1460 erat
460 1426 722 1472 pulcherrimum
756 1426 875 1459 textile

89 1472 287 1516 stragulum.
321 1473 414 1506 Nihil
439 1485 524 1518 opus
546 1481 597 1506 est
622 1486 695 1507 cum
719 1473 874 1506 Ernestio

89 1516 220 1562 legere:
256 1521 354 1560 lecto,
387 1524 487 1553 strato
518 1520 743 1565 pulcherrime
778 1522 878 1553 textili

87 1567 243 1607 suraqulo.
289 1566 419 1599 Notum
451 1574 503 1600 est
535 1567 644 1606 enim,
679 1567 747 1599 duo
779 1566 876 1598 adie-

91 1610 178 1644 ctiva
200 1611 255 1644 uni
277 1612 490 1646 substantivo
510 1609 707 1653 αἷσυνδέτως
727 1612 874 1655 adiungi.

912 1427 945 1460 in
971 1426 1108 1471 publico
1130 1426 1401 1466 Themistocles,
1427 1428 1520 1472 quod
1546 1441 1702 1463 somnum

913 1486 1034 1518 capere.
1068 1485 1135 1505 uon
1168 1478 1282 1515 posset.
1343 1474 1396 1506 Cf.
1424 1486 1485 1506 uos
1519 1475 1551 1508 in
1577 1476 1635 1509 Gr.
1664 1478 1702 1510 L.

913 1521 941 1555 (ἵ.
962 1518 1036 1554 Ι-ΙΟ.
1055 1518 1072 1546 b
1092 1519 1127 1562 b)
1163 1532 1194 1563 p.
1213 1519 1290 1553 306.
1317 1519 1370 1552 ed.
1389 1522 1421 1553 2.
1483 1521 1538 1554 Sic
1573 1521 1606 1554 in
1641 1523 1701 1555 Gr.

913 1567 1046 1610 lingua,
1086 1574 1120 1598 ut
1148 1566 1255 1599 Tliuc.
1279 1568 1330 1603 ΙΙ,
1356 1567 1420 1599 21:
1469 1568 1499 1602 οἱ
1530 1565 1704 1614 Ἀχαρνῆς

914 1613 1082 1653 gainago„
1111 1608 1173 1649 ἔτι,
1202 1611 1395 1656 στρατηγὸς
1418 1609 1486 1651 ὦν.
1514 1611 1576 1649 οὐκ
1601 1606 1702 1657 ἐπεξ-

1555 1661 1635 1693 Cum
1669 1662 1702 1694 vi

90 1668 193 1702 quum
217 1658 359 1692 alterum
389 1659 508 1692 horum
534 1659 778 1692 adii-ctivoruin
801 1672 875 1692 cum
912 1659 988 1704 άγει
1020 1673 1051 1702 μ’.
1076 1666 1188 1691 uui-nte
1212 1660 1501 1700 Actiaruensium).

89 1703 305 1738 substantivo
316 1705 350 1738 in
369 1717 468 1738 unam
486 1706 579 1751 quasi
598 1706 772 1739 notionem
793 1718 876 1739 con-

92 1748 168 1790 luit‚
193 1758 231 1785 ut
245 1752 344 1785 Verr.
360 1753 402 1792 V,
425 1753 491 1786 52:
518 1753 648 1798 privata
673 1753 766 1786 navis
788 1764 875 1785 one-

90 1797 190 1830 raria.
230 1797 330 1832 Corn.
352 1799 442 1844 Nep.
467 1800 600 1833 natam.
624 1801 691 1838 lll,
709 1802 748 1832 ’.Μ
776 1811 876 1841 agre-

90 1843 134 1876 sti
147 1845 270 1886 duplici
283 1848 422 1879 amiculo
432 1856 444 1878 :
467 1846 522 1878 ubi
539 1858 569 1878 v.
580 1848 741 1880 Bremium
753 1857 787 1889 p.
803 1846 876 1879 191.

92 1888 147 1923 Cl'.
171 1902 234 1924 nos
255 1891 290 1924 in
315 1892 358 1925 L.
374 1892 433 1926 Gr.
453 1893 483 1937 §.
499 1892 574 1931 109,
588 1891 619 1925 -l›.
645 1904 678 1936 p.
696 1891 757 1925 175
769 1903 820 1937 sq.

159 1938 358 1980 minislrnre]
383 1939 424 1971 V.
448 1937 491 1970 ad
516 1939 541 1970 Ι.
563 1938 627 1979 26,
647 1938 704 1971 οὗ.

159 1981 218 2017 62.
251 1983 376 2030 odores]
412 1996 474 2028 per
496 1985 740 2028 metonymiam
767 1986 810 2027 (v.
834 1983 878 2016 ad

90 2029 119 2061 Ι.
141 2026 210 2069 46,
234 2029 325 2070 110.)
357 2040 420 2074 pro
449 2030 673 2066 suffimentis,
705 2030 876 2069 aromatis,

90 2074 244 2108 thuribus
259 2075 452 2110 odoriferis.
493 2077 546 2110 Cf.
562 2089 662 2122 supra
683 2078 738 2109 ΙΙΙ.
756 2077 806 2115 18,
821 2076 878 2110 43.

157 2125 415 2165 exstruebantur]
442 2123 596 2165 gravius,
623 2135 720 2168 quam
742 2126 878 2156 instrue-

91 2169 227 2210 bantur,
262 2169 354 2214 quod
375 2169 455 2202 alibi
478 2169 521 2202 de.
552 2182 741 2202 mensarum
766 2182 877 2214 appa-

91 2221 166 2246 ratu
191 2214 332 2254 dicitur;
367 2215 452 2249 illud
475 2217 563 2249 eniin
598 2217 737 2249 verbum
766 2217 876 2249 abun-

92 2260 251 2301 dantiae,
291 2263 432 2307 copiae,
468 2263 664 2296 affluentiae
701 2263 877 2295 notionem

93 2306 286 2342 adiunctam
306 2309 420 2342 habet.
452 2310 508 2343 Sic
530 2309 573 2342 de
591 2312 726 2342 Senect.
747 2310 796 2345 15.
812 2307 875 2342 44:

94 2360 186 2386 earet
208 2354 316 2398 epulis
345 2359 571 2398 exstructisque
603 2356 725 2388 mensis
749 2363 782 2388 et
804 2355 878 2388 fre-

93 2399 274 2444 quentibus
296 2402 446 2445 poculis:
471 2402 527 2435 ubi
540 2415 570 2436 v.
585 2404 762 2436 Ger-raham.
777 2403 876 2445 paol-

92 2449 139 2479 At
160 2458 243 2480 vero
261 2459 433 2492 nunqnam
454 2448 549 2481 latini
573 2449 756 2493 scriptores
779 2447 879 2480 dixe-

93 2498 172 2525 runt
194 2493 341 2526 animum
365 2494 552 2533 doctrinis,
578 2494 781 2539 praeceptiS.
806 2494 879 2526 vir-—

92 2539 222 2572 tutibus
241 2546 308 2573 etc.
331 2545 549 2582 exstructum,
571 2541 632 2574 sed
655 2544 854 2574 instructum.

162 2587 327 2630 lacunari]
352 2588 392 2620 V.
418 2586 505 2620 Adn.
529 2587 563 2619 in
584 2589 610 2619 Ι.
636 2589 701 2626 35,
727 2587 783 2619 δί).

160 2633 357 2676 defluebant]
375 2634 419 2666 H.
429 2645 459 2666 e.
480 2633 606 2666 sensim
624 2632 879 2666 delabebantur.

97 2676 151 2710 cf.
173 2678 219 2711 ad
242 2679 371 2712 Famm.
395 2679 439 2718 9.
464 2682 524 2713 20:
563 2679 722 2712 salutatio
746 2681 880 2722 defluxit

98 2721 134 2767 (i.
147 2735 176 2756 e.
197 2725 321 2759 sensim
346 2725 573 2761 discesserunt
595 2726 824 2769 salutatores).

164 2773 250 2811 quod
269 2774 338 2805 iam
360 2775 472 2807 beatus
492 2775 587 2807 nollet
608 2773 687 2818 esse]
714 2772 758 2804 H.
773 2784 802 2804 e.
824 2772 880 2804 di-

99 2825 177 2847 cens
199 2827 236 2848 se
257 2818 349 2851 nolle
369 2818 437 2852 iam
458 2820 596 2852 beatum
620 2830 704 2851 esse.
761 2819 816 2851 Sic
838 2820 879 2851 ΙΙ.

101 2859 164 2900 19,
189 2858 254 2895 45:
288 2864 480 2910 multosque
503 2878 640 2910 possum
660 2865 768 2898 bonos
792 2865 882 2897 viros

99 2905 297 2947 nominare,
335 2910 391 2954 qui
423 2911 614 2956 complures
649 2923 757 2944 annos
779 2910 884 2943 dolo-

101 2951 193 2985 ribus
215 2953 389 2998 podagrae
414 2961 593 2991 cruct'entur
619 2957 791 2990 maximis:
828 2956 884 2989 ubi

101 3010 134 3031 v.
158 2999 248 3033 Adn.
273 3001 331 3033 IV.
357 3000 418 3042 19,
454 3001 517 3037 44:
554 3011 658 3036 noctu
692 3002 883 3036 ambulabat

913 1706 1056 1751 quadam
1088 1705 1226 1738 verbum
1259 1717 1323 1738 esse
1358 1706 1389 1737 iu
1424 1706 1569 1739 clausula
1598 1707 1703 1752 poui-

913 1761 977 1785 tur.
1031 1753 1085 1785 Cf.
1106 1764 1192 1796 quae
1213 1764 1314 1796 supra
1339 1752 1513 1785 docuimus
1538 1753 1582 1786 (le
1602 1759 1704 1796 potest

913 1810 988 1832 esse.

984 1846 1125 1886 Salisne}
1166 1846 1214 1877 l)e
1239 1845 1486 1889 interrogativo
1509 1857 1548 1880 ne
1571 1859 1603 1880 v.
1626 1847 1701 1880 Ad-

915 1899 1032 1924 notatu
1059 1891 1090 1923 iu
1118 1892 1159 1922 ΙΙ.
1184 1891 1241 1929 ll,
1268 1891 1323 1924 26.

983 1940 1099 1979 ntiqui}
1139 1938 1177 1969 V.
1210 1937 1382 1970 Adnotatu
1413 1937 1444 1970 in
1471 1941 1527 1972 IV.
1552 1939 1612 1981 16,
1643 1941 1699 1975 35.

917 1985 966 2016 De
992 1997 1022 2016 v.
1050 1988 1144 2025 atque
1168 1996 1198 2016 v.
1224 1984 1266 2016 ad
1289 1985 1347 2016 ΙΙΙ.
1368 1987 1411 2023 2,
1433 1983 1464 2018 4.

983 2034 1011 2064 ei
1034 2041 1072 2063 ne
1096 2033 1255 2072 intem-um
1283 2033 1411 2072 quidem
1436 2037 1524 2074 erut,
1557 2036 1606 2076 ut]
1649 2034 1701 2068 Ne

914 2077 946 2110 in
972 2084 1143 2121 potestate
1169 2076 1306 2121 quidem
1328 2077 1398 2110 eius
1421 2086 1513 2116 erat,
1542 2087 1590 2112 ut.
1618 2080 1700 2113 Cum

913 2123 1057 2167 simplici
1080 2123 1266 2157 infinitivo:
1305 2123 1348 2156 ad
1371 2124 1473 2157 Attic.
1498 2127 1553 2158 lV.
1578 2128 1598 2159 2
1613 2152 1621 2166 ‚
1642 2126 1700 2166 6.;

915 2183 988 2203 cum
1003 2175 1057 2203 ut:
1083 2182 1146 2214 pro
1160 2171 1246 2203 Mur.
1263 2167 1303 2202 4:
1331 2182 1439 2215 neque
1456 2180 1505 2204 est
1519 2172 1701 2217 integrum,

915 2225 951 2249 ut
985 2229 1096 2249 meum
1137 2216 1286 2249 laborem
1330 2217 1505 2250 hominurn
1543 2219 1701 2262 periculis

912 2263 1128 2296 sublevandis
1162 2274 1230 2295 non
1266 2263 1470 2308 impertiam.
1531 2266 1580 2298 De
1614 2278 1701 2299 con-

913 2310 1085 2342 iunctione
1110 2314 1143 2341 ul
1165 2321 1195 2341 v.
1219 2321 1304 2354 quae
1327 2310 1432 2343 fusius
1456 2311 1700 2356 disputavimus

914 2356 956 2389 ad
984 2358 1040 2388 ΙΙΙ.
1061 2358 1103 2395 ὃ,
1125 2357 1156 2388 5.
1208 2356 1327 2400 Neque
1347 2357 1446 2390 aliter
1464 2358 1700 2403 explicandum

915 2410 966 2435 est
989 2406 1044 2443 ut,
1081 2413 1182 2446 quum
1211 2403 1364 2447 sequitur
1397 2412 1475 2449 post
1499 2410 1618 2438 certum
1643 2409 1701 2445 εει,

914 2460 1024 2482 verum
1037 2453 1094 2489 est,
1117 2451 1307 2483 inusitatum
1320 2454 1376 2489 est,
1399 2461 1538 2491 aequum
1559 2456 1614 2492 est,
1636 2461 1700 2492 par

915 2500 980 2536 est,
1005 2498 1168 2536 conuenit,
1201 2500 1444 2530 consentaneum
1465 2501 1529 2537 est,
1551 2508 1621 2530 mos
1645 2500 1701 2537 est,

912 2543 1104 2576 consuetudo
1125 2545 1192 2582 εει,
1214 2544 1335 2576 accedit
1360 2545 1472 2585 (supra
1494 2544 1518 2575 I.
1542 2544 1592 2581 19,
1615 2543 1699 2584 ⁴30,

912 2592 1074 2629 sequitur,
1098 2592 1215 2629 restat,
1238 2591 1446 2629 relinquitur,
1467 2591 1625 2630 reliquum
1644 2592 1700 2629 εει,

913 2639 1089 2667 extremum
1112 2638 1173 2674 εει,
1208 2636 1392 2667 inauditum
1411 2638 1478 2675 est,
1511 2637 1701 2668 celebratum

914 2685 981 2721 est,
1005 2680 1136 2713 similia.
1185 2681 1221 2712 ln
1247 2680 1298 2712 his
1323 2679 1499 2720 omnibus,
1536 2687 1701 2724 sequente

915 2731 961 2767 ιιι,
984 2727 1072 2759 inest
1096 2726 1191 2758 notio
1223 2728 1278 2767 fit,
1312 2732 1370 2757 aut
1391 2727 1512 2766 factum
1546 2731 1606 2767 εει,
1641 2732 1701 2759 aut

916 2775 985 2815 fieri
1004 2775 1103 2813 debet,
1124 2778 1181 2804 aut
1194 2773 1262 2813 fieri
1274 2775 1385 2812 potest.
1410 2771 1466 2803 Sic
1487 2779 1604 2804 nostro
1621 2772 1700 2806 loco

915 2829 953 2852 ne
984 2822 1141 2860 integrum
1174 2819 1303 2859 quidem
1334 2821 1422 2857 erat,
1456 2818 1488 2851 h.
1505 2830 1534 2850 e.
1563 2830 1607 2850 ne
1628 2819 1700 2852 fieri

919 2865 1056 2908 quidem
1076 2870 1229 2908 poterat,
1255 2870 1291 2894 ut
1309 2863 1348 2895 is.
1399 2863 1504 2897 Cicer.
1524 2864 1609 2898 Phil.
1623 2867 1698 2900 VII.

918 2910 961 2951 2,
983 2908 1026 2944 4:
1053 2910 1119 2950 Qui
1139 2909 1226 2941 enim
1245 2911 1407 2950 convenit,
1431 2914 1486 2951 ut,
1511 2910 1566 2955 qui
1585 2923 1699 2957 popu—

919 2956 1006 2989 lares
1024 2956 1170 2993 fuerunt‚
1189 2955 1291 2987 iidem
1305 2974 1351 2980 —-
1365 2955 1540 3000 improbos
1550 2969 1587 2991 se
1599 2970 1700 3003 quam

923 3002 1102 3047 populares
1125 3013 1197 3034 esse
1221 3001 1348 3034 malint.
1395 3005 1543 3046 Accedit,
1565 3009 1599 3038 ut
1621 3005 1654 3039 h.
1667 3018 1697 3038 e.
