<?xml version="1.0" encoding="UTF-8"?>
<!DOCTYPE html PUBLIC "-//W3C//DTD XHTML 1.0 Transitional//EN"
    "http://www.w3.org/TR/xhtml1/DTD/xhtml1-transitional.dtd">
<html xmlns="http://www.w3.org/1999/xhtml" xml:lang="en" lang="en">
 <head>
  <title>
</title>
<meta http-equiv="Content-Type" content="text/html;charset=utf-8" />
  <meta name='ocr-system' content='tesseract 3.04.00' />
  <meta name='ocr-capabilities' content='ocr_page ocr_carea ocr_par ocr_line ocrx_word'/>
</head>
<body>
  <div class='ocr_page' id='page_1' title='image "./tusculanarumdi00ciceuoft_0018.png"; bbox 0 0 1811 3053; ppageno 0'>
   <div class='ocr_carea' id='block_1_1' title="bbox 114 46 1066 95">
    <p class='ocr_par' dir='ltr' id='par_1_1' title="bbox 114 46 1066 95">
     <span class='ocr_line' id='line_1_1' title="bbox 114 46 1066 95; baseline -0.004 -9"><span class='ocrx_word' id='word_1_1' title='bbox 114 46 141 86; x_wconf 79' lang='grc'><strong>8</strong></span> <span class='ocrx_word' id='word_1_2' title='bbox 722 48 1066 95; x_wconf 78' lang='lat' dir='ltr'>PROLEGOMENA.</span> 
     </span>
    </p>
   </div>
   <div class='ocr_carea' id='block_1_2' title="bbox 121 130 1681 321">
    <p class='ocr_par' dir='ltr' id='par_1_2' title="bbox 121 130 1681 321">
     <span class='ocr_line' id='line_1_2' title="bbox 121 130 1681 187; baseline -0.002 -13"><span class='ocrx_word' id='word_1_3' title='bbox 121 136 292 174; x_wconf 78' lang='lat' dir='ltr'>studuit:</span> <span class='ocrx_word' id='word_1_4' title='bbox 321 141 575 187; x_wconf 77' lang='lat' dir='ltr'><strong>posteaquam</strong></span> <span class='ocrx_word' id='word_1_5' title='bbox 605 138 734 170; x_wconf 83' lang='lat' dir='ltr'>autem</span> <span class='ocrx_word' id='word_1_6' title='bbox 757 130 827 169; x_wconf 84' lang='lat' dir='ltr'>illa</span> <span class='ocrx_word' id='word_1_7' title='bbox 849 131 1123 183; x_wconf 87' lang='lat' dir='ltr'>interrogandi</span> <span class='ocrx_word' id='word_1_8' title='bbox 1156 137 1195 170; x_wconf 89' lang='lat' dir='ltr'>et</span> <span class='ocrx_word' id='word_1_9' title='bbox 1225 131 1496 184; x_wconf 87' lang='lat' dir='ltr'>respondendi</span> <span class='ocrx_word' id='word_1_10' title='bbox 1523 132 1681 172; x_wconf 86' lang='lat' dir='ltr'>ratione</span> 
     </span>
     <span class='ocr_line' id='line_1_3' title="bbox 122 200 1681 254; baseline -0.002 -13"><span class='ocrx_word' id='word_1_11' title='bbox 122 204 426 254; x_wconf 81' lang='lat' dir='ltr'>disputationem</span> <span class='ocrx_word' id='word_1_12' title='bbox 459 202 510 240; x_wconf 85' lang='lat' dir='ltr'>ad</span> <span class='ocrx_word' id='word_1_13' title='bbox 540 206 691 238; x_wconf 88' lang='lat' dir='ltr'>certum</span> <span class='ocrx_word' id='word_1_14' title='bbox 721 200 913 250; x_wconf 85' lang='lat' dir='ltr'>quendam</span> <span class='ocrx_word' id='word_1_15' title='bbox 942 200 1093 238; x_wconf 82' lang='lat' dir='ltr'>exitum</span> <span class='ocrx_word' id='word_1_16' title='bbox 1122 200 1309 250; x_wconf 83' lang='lat' dir='ltr'>deduxit,</span> <span class='ocrx_word' id='word_1_17' title='bbox 1348 201 1425 239; x_wconf 85' lang='lat' dir='ltr'>hoc</span> <span class='ocrx_word' id='word_1_18' title='bbox 1455 200 1614 239; x_wconf 84' lang='lat' dir='ltr'>conciso</span> <span class='ocrx_word' id='word_1_19' title='bbox 1641 207 1681 238; x_wconf 88' lang='lat' dir='ltr'>et</span> 
     </span>
     <span class='ocr_line' id='line_1_4' title="bbox 124 267 1681 321; baseline -0.002 -12"><span class='ocrx_word' id='word_1_20' title='bbox 124 271 234 309; x_wconf 84' lang='lat' dir='ltr'>brevi</span> <span class='ocrx_word' id='word_1_21' title='bbox 265 269 481 309; x_wconf 84' lang='lat' dir='ltr'>disserendi</span> <span class='ocrx_word' id='word_1_22' title='bbox 512 281 652 320; x_wconf 82' lang='lat' dir='ltr'>genere</span> <span class='ocrx_word' id='word_1_23' title='bbox 680 267 839 318; x_wconf 83' lang='lat' dir='ltr'>relicto,</span> <span class='ocrx_word' id='word_1_24' title='bbox 869 268 1021 319; x_wconf 89' lang='lat' dir='ltr'>reliqua</span> <span class='ocrx_word' id='word_1_25' title='bbox 1050 275 1244 320; x_wconf 86' lang='lat' dir='ltr'>perpetua</span> <span class='ocrx_word' id='word_1_26' title='bbox 1273 268 1454 307; x_wconf 90' lang='lat' dir='ltr'>oratione</span> <span class='ocrx_word' id='word_1_27' title='bbox 1483 268 1681 321; x_wconf 81' lang='lat' dir='ltr'><strong>exposuit.</strong></span> 
     </span>
    </p>
   </div>
   <div class='ocr_carea' id='block_1_3' title="bbox 263 378 1550 434">
    <p class='ocr_par' dir='ltr' id='par_1_3' title="bbox 263 378 1550 434">
     <span class='ocr_line' id='line_1_5' title="bbox 263 378 1550 434; baseline -0.001 -12"><span class='ocrx_word' id='word_1_28' title='bbox 263 381 382 423; x_wconf 82' lang='lat' dir='ltr'><em>VIII.</em></span> <span class='ocrx_word' id='word_1_29' title='bbox 444 379 515 421; x_wconf 90' lang='lat' dir='ltr'>De</span> <span class='ocrx_word' id='word_1_30' title='bbox 538 379 711 434; x_wconf 77' lang='lat' dir='ltr'>pretio,</span> <span class='ocrx_word' id='word_1_31' title='bbox 740 378 855 434; x_wconf 79' lang='lat' dir='ltr'>quod</span> <span class='ocrx_word' id='word_1_32' title='bbox 884 379 1153 420; x_wconf 75' lang='lat' dir='ltr'>statuendum</span> <span class='ocrx_word' id='word_1_33' title='bbox 1183 383 1246 420; x_wconf 80' lang='lat' dir='ltr'>est</span> <span class='ocrx_word' id='word_1_34' title='bbox 1279 378 1550 421; x_wconf 77' lang='lat' dir='ltr'><em>Tusculanis.</em></span> 
     </span>
    </p>
   </div>
   <div class='ocr_carea' id='block_1_4' title="bbox 124 471 1689 2753">
    <p class='ocr_par' dir='ltr' id='par_1_4' title="bbox 124 471 1689 2147">
     <span class='ocr_line' id='line_1_6' title="bbox 235 471 1689 523; baseline -0.001 -12"><span class='ocrx_word' id='word_1_35' title='bbox 235 473 477 511; x_wconf 81' lang='lat' dir='ltr'>Tusculanae</span> <span class='ocrx_word' id='word_1_36' title='bbox 498 471 792 523; x_wconf 74' lang='lat' dir='ltr'><strong>Disputationes</strong></span> <span class='ocrx_word' id='word_1_37' title='bbox 812 472 1040 509; x_wconf 80' lang='lat' dir='ltr'>referendae</span> <span class='ocrx_word' id='word_1_38' title='bbox 1062 477 1175 521; x_wconf 89' lang='lat' dir='ltr'>sunt,</span> <span class='ocrx_word' id='word_1_39' title='bbox 1204 477 1252 509; x_wconf 90' lang='lat' dir='ltr'>ut</span> <span class='ocrx_word' id='word_1_40' title='bbox 1276 484 1400 522; x_wconf 87' lang='lat' dir='ltr'>supra</span> <span class='ocrx_word' id='word_1_41' title='bbox 1423 471 1689 510; x_wconf 63' lang='lat' dir='ltr'>demonstra-„</span> 
     </span>
     <span class='ocr_line' id='line_1_7' title="bbox 127 539 1681 591; baseline -0.001 -13"><span class='ocrx_word' id='word_1_42' title='bbox 127 541 272 588; x_wconf 80' lang='lat' dir='ltr'>vimus,</span> <span class='ocrx_word' id='word_1_43' title='bbox 308 541 357 578; x_wconf 85' lang='lat' dir='ltr'>ad</span> <span class='ocrx_word' id='word_1_44' title='bbox 392 554 457 578; x_wconf 90' lang='lat' dir='ltr'>eos</span> <span class='ocrx_word' id='word_1_45' title='bbox 486 540 627 588; x_wconf 85' lang='lat' dir='ltr'>libros,</span> <span class='ocrx_word' id='word_1_46' title='bbox 665 539 733 590; x_wconf 88' lang='lat' dir='ltr'>qui</span> <span class='ocrx_word' id='word_1_47' title='bbox 761 540 1011 591; x_wconf 80' lang='lat' dir='ltr'>populariter</span> <span class='ocrx_word' id='word_1_48' title='bbox 1036 539 1174 590; x_wconf 82' lang='lat' dir='ltr'>magis,</span> <span class='ocrx_word' id='word_1_49' title='bbox 1205 552 1321 589; x_wconf 88' lang='lat' dir='ltr'>quam</span> <span class='ocrx_word' id='word_1_50' title='bbox 1349 539 1537 577; x_wconf 89' lang='lat' dir='ltr'>subtilius</span> <span class='ocrx_word' id='word_1_51' title='bbox 1565 539 1681 577; x_wconf 87' lang='lat' dir='ltr'>lima-</span> 
     </span>
     <span class='ocr_line' id='line_1_8' title="bbox 125 606 1682 660; baseline 0 -16"><span class='ocrx_word' id='word_1_52' title='bbox 125 608 282 658; x_wconf 70' lang='lat' dir='ltr'>[iusque</span> <span class='ocrx_word' id='word_1_53' title='bbox 305 609 517 660; x_wconf 80' lang='lat' dir='ltr'>perscripti</span> <span class='ocrx_word' id='word_1_54' title='bbox 538 614 643 646; x_wconf 90' lang='lat' dir='ltr'>sunt.</span> <span class='ocrx_word' id='word_1_55' title='bbox 689 606 776 644; x_wconf 92' lang='lat' dir='ltr'>Alia</span> <span class='ocrx_word' id='word_1_56' title='bbox 795 613 852 644; x_wconf 90' lang='lat' dir='ltr'>est</span> <span class='ocrx_word' id='word_1_57' title='bbox 873 608 975 645; x_wconf 83' lang='lat' dir='ltr'>enim</span> <span class='ocrx_word' id='word_1_58' title='bbox 996 607 1072 656; x_wconf 90' lang='lat' dir='ltr'>illa,</span> <span class='ocrx_word' id='word_1_59' title='bbox 1104 620 1225 657; x_wconf 87' lang='lat' dir='ltr'>quum</span> <span class='ocrx_word' id='word_1_60' title='bbox 1243 607 1389 645; x_wconf 87' lang='lat' dir='ltr'>veritas</span> <span class='ocrx_word' id='word_1_61' title='bbox 1410 607 1495 659; x_wconf 89' lang='lat' dir='ltr'>ipsa</span> <span class='ocrx_word' id='word_1_62' title='bbox 1518 607 1682 644; x_wconf 89' lang='lat' dir='ltr'>limatur</span> 
     </span>
     <span class='ocr_line' id='line_1_9' title="bbox 126 674 1683 728; baseline -0.001 -16"><span class='ocrx_word' id='word_1_63' title='bbox 126 676 166 712; x_wconf 85' lang='lat' dir='ltr'>in</span> <span class='ocrx_word' id='word_1_64' title='bbox 203 676 492 728; x_wconf 86' lang='lat' dir='ltr'>disputatione,</span> <span class='ocrx_word' id='word_1_65' title='bbox 529 675 749 724; x_wconf 81' lang='lat' dir='ltr'>subtilitas3</span> <span class='ocrx_word' id='word_1_66' title='bbox 793 675 890 723; x_wconf 84' lang='lat' dir='ltr'>alia,</span> <span class='ocrx_word' id='word_1_67' title='bbox 928 689 1050 726; x_wconf 87' lang='lat' dir='ltr'>quum</span> <span class='ocrx_word' id='word_1_68' title='bbox 1087 674 1138 712; x_wconf 87' lang='lat' dir='ltr'>ad</span> <span class='ocrx_word' id='word_1_69' title='bbox 1176 674 1401 726; x_wconf 83' lang='lat' dir='ltr'>opinionem</span> <span class='ocrx_word' id='word_1_70' title='bbox 1439 687 1683 713; x_wconf 86' lang='lat' dir='ltr'>communem</span> 
     </span>
     <span class='ocr_line' id='line_1_10' title="bbox 125 742 1682 795; baseline 0 -15"><span class='ocrx_word' id='word_1_71' title='bbox 125 744 251 781; x_wconf 89' lang='lat' dir='ltr'>omnis</span> <span class='ocrx_word' id='word_1_72' title='bbox 273 743 590 782; x_wconf 79' lang='lat' dir='ltr'>accommodatur</span> <span class='ocrx_word' id='word_1_73' title='bbox 619 743 749 780; x_wconf 87' lang='lat' dir='ltr'>oratio</span> <span class='ocrx_word' id='word_1_74' title='bbox 764 743 814 789; x_wconf 93' lang='lat'>¹).</span> <span class='ocrx_word' id='word_1_75' title='bbox 872 743 947 780; x_wconf 88' lang='lat' dir='ltr'>Sed</span> <span class='ocrx_word' id='word_1_76' title='bbox 972 743 1329 795; x_wconf 83' lang='lat' dir='ltr'>praestantissimae</span> <span class='ocrx_word' id='word_1_77' title='bbox 1353 749 1471 793; x_wconf 86' lang='lat' dir='ltr'>atque</span> <span class='ocrx_word' id='word_1_78' title='bbox 1496 742 1682 781; x_wconf 81' lang='lat' dir='ltr'>excelsis-</span> 
     </span>
     <span class='ocr_line' id='line_1_11' title="bbox 125 811 1682 863; baseline -0.001 -14"><span class='ocrx_word' id='word_1_79' title='bbox 125 811 241 849; x_wconf 82' lang='lat' dir='ltr'>simae</span> <span class='ocrx_word' id='word_1_80' title='bbox 260 812 303 849; x_wconf 91' lang='lat' dir='ltr'>in</span> <span class='ocrx_word' id='word_1_81' title='bbox 324 812 372 849; x_wconf 91' lang='lat' dir='ltr'>iis</span> <span class='ocrx_word' id='word_1_82' title='bbox 392 825 596 863; x_wconf 74' lang='lat' dir='ltr'>expressae</span> <span class='ocrx_word' id='word_1_83' title='bbox 616 817 709 848; x_wconf 89' lang='lat' dir='ltr'>sunt</span> <span class='ocrx_word' id='word_1_84' title='bbox 731 811 945 848; x_wconf 87' lang='lat' dir='ltr'>sententiae</span> <span class='ocrx_word' id='word_1_85' title='bbox 968 817 1007 848; x_wconf 90' lang='lat' dir='ltr'>et</span> <span class='ocrx_word' id='word_1_86' title='bbox 1027 817 1255 862; x_wconf 67' lang='lat' dir='ltr'>praecept-a:</span> <span class='ocrx_word' id='word_1_87' title='bbox 1286 823 1384 861; x_wconf 89' lang='lat' dir='ltr'>quae</span> <span class='ocrx_word' id='word_1_88' title='bbox 1408 824 1530 861; x_wconf 87' lang='lat' dir='ltr'>quum</span> <span class='ocrx_word' id='word_1_89' title='bbox 1550 823 1682 848; x_wconf 89' lang='lat' dir='ltr'>omnes</span> 
     </span>
     <span class='ocr_line' id='line_1_12' title="bbox 124 878 1684 930; baseline 0 -15"><span class='ocrx_word' id='word_1_90' title='bbox 124 878 313 928; x_wconf 86' lang='lat' dir='ltr'>homines,</span> <span class='ocrx_word' id='word_1_91' title='bbox 344 886 429 917; x_wconf 87' lang='lat' dir='ltr'>tum</span> <span class='ocrx_word' id='word_1_92' title='bbox 447 880 610 916; x_wconf 80' lang='lat' dir='ltr'>maxime</span> <span class='ocrx_word' id='word_1_93' title='bbox 630 878 833 916; x_wconf 80' lang='lat' dir='ltr'>erectioris</span> <span class='ocrx_word' id='word_1_94' title='bbox 853 878 997 916; x_wconf 89' lang='lat' dir='ltr'>indolis</span> <span class='ocrx_word' id='word_1_95' title='bbox 1019 878 1280 916; x_wconf 81' lang='lat' dir='ltr'>adolescentes</span> <span class='ocrx_word' id='word_1_96' title='bbox 1304 885 1342 916; x_wconf 90' lang='lat' dir='ltr'>et</span> <span class='ocrx_word' id='word_1_97' title='bbox 1360 878 1573 930; x_wconf 83' lang='lat' dir='ltr'>magnificis</span> <span class='ocrx_word' id='word_1_98' title='bbox 1592 891 1684 916; x_wconf 88' lang='lat' dir='ltr'>sen-</span> 
     </span>
     <span class='ocr_line' id='line_1_13' title="bbox 125 946 1683 997; baseline 0.001 -15"><span class='ocrx_word' id='word_1_99' title='bbox 125 946 233 983; x_wconf 80' lang='lat' dir='ltr'>sibus</span> <span class='ocrx_word' id='word_1_100' title='bbox 262 947 453 996; x_wconf 85' lang='lat' dir='ltr'>imbuere,</span> <span class='ocrx_word' id='word_1_101' title='bbox 485 954 524 984; x_wconf 90' lang='lat' dir='ltr'>et</span> <span class='ocrx_word' id='word_1_102' title='bbox 549 946 666 984; x_wconf 87' lang='lat' dir='ltr'>animi</span> <span class='ocrx_word' id='word_1_103' title='bbox 688 946 873 983; x_wconf 87' lang='lat' dir='ltr'>firmitate</span> <span class='ocrx_word' id='word_1_104' title='bbox 895 959 1056 997; x_wconf 79' lang='lat' dir='ltr'>augere,</span> <span class='ocrx_word' id='word_1_105' title='bbox 1087 952 1125 983; x_wconf 91' lang='lat' dir='ltr'>et</span> <span class='ocrx_word' id='word_1_106' title='bbox 1150 946 1199 983; x_wconf 88' lang='lat' dir='ltr'>ad</span> <span class='ocrx_word' id='word_1_107' title='bbox 1220 946 1529 997; x_wconf 85' lang='lat' dir='ltr'>praeclarissima</span> <span class='ocrx_word' id='word_1_108' title='bbox 1560 959 1683 996; x_wconf 88' lang='lat' dir='ltr'>quae-</span> 
     </span>
     <span class='ocr_line' id='line_1_14' title="bbox 127 1012 1685 1065; baseline 0.001 -16"><span class='ocrx_word' id='word_1_109' title='bbox 127 1027 202 1063; x_wconf 82' lang='lat' dir='ltr'>que</span> <span class='ocrx_word' id='word_1_110' title='bbox 225 1015 373 1065; x_wconf 83' lang='lat' dir='ltr'>erigere</span> <span class='ocrx_word' id='word_1_111' title='bbox 402 1015 556 1052; x_wconf 88' lang='lat' dir='ltr'>debent.</span> <span class='ocrx_word' id='word_1_112' title='bbox 616 1014 748 1060; x_wconf 82' lang='lat' dir='ltr'>Quum</span> <span class='ocrx_word' id='word_1_113' title='bbox 771 1014 833 1051; x_wconf 88' lang='lat' dir='ltr'>vel</span> <span class='ocrx_word' id='word_1_114' title='bbox 860 1013 945 1064; x_wconf 88' lang='lat' dir='ltr'>ipsa</span> <span class='ocrx_word' id='word_1_115' title='bbox 973 1012 1118 1050; x_wconf 88' lang='lat' dir='ltr'>horum</span> <span class='ocrx_word' id='word_1_116' title='bbox 1147 1013 1345 1051; x_wconf 88' lang='lat' dir='ltr'>librorum</span> <span class='ocrx_word' id='word_1_117' title='bbox 1370 1019 1600 1064; x_wconf 86' lang='lat' dir='ltr'>argumenta</span> <span class='ocrx_word' id='word_1_118' title='bbox 1628 1013 1685 1051; x_wconf 89' lang='lat' dir='ltr'>ita</span> 
     </span>
     <span class='ocr_line' id='line_1_15' title="bbox 126 1080 1684 1132; baseline 0.001 -15"><span class='ocrx_word' id='word_1_119' title='bbox 126 1088 351 1132; x_wconf 83' lang='lat' dir='ltr'>comparata</span> <span class='ocrx_word' id='word_1_120' title='bbox 373 1083 474 1130; x_wconf 90' lang='lat' dir='ltr'>sint,</span> <span class='ocrx_word' id='word_1_121' title='bbox 506 1089 551 1119; x_wconf 92' lang='lat' dir='ltr'>ut</span> <span class='ocrx_word' id='word_1_122' title='bbox 571 1082 652 1119; x_wconf 91' lang='lat' dir='ltr'>sine</span> <span class='ocrx_word' id='word_1_123' title='bbox 672 1081 764 1118; x_wconf 89' lang='lat' dir='ltr'>ullis</span> <span class='ocrx_word' id='word_1_124' title='bbox 785 1080 977 1118; x_wconf 87' lang='lat' dir='ltr'>orationis</span> <span class='ocrx_word' id='word_1_125' title='bbox 1001 1081 1239 1118; x_wconf 83' lang='lat' dir='ltr'>ornamentis</span> <span class='ocrx_word' id='word_1_126' title='bbox 1270 1087 1308 1118; x_wconf 87' lang='lat' dir='ltr'>et</span> <span class='ocrx_word' id='word_1_127' title='bbox 1334 1081 1525 1119; x_wconf 86' lang='lat' dir='ltr'>illecebris</span> <span class='ocrx_word' id='word_1_128' title='bbox 1556 1094 1684 1132; x_wconf 82' lang='lat' dir='ltr'>expo·-</span> 
     </span>
     <span class='ocr_line' id='line_1_16' title="bbox 125 1147 1683 1200; baseline 0 -15"><span class='ocrx_word' id='word_1_129' title='bbox 125 1149 199 1186; x_wconf 74' lang='lat' dir='ltr'>sita</span> <span class='ocrx_word' id='word_1_130' title='bbox 226 1156 367 1200; x_wconf 82' lang='lat' dir='ltr'>sponte</span> <span class='ocrx_word' id='word_1_131' title='bbox 390 1150 540 1187; x_wconf 84' lang='lat' dir='ltr'>animos</span> <span class='ocrx_word' id='word_1_132' title='bbox 568 1149 779 1187; x_wconf 84' lang='lat' dir='ltr'>advertant</span> <span class='ocrx_word' id='word_1_133' title='bbox 805 1149 855 1186; x_wconf 90' lang='lat' dir='ltr'>ad</span> <span class='ocrx_word' id='word_1_134' title='bbox 883 1162 921 1185; x_wconf 90' lang='lat' dir='ltr'>se</span> <span class='ocrx_word' id='word_1_135' title='bbox 948 1148 1203 1199; x_wconf 82' lang='lat' dir='ltr'>rapiantque3</span> <span class='ocrx_word' id='word_1_136' title='bbox 1233 1154 1318 1186; x_wconf 90' lang='lat' dir='ltr'>tum</span> <span class='ocrx_word' id='word_1_137' title='bbox 1349 1162 1395 1186; x_wconf 91' lang='lat' dir='ltr'>eo</span> <span class='ocrx_word' id='word_1_138' title='bbox 1426 1147 1585 1186; x_wconf 87' lang='lat' dir='ltr'>dicendi</span> <span class='ocrx_word' id='word_1_139' title='bbox 1614 1162 1683 1199; x_wconf 86' lang='lat' dir='ltr'>ge-</span> 
     </span>
     <span class='ocr_line' id='line_1_17' title="bbox 127 1215 1683 1268; baseline -0.001 -14"><span class='ocrx_word' id='word_1_140' title='bbox 127 1230 218 1254; x_wconf 89' lang='lat' dir='ltr'>nere</span> <span class='ocrx_word' id='word_1_141' title='bbox 251 1218 461 1268; x_wconf 77' lang='lat' dir='ltr'>cxplanata</span> <span class='ocrx_word' id='word_1_142' title='bbox 491 1224 528 1255; x_wconf 87' lang='lat' dir='ltr'>et</span> <span class='ocrx_word' id='word_1_143' title='bbox 559 1217 756 1253; x_wconf 86' lang='lat' dir='ltr'>illustrata</span> <span class='ocrx_word' id='word_1_144' title='bbox 787 1222 902 1264; x_wconf 89' lang='lat' dir='ltr'>sunt,</span> <span class='ocrx_word' id='word_1_145' title='bbox 939 1221 1009 1264; x_wconf 88' lang='lat' dir='ltr'>ut,</span> <span class='ocrx_word' id='word_1_146' title='bbox 1048 1229 1127 1265; x_wconf 87' lang='lat' dir='ltr'>quo</span> <span class='ocrx_word' id='word_1_147' title='bbox 1164 1216 1293 1253; x_wconf 88' lang='lat' dir='ltr'>minus</span> <span class='ocrx_word' id='word_1_148' title='bbox 1321 1215 1422 1253; x_wconf 85' lang='lat' dir='ltr'>illud</span> <span class='ocrx_word' id='word_1_149' title='bbox 1452 1216 1502 1254; x_wconf 86' lang='lat' dir='ltr'>ad</span> <span class='ocrx_word' id='word_1_150' title='bbox 1530 1229 1683 1254; x_wconf 86' lang='lat' dir='ltr'>severas</span> 
     </span>
     <span class='ocr_line' id='line_1_18' title="bbox 127 1282 1684 1336; baseline 0.001 -16"><span class='ocrx_word' id='word_1_151' title='bbox 127 1284 319 1322; x_wconf 87' lang='lat' dir='ltr'>orationis</span> <span class='ocrx_word' id='word_1_152' title='bbox 348 1285 448 1336; x_wconf 82' lang='lat' dir='ltr'>leges</span> <span class='ocrx_word' id='word_1_153' title='bbox 478 1290 658 1322; x_wconf 82' lang='lat' dir='ltr'>exactum</span> <span class='ocrx_word' id='word_1_154' title='bbox 691 1290 730 1321; x_wconf 92' lang='lat' dir='ltr'>et</span> <span class='ocrx_word' id='word_1_155' title='bbox 756 1283 984 1334; x_wconf 79' lang='lat' dir='ltr'>castigatum</span> <span class='ocrx_word' id='word_1_156' title='bbox 1008 1282 1079 1331; x_wconf 87' lang='lat' dir='ltr'>sit,</span> <span class='ocrx_word' id='word_1_157' title='bbox 1114 1282 1193 1321; x_wconf 89' lang='lat' dir='ltr'>hoc</span> <span class='ocrx_word' id='word_1_158' title='bbox 1221 1284 1409 1322; x_wconf 87' lang='lat' dir='ltr'>libentius</span> <span class='ocrx_word' id='word_1_159' title='bbox 1438 1283 1480 1321; x_wconf 92' lang='lat' dir='ltr'>in</span> <span class='ocrx_word' id='word_1_160' title='bbox 1509 1296 1554 1321; x_wconf 92' lang='lat' dir='ltr'>eo</span> <span class='ocrx_word' id='word_1_161' title='bbox 1584 1297 1684 1321; x_wconf 90' lang='lat' dir='ltr'>con-</span> 
     </span>
     <span class='ocr_line' id='line_1_19' title="bbox 126 1350 1683 1402; baseline 0.001 -15"><span class='ocrx_word' id='word_1_162' title='bbox 126 1351 313 1401; x_wconf 79' lang='lat' dir='ltr'>quiescas.</span> <span class='ocrx_word' id='word_1_163' title='bbox 370 1352 453 1390; x_wconf 85' lang='lat' dir='ltr'>Etsi</span> <span class='ocrx_word' id='word_1_164' title='bbox 485 1351 621 1402; x_wconf 75' lang='lat' dir='ltr'>negari</span> <span class='ocrx_word' id='word_1_165' title='bbox 648 1365 729 1388; x_wconf 90' lang='lat' dir='ltr'>non</span> <span class='ocrx_word' id='word_1_166' title='bbox 760 1357 908 1401; x_wconf 86' lang='lat' dir='ltr'>potest,</span> <span class='ocrx_word' id='word_1_167' title='bbox 945 1350 1018 1388; x_wconf 89' lang='lat' dir='ltr'>hos</span> <span class='ocrx_word' id='word_1_168' title='bbox 1047 1350 1170 1388; x_wconf 88' lang='lat' dir='ltr'>libros</span> <span class='ocrx_word' id='word_1_169' title='bbox 1200 1351 1333 1389; x_wconf 90' lang='lat' dir='ltr'>multis</span> <span class='ocrx_word' id='word_1_170' title='bbox 1365 1351 1462 1389; x_wconf 87' lang='lat' dir='ltr'>locis</span> <span class='ocrx_word' id='word_1_171' title='bbox 1489 1351 1683 1389; x_wconf 89' lang='lat' dir='ltr'>festinan-</span> 
     </span>
     <span class='ocr_line' id='line_1_20' title="bbox 127 1417 1684 1472; baseline 0 -16"><span class='ocrx_word' id='word_1_172' title='bbox 127 1419 206 1457; x_wconf 85' lang='lat' dir='ltr'>tius</span> <span class='ocrx_word' id='word_1_173' title='bbox 220 1419 260 1472; x_wconf 77' lang='grc'>2)</span> <span class='ocrx_word' id='word_1_174' title='bbox 287 1426 326 1458; x_wconf 90' lang='lat' dir='ltr'>et</span> <span class='ocrx_word' id='word_1_175' title='bbox 347 1419 624 1471; x_wconf 78' lang='lat' dir='ltr'>negligentius,</span> <span class='ocrx_word' id='word_1_176' title='bbox 662 1425 699 1456; x_wconf 90' lang='lat' dir='ltr'>et</span> <span class='ocrx_word' id='word_1_177' title='bbox 722 1418 846 1455; x_wconf 89' lang='lat' dir='ltr'>multo</span> <span class='ocrx_word' id='word_1_178' title='bbox 875 1417 1024 1466; x_wconf 86' lang='lat' dir='ltr'>minus,</span> <span class='ocrx_word' id='word_1_179' title='bbox 1053 1432 1168 1468; x_wconf 87' lang='lat' dir='ltr'>quam</span> <span class='ocrx_word' id='word_1_180' title='bbox 1197 1419 1271 1456; x_wconf 87' lang='lat' dir='ltr'>alia</span> <span class='ocrx_word' id='word_1_181' title='bbox 1296 1418 1469 1458; x_wconf 87' lang='lat' dir='ltr'>eiusdem</span> <span class='ocrx_word' id='word_1_182' title='bbox 1494 1419 1616 1457; x_wconf 86' lang='lat' dir='ltr'>Tullii</span> <span class='ocrx_word' id='word_1_183' title='bbox 1636 1419 1684 1457; x_wconf 89' lang='lat' dir='ltr'>de</span> 
     </span>
     <span class='ocr_line' id='line_1_21' title="bbox 127 1486 1684 1539; baseline 0.001 -16"><span class='ocrx_word' id='word_1_184' title='bbox 127 1486 380 1539; x_wconf 86' lang='lat' dir='ltr'>philosophia</span> <span class='ocrx_word' id='word_1_185' title='bbox 398 1488 565 1538; x_wconf 88' lang='lat' dir='ltr'>scripta,</span> <span class='ocrx_word' id='word_1_186' title='bbox 595 1487 770 1524; x_wconf 86' lang='lat' dir='ltr'>elimatos</span> <span class='ocrx_word' id='word_1_187' title='bbox 800 1500 845 1523; x_wconf 89' lang='lat' dir='ltr'>ac</span> <span class='ocrx_word' id='word_1_188' title='bbox 868 1486 1086 1537; x_wconf 87' lang='lat' dir='ltr'>perpolitos</span> <span class='ocrx_word' id='word_1_189' title='bbox 1111 1499 1209 1535; x_wconf 89' lang='lat' dir='ltr'>esse,</span> <span class='ocrx_word' id='word_1_190' title='bbox 1239 1486 1440 1536; x_wconf 89' lang='lat' dir='ltr'>multaque</span> <span class='ocrx_word' id='word_1_191' title='bbox 1470 1487 1513 1525; x_wconf 89' lang='lat' dir='ltr'>in</span> <span class='ocrx_word' id='word_1_192' title='bbox 1541 1487 1684 1531; x_wconf 45' lang='lat' dir='ltr'>iisspin-</span> 
     </span>
     <span class='ocr_line' id='line_1_22' title="bbox 127 1553 1687 1606; baseline 0 -14"><span class='ocrx_word' id='word_1_193' title='bbox 127 1569 225 1604; x_wconf 85' lang='lat' dir='ltr'>csse,</span> <span class='ocrx_word' id='word_1_194' title='bbox 253 1555 292 1592; x_wconf 90' lang='lat' dir='ltr'>in</span> <span class='ocrx_word' id='word_1_195' title='bbox 321 1555 464 1605; x_wconf 86' lang='lat' dir='ltr'>quibus</span> <span class='ocrx_word' id='word_1_196' title='bbox 496 1553 728 1606; x_wconf 86' lang='lat' dir='ltr'>philosophi</span> <span class='ocrx_word' id='word_1_197' title='bbox 759 1553 956 1591; x_wconf 81' lang='lat' dir='ltr'>subtilitas</span> <span class='ocrx_word' id='word_1_198' title='bbox 988 1560 1026 1591; x_wconf 88' lang='lat' dir='ltr'>et</span> <span class='ocrx_word' id='word_1_199' title='bbox 1051 1554 1252 1604; x_wconf 76' lang='lat' dir='ltr'>diligentia</span> <span class='ocrx_word' id='word_1_200' title='bbox 1283 1554 1546 1604; x_wconf 83' lang='lat' dir='ltr'>desideretur3</span> <span class='ocrx_word' id='word_1_201' title='bbox 1576 1561 1687 1592; x_wconf 86' lang='lat' dir='ltr'>tanta</span> 
     </span>
     <span class='ocr_line' id='line_1_23' title="bbox 131 1621 1685 1671; baseline 0.001 -13"><span class='ocrx_word' id='word_1_202' title='bbox 131 1628 255 1659; x_wconf 77' lang='lat' dir='ltr'>lamen</span> <span class='ocrx_word' id='word_1_203' title='bbox 282 1629 320 1660; x_wconf 82' lang='lat' dir='ltr'>ct</span> <span class='ocrx_word' id='word_1_204' title='bbox 339 1623 622 1661; x_wconf 84' lang='lat' dir='ltr'>sententiarum</span> <span class='ocrx_word' id='word_1_205' title='bbox 643 1622 841 1669; x_wconf 86' lang='lat' dir='ltr'>ubertate,</span> <span class='ocrx_word' id='word_1_206' title='bbox 872 1621 1066 1671; x_wconf 82' lang='lat' dir='ltr'>gravitate</span> <span class='ocrx_word' id='word_1_207' title='bbox 1088 1636 1132 1659; x_wconf 91' lang='lat' dir='ltr'>ac</span> <span class='ocrx_word' id='word_1_208' title='bbox 1157 1622 1405 1671; x_wconf 79' lang='lat' dir='ltr'>salubritate,</span> <span class='ocrx_word' id='word_1_209' title='bbox 1436 1629 1474 1660; x_wconf 92' lang='lat' dir='ltr'>et</span> <span class='ocrx_word' id='word_1_210' title='bbox 1493 1622 1685 1660; x_wconf 89' lang='lat' dir='ltr'>orationis</span> 
     </span>
     <span class='ocr_line' id='line_1_24' title="bbox 128 1689 1685 1739; baseline 0 -13"><span class='ocrx_word' id='word_1_211' title='bbox 128 1690 333 1739; x_wconf 84' lang='lat' dir='ltr'>facilitate,</span> <span class='ocrx_word' id='word_1_212' title='bbox 364 1690 610 1728; x_wconf 87' lang='lat' dir='ltr'>iucunditate</span> <span class='ocrx_word' id='word_1_213' title='bbox 635 1695 672 1726; x_wconf 91' lang='lat' dir='ltr'>et</span> <span class='ocrx_word' id='word_1_214' title='bbox 692 1695 897 1727; x_wconf 82' lang='lat' dir='ltr'>venustate</span> <span class='ocrx_word' id='word_1_215' title='bbox 920 1702 998 1726; x_wconf 86' lang='lat' dir='ltr'>sese</span> <span class='ocrx_word' id='word_1_216' title='bbox 1021 1689 1310 1738; x_wconf 86' lang='lat' dir='ltr'>connnendant,</span> <span class='ocrx_word' id='word_1_217' title='bbox 1339 1696 1385 1727; x_wconf 90' lang='lat' dir='ltr'>ut</span> <span class='ocrx_word' id='word_1_218' title='bbox 1415 1696 1452 1727; x_wconf 86' lang='lat' dir='ltr'>et</span> <span class='ocrx_word' id='word_1_219' title='bbox 1481 1690 1524 1727; x_wconf 88' lang='lat' dir='ltr'>in</span> <span class='ocrx_word' id='word_1_220' title='bbox 1549 1689 1685 1728; x_wconf 85' lang='lat' dir='ltr'>utilis-</span> 
     </span>
     <span class='ocr_line' id='line_1_25' title="bbox 129 1756 1686 1808; baseline 0 -14"><span class='ocrx_word' id='word_1_221' title='bbox 129 1757 234 1795; x_wconf 86' lang='lat' dir='ltr'>simis</span> <span class='ocrx_word' id='word_1_222' title='bbox 255 1764 294 1795; x_wconf 83' lang='lat' dir='ltr'>ct</span> <span class='ocrx_word' id='word_1_223' title='bbox 314 1758 355 1795; x_wconf 91' lang='lat' dir='ltr'>in</span> <span class='ocrx_word' id='word_1_224' title='bbox 380 1757 619 1795; x_wconf 86' lang='lat' dir='ltr'>suavissimis</span> <span class='ocrx_word' id='word_1_225' title='bbox 642 1756 874 1807; x_wconf 87' lang='lat' dir='ltr'>philosophi</span> <span class='ocrx_word' id='word_1_226' title='bbox 896 1756 1024 1794; x_wconf 90' lang='lat' dir='ltr'>nostri</span> <span class='ocrx_word' id='word_1_227' title='bbox 1047 1756 1205 1807; x_wconf 89' lang='lat' dir='ltr'>scriptis</span> <span class='ocrx_word' id='word_1_228' title='bbox 1230 1757 1318 1795; x_wconf 90' lang='lat' dir='ltr'>iure</span> <span class='ocrx_word' id='word_1_229' title='bbox 1347 1758 1496 1795; x_wconf 88' lang='lat' dir='ltr'>censeri</span> <span class='ocrx_word' id='word_1_230' title='bbox 1526 1763 1686 1808; x_wconf 85' lang='lat' dir='ltr'>queant.</span> 
     </span>
     <span class='ocr_line' id='line_1_26' title="bbox 129 1823 1684 1874; baseline 0.001 -13"><span class='ocrx_word' id='word_1_231' title='bbox 129 1825 275 1874; x_wconf 85' lang='lat' dir='ltr'>Atque,</span> <span class='ocrx_word' id='word_1_232' title='bbox 309 1825 367 1862; x_wconf 90' lang='lat' dir='ltr'>uti</span> <span class='ocrx_word' id='word_1_233' title='bbox 392 1825 432 1862; x_wconf 91' lang='lat' dir='ltr'>in</span> <span class='ocrx_word' id='word_1_234' title='bbox 455 1824 653 1862; x_wconf 84' lang='lat' dir='ltr'>Ciceronis</span> <span class='ocrx_word' id='word_1_235' title='bbox 675 1824 925 1862; x_wconf 86' lang='lat' dir='ltr'>orationibus</span> <span class='ocrx_word' id='word_1_236' title='bbox 949 1823 1238 1874; x_wconf 85' lang='lat' dir='ltr'>rhetoricisque</span> <span class='ocrx_word' id='word_1_237' title='bbox 1258 1825 1370 1863; x_wconf 86' lang='lat' dir='ltr'>libris</span> <span class='ocrx_word' id='word_1_238' title='bbox 1393 1839 1585 1862; x_wconf 88' lang='lat' dir='ltr'>summum</span> <span class='ocrx_word' id='word_1_239' title='bbox 1612 1839 1684 1862; x_wconf 86' lang='lat' dir='ltr'>ro-</span> 
     </span>
     <span class='ocr_line' id='line_1_27' title="bbox 131 1892 1684 1943; baseline 0.001 -16"><span class='ocrx_word' id='word_1_240' title='bbox 131 1892 234 1929; x_wconf 88' lang='lat' dir='ltr'>mani</span> <span class='ocrx_word' id='word_1_241' title='bbox 251 1892 437 1929; x_wconf 88' lang='lat' dir='ltr'>sermonis</span> <span class='ocrx_word' id='word_1_242' title='bbox 462 1892 708 1942; x_wconf 86' lang='lat' dir='ltr'>splendorem</span> <span class='ocrx_word' id='word_1_243' title='bbox 736 1898 773 1929; x_wconf 90' lang='lat' dir='ltr'>et</span> <span class='ocrx_word' id='word_1_244' title='bbox 798 1892 1047 1941; x_wconf 86' lang='lat' dir='ltr'>maiestatem,</span> <span class='ocrx_word' id='word_1_245' title='bbox 1077 1906 1339 1943; x_wconf 83' lang='lat' dir='ltr'>summamque</span> <span class='ocrx_word' id='word_1_246' title='bbox 1365 1906 1410 1930; x_wconf 90' lang='lat' dir='ltr'>ac</span> <span class='ocrx_word' id='word_1_247' title='bbox 1430 1892 1684 1931; x_wconf 70' lang='lat' dir='ltr'>viximitan-</span> 
     </span>
     <span class='ocr_line' id='line_1_28' title="bbox 130 1959 1686 2012; baseline 0.001 -16"><span class='ocrx_word' id='word_1_248' title='bbox 130 1959 218 1996; x_wconf 84' lang='lat' dir='ltr'>dam</span> <span class='ocrx_word' id='word_1_249' title='bbox 240 1966 361 1996; x_wconf 87' lang='lat' dir='ltr'>artem</span> <span class='ocrx_word' id='word_1_250' title='bbox 383 1959 633 2006; x_wconf 82' lang='lat' dir='ltr'>admiramur,</span> <span class='ocrx_word' id='word_1_251' title='bbox 664 1959 720 1996; x_wconf 81' lang='lat' dir='ltr'>ita</span> <span class='ocrx_word' id='word_1_252' title='bbox 741 1959 812 1996; x_wconf 90' lang='lat' dir='ltr'>hae</span> <span class='ocrx_word' id='word_1_253' title='bbox 838 1960 884 1997; x_wconf 87' lang='lat' dir='ltr'>de</span> <span class='ocrx_word' id='word_1_254' title='bbox 906 1959 1161 2011; x_wconf 88' lang='lat' dir='ltr'>philosophia</span> <span class='ocrx_word' id='word_1_255' title='bbox 1184 1960 1467 2012; x_wconf 87' lang='lat' dir='ltr'>disputationes</span> <span class='ocrx_word' id='word_1_256' title='bbox 1491 1960 1686 2011; x_wconf 84' lang='lat' dir='ltr'>egregium</span> 
     </span>
     <span class='ocr_line' id='line_1_29' title="bbox 130 2026 1683 2079; baseline 0.001 -15"><span class='ocrx_word' id='word_1_257' title='bbox 130 2027 275 2078; x_wconf 81' lang='lat' dir='ltr'>dialogi</span> <span class='ocrx_word' id='word_1_258' title='bbox 293 2028 441 2064; x_wconf 79' lang='lat' dir='ltr'>formae</span> <span class='ocrx_word' id='word_1_259' title='bbox 465 2026 656 2077; x_wconf 85' lang='lat' dir='ltr'>specimen</span> <span class='ocrx_word' id='word_1_260' title='bbox 681 2026 882 2075; x_wconf 83' lang='lat' dir='ltr'>exhibent,</span> <span class='ocrx_word' id='word_1_261' title='bbox 913 2027 955 2063; x_wconf 89' lang='lat' dir='ltr'>in</span> <span class='ocrx_word' id='word_1_262' title='bbox 978 2041 1056 2077; x_wconf 85' lang='lat' dir='ltr'>qua</span> <span class='ocrx_word' id='word_1_263' title='bbox 1079 2027 1228 2077; x_wconf 85' lang='lat' dir='ltr'>oratio,</span> <span class='ocrx_word' id='word_1_264' title='bbox 1258 2029 1354 2066; x_wconf 82' lang='lat' dir='ltr'>artis</span> <span class='ocrx_word' id='word_1_265' title='bbox 1376 2028 1522 2079; x_wconf 85' lang='lat' dir='ltr'>regulis</span> <span class='ocrx_word' id='word_1_266' title='bbox 1551 2027 1683 2065; x_wconf 85' lang='lat' dir='ltr'>minus</span> 
     </span>
     <span class='ocr_line' id='line_1_30' title="bbox 130 2094 1688 2147; baseline 0.001 -15"><span class='ocrx_word' id='word_1_267' title='bbox 130 2095 330 2143; x_wconf 83' lang='lat' dir='ltr'>adstricta,</span> <span class='ocrx_word' id='word_1_268' title='bbox 359 2094 522 2132; x_wconf 85' lang='lat' dir='ltr'>liberius</span> <span class='ocrx_word' id='word_1_269' title='bbox 542 2097 729 2144; x_wconf 74' lang='lat' dir='ltr'>evagatur</span> <span class='ocrx_word' id='word_1_270' title='bbox 753 2100 790 2130; x_wconf 90' lang='lat' dir='ltr'>et</span> <span class='ocrx_word' id='word_1_271' title='bbox 810 2100 959 2144; x_wconf 80' lang='lat' dir='ltr'>gratam</span> <span class='ocrx_word' id='word_1_272' title='bbox 984 2095 1181 2144; x_wconf 87' lang='lat' dir='ltr'>quandam</span> <span class='ocrx_word' id='word_1_273' title='bbox 1202 2096 1475 2147; x_wconf 81' lang='lat' dir='ltr'>negligentiam</span> <span class='ocrx_word' id='word_1_274' title='bbox 1493 2095 1688 2146; x_wconf 82' lang='lat' dir='ltr'>sequitur.</span> 
     </span>
    </p>

    <p class='ocr_par' dir='ltr' id='par_1_5' title="bbox 130 2160 1689 2753">
     <span class='ocr_line' id='line_1_31' title="bbox 241 2160 1686 2214; baseline 0.001 -15"><span class='ocrx_word' id='word_1_275' title='bbox 241 2164 283 2199; x_wconf 84' lang='lat' dir='ltr'>ln</span> <span class='ocrx_word' id='word_1_276' title='bbox 308 2162 487 2199; x_wconf 88' lang='lat' dir='ltr'>omnibus</span> <span class='ocrx_word' id='word_1_277' title='bbox 505 2161 705 2198; x_wconf 88' lang='lat' dir='ltr'>Ciceronis</span> <span class='ocrx_word' id='word_1_278' title='bbox 728 2160 775 2197; x_wconf 88' lang='lat' dir='ltr'>de</span> <span class='ocrx_word' id='word_1_279' title='bbox 794 2160 1048 2212; x_wconf 86' lang='lat' dir='ltr'>philosophia</span> <span class='ocrx_word' id='word_1_280' title='bbox 1072 2162 1228 2212; x_wconf 86' lang='lat' dir='ltr'>scriptis</span> <span class='ocrx_word' id='word_1_281' title='bbox 1250 2164 1333 2201; x_wconf 89' lang='lat' dir='ltr'>eius</span> <span class='ocrx_word' id='word_1_282' title='bbox 1353 2164 1564 2214; x_wconf 86' lang='lat' dir='ltr'>ingenium,</span> <span class='ocrx_word' id='word_1_283' title='bbox 1586 2176 1686 2214; x_wconf 88' lang='lat' dir='ltr'>poe-</span> 
     </span>
     <span class='ocr_line' id='line_1_32' title="bbox 130 2227 1688 2281; baseline -0.001 -13"><span class='ocrx_word' id='word_1_284' title='bbox 130 2230 181 2268; x_wconf 86' lang='lat' dir='ltr'>sis</span> <span class='ocrx_word' id='word_1_285' title='bbox 204 2230 413 2268; x_wconf 81' lang='lat' dir='ltr'>veneribus</span> <span class='ocrx_word' id='word_1_286' title='bbox 437 2228 688 2278; x_wconf 84' lang='lat' dir='ltr'>omniumque</span> <span class='ocrx_word' id='word_1_287' title='bbox 710 2227 981 2265; x_wconf 81' lang='lat' dir='ltr'>doctrinarum</span> <span class='ocrx_word' id='word_1_288' title='bbox 1007 2228 1199 2266; x_wconf 82' lang='lat' dir='ltr'>varietate</span> <span class='ocrx_word' id='word_1_289' title='bbox 1227 2236 1264 2266; x_wconf 93' lang='lat' dir='ltr'>et</span> <span class='ocrx_word' id='word_1_290' title='bbox 1288 2231 1401 2281; x_wconf 87' lang='lat' dir='ltr'>copia</span> <span class='ocrx_word' id='word_1_291' title='bbox 1427 2230 1626 2267; x_wconf 83' lang='lat' dir='ltr'>excultum</span> <span class='ocrx_word' id='word_1_292' title='bbox 1649 2236 1688 2267; x_wconf 80' lang='lat' dir='ltr'>et</span> 
     </span>
     <span class='ocr_line' id='line_1_33' title="bbox 131 2295 1687 2349; baseline 0.001 -16"><span class='ocrx_word' id='word_1_293' title='bbox 131 2297 406 2349; x_wconf 84' lang='lat' dir='ltr'>philosophiae</span> <span class='ocrx_word' id='word_1_294' title='bbox 437 2296 656 2334; x_wconf 88' lang='lat' dir='ltr'>subtilitate</span> <span class='ocrx_word' id='word_1_295' title='bbox 683 2296 906 2343; x_wconf 78' lang='lat' dir='ltr'>subactum,</span> <span class='ocrx_word' id='word_1_296' title='bbox 943 2295 1105 2345; x_wconf 82' lang='lat' dir='ltr'>eiusque</span> <span class='ocrx_word' id='word_1_297' title='bbox 1130 2297 1310 2334; x_wconf 87' lang='lat' dir='ltr'>ubertate</span> <span class='ocrx_word' id='word_1_298' title='bbox 1341 2297 1538 2334; x_wconf 84' lang='lat' dir='ltr'>nutritum</span> <span class='ocrx_word' id='word_1_299' title='bbox 1566 2310 1687 2348; x_wconf 86' lang='lat' dir='ltr'>prae-</span> 
     </span>
     <span class='ocr_line' id='line_1_34' title="bbox 131 2362 1689 2415; baseline -0.001 -13"><span class='ocrx_word' id='word_1_300' title='bbox 131 2366 235 2403; x_wconf 85' lang='lat' dir='ltr'>clare</span> <span class='ocrx_word' id='word_1_301' title='bbox 267 2364 456 2402; x_wconf 80' lang='lat' dir='ltr'>enitescit.</span> <span class='ocrx_word' id='word_1_302' title='bbox 514 2363 667 2401; x_wconf 88' lang='lat' dir='ltr'>Etenim</span> <span class='ocrx_word' id='word_1_303' title='bbox 696 2363 739 2400; x_wconf 89' lang='lat' dir='ltr'>in</span> <span class='ocrx_word' id='word_1_304' title='bbox 767 2362 1052 2413; x_wconf 81' lang='lat' dir='ltr'>coniungendis</span> <span class='ocrx_word' id='word_1_305' title='bbox 1082 2364 1211 2401; x_wconf 88' lang='lat' dir='ltr'>sobrie</span> <span class='ocrx_word' id='word_1_306' title='bbox 1240 2364 1517 2415; x_wconf 87' lang='lat' dir='ltr'>moderateque</span> <span class='ocrx_word' id='word_1_307' title='bbox 1546 2363 1689 2402; x_wconf 87' lang='lat' dir='ltr'>orandi</span> 
     </span>
     <span class='ocr_line' id='line_1_35' title="bbox 130 2430 1689 2484; baseline 0.001 -16"><span class='ocrx_word' id='word_1_308' title='bbox 130 2433 347 2484; x_wconf 87' lang='lat' dir='ltr'>praeceptis</span> <span class='ocrx_word' id='word_1_309' title='bbox 382 2445 469 2470; x_wconf 89' lang='lat' dir='ltr'>cum</span> <span class='ocrx_word' id='word_1_310' title='bbox 502 2430 779 2482; x_wconf 86' lang='lat' dir='ltr'>philosophiae</span> <span class='ocrx_word' id='word_1_311' title='bbox 809 2430 1002 2481; x_wconf 80' lang='lat' dir='ltr'>gravitate</span> <span class='ocrx_word' id='word_1_312' title='bbox 1035 2436 1151 2481; x_wconf 85' lang='lat' dir='ltr'>atque</span> <span class='ocrx_word' id='word_1_313' title='bbox 1185 2431 1392 2470; x_wconf 82' lang='lat' dir='ltr'>severitate</span> <span class='ocrx_word' id='word_1_314' title='bbox 1420 2432 1689 2471; x_wconf 88' lang='lat' dir='ltr'>admirabilem</span> 
     </span>
     <span class='ocr_line' id='line_1_36' title="bbox 131 2497 1686 2551; baseline 0.001 -15"><span class='ocrx_word' id='word_1_315' title='bbox 131 2501 326 2549; x_wconf 87' lang='lat' dir='ltr'>quandam</span> <span class='ocrx_word' id='word_1_316' title='bbox 348 2506 470 2538; x_wconf 88' lang='lat' dir='ltr'>artem</span> <span class='ocrx_word' id='word_1_317' title='bbox 491 2498 693 2551; x_wconf 84' lang='lat' dir='ltr'>probavit.</span> <span class='ocrx_word' id='word_1_318' title='bbox 750 2498 857 2535; x_wconf 86' lang='lat' dir='ltr'>Inter</span> <span class='ocrx_word' id='word_1_319' title='bbox 886 2497 1085 2547; x_wconf 87' lang='lat' dir='ltr'>publicam</span> <span class='ocrx_word' id='word_1_320' title='bbox 1115 2499 1216 2535; x_wconf 86' lang='lat' dir='ltr'>enim</span> <span class='ocrx_word' id='word_1_321' title='bbox 1242 2499 1501 2549; x_wconf 88' lang='lat' dir='ltr'>eloquentiam</span> <span class='ocrx_word' id='word_1_322' title='bbox 1523 2506 1560 2538; x_wconf 88' lang='lat' dir='ltr'>et</span> <span class='ocrx_word' id='word_1_323' title='bbox 1586 2514 1686 2538; x_wconf 87' lang='lat' dir='ltr'>con-</span> 
     </span>
     <span class='ocr_line' id='line_1_37' title="bbox 134 2565 1688 2619; baseline 0.001 -15"><span class='ocrx_word' id='word_1_324' title='bbox 134 2567 272 2604; x_wconf 88' lang='lat' dir='ltr'>tritum</span> <span class='ocrx_word' id='word_1_325' title='bbox 306 2568 606 2619; x_wconf 87' lang='lat' dir='ltr'>vulgaremque,</span> <span class='ocrx_word' id='word_1_326' title='bbox 644 2572 762 2616; x_wconf 87' lang='lat' dir='ltr'>atque</span> <span class='ocrx_word' id='word_1_327' title='bbox 794 2565 979 2602; x_wconf 86' lang='lat' dir='ltr'>tetricum</span> <span class='ocrx_word' id='word_1_328' title='bbox 1014 2579 1059 2602; x_wconf 90' lang='lat' dir='ltr'>ac</span> <span class='ocrx_word' id='word_1_329' title='bbox 1088 2565 1283 2603; x_wconf 81' lang='lat' dir='ltr'>difficilem</span> <span class='ocrx_word' id='word_1_330' title='bbox 1319 2580 1535 2605; x_wconf 89' lang='lat' dir='ltr'>sermonem</span> <span class='ocrx_word' id='word_1_331' title='bbox 1565 2580 1688 2618; x_wconf 89' lang='lat' dir='ltr'>quum</span> 
     </span>
     <span class='ocr_line' id='line_1_38' title="bbox 133 2632 1688 2686; baseline 0.003 -18"><span class='ocrx_word' id='word_1_332' title='bbox 133 2645 283 2684; x_wconf 81' lang='lat' dir='ltr'>semper</span> <span class='ocrx_word' id='word_1_333' title='bbox 303 2636 471 2673; x_wconf 87' lang='lat' dir='ltr'>medium</span> <span class='ocrx_word' id='word_1_334' title='bbox 497 2641 630 2672; x_wconf 89' lang='lat' dir='ltr'>tenere</span> <span class='ocrx_word' id='word_1_335' title='bbox 651 2633 873 2681; x_wconf 85' lang='lat' dir='ltr'>studuerit,</span> <span class='ocrx_word' id='word_1_336' title='bbox 904 2632 1104 2683; x_wconf 86' lang='lat' dir='ltr'>aequabile</span> <span class='ocrx_word' id='word_1_337' title='bbox 1135 2634 1331 2683; x_wconf 84' lang='lat' dir='ltr'>quoddam</span> <span class='ocrx_word' id='word_1_338' title='bbox 1362 2641 1400 2672; x_wconf 86' lang='lat' dir='ltr'>et</span> <span class='ocrx_word' id='word_1_339' title='bbox 1428 2640 1688 2686; x_wconf 86' lang='lat' dir='ltr'>temperatum</span> 
     </span>
     <span class='ocr_line' id='line_1_39' title="bbox 134 2699 1687 2753; baseline 0.001 -17"><span class='ocrx_word' id='word_1_340' title='bbox 134 2699 385 2751; x_wconf 84' lang='lat' dir='ltr'>quietumque</span> <span class='ocrx_word' id='word_1_341' title='bbox 415 2702 566 2740; x_wconf 83' lang='lat' dir='ltr'>exstitit</span> <span class='ocrx_word' id='word_1_342' title='bbox 593 2700 783 2739; x_wconf 87' lang='lat' dir='ltr'>orationis</span> <span class='ocrx_word' id='word_1_343' title='bbox 813 2713 948 2752; x_wconf 61' lang='lat' dir='ltr'>genu&amp;</span> <span class='ocrx_word' id='word_1_344' title='bbox 1009 2701 1170 2749; x_wconf 88' lang='lat' dir='ltr'>Verum,</span> <span class='ocrx_word' id='word_1_345' title='bbox 1201 2701 1269 2738; x_wconf 88' lang='lat' dir='ltr'>etsi</span> <span class='ocrx_word' id='word_1_346' title='bbox 1299 2701 1506 2739; x_wconf 81' lang='lat' dir='ltr'>maximam</span> <span class='ocrx_word' id='word_1_347' title='bbox 1533 2707 1687 2753; x_wconf 79' lang='lat' dir='ltr'>partem</span> 
     </span>
    </p>
   </div>
   <div class='ocr_carea' id='block_1_5' title="bbox 131 2830 1686 2964">
    <p class='ocr_par' dir='ltr' id='par_1_6' title="bbox 131 2830 1686 2964">
     <span class='ocr_line' id='line_1_40' title="bbox 224 2830 1686 2878; baseline 0.003 -17"><span class='ocrx_word' id='word_1_348' title='bbox 224 2830 255 2872; x_wconf 84' lang='lat'>1)</span> <span class='ocrx_word' id='word_1_349' title='bbox 284 2831 397 2863; x_wconf 64' lang='lat' dir='ltr'>(tiemo</span> <span class='ocrx_word' id='word_1_350' title='bbox 414 2833 454 2864; x_wconf 70' lang='lat' dir='ltr'>(h</span> <span class='ocrx_word' id='word_1_351' title='bbox 469 2833 686 2873; x_wconf 72' lang='lat' dir='ltr'>offic.11.10,</span> <span class='ocrx_word' id='word_1_352' title='bbox 710 2832 763 2866; x_wconf 80' lang='lat'>35.</span> <span class='ocrx_word' id='word_1_353' title='bbox 810 2831 846 2875; x_wconf 77' lang='lat'>2)</span> <span class='ocrx_word' id='word_1_354' title='bbox 872 2835 908 2865; x_wconf 85' lang='lat' dir='ltr'>F.</span> <span class='ocrx_word' id='word_1_355' title='bbox 922 2835 957 2865; x_wconf 82' lang='lat' dir='ltr'>A.</span> <span class='ocrx_word' id='word_1_356' title='bbox 972 2835 1002 2864; x_wconf 68' lang='grc' dir='ltr'>Π</span> <span class='ocrx_word' id='word_1_357' title='bbox 1000 2832 1142 2874; x_wconf 77' lang='lat' dir='ltr'>olftusin</span> <span class='ocrx_word' id='word_1_358' title='bbox 1154 2833 1263 2865; x_wconf 82' lang='lat' dir='ltr'>Praef.</span> <span class='ocrx_word' id='word_1_359' title='bbox 1276 2833 1354 2866; x_wconf 85' lang='lat' dir='ltr'>edit.</span> <span class='ocrx_word' id='word_1_360' title='bbox 1368 2845 1445 2866; x_wconf 72' lang='lat' dir='ltr'>sule</span> <span class='ocrx_word' id='word_1_361' title='bbox 1466 2845 1499 2878; x_wconf 93' lang='lat' dir='ltr'>p.</span> <span class='ocrx_word' id='word_1_362' title='bbox 1514 2834 1569 2866; x_wconf 88' lang='lat' dir='ltr'>IV.</span> <span class='ocrx_word' id='word_1_363' title='bbox 1598 2835 1686 2867; x_wconf 84' lang='lat' dir='ltr'>Tus-</span> 
     </span>
     <span class='ocr_line' id='line_1_41' title="bbox 133 2875 1684 2923; baseline 0.003 -18"><span class='ocrx_word' id='word_1_364' title='bbox 133 2875 194 2906; x_wconf 80' lang='lat' dir='ltr'>‹:·ul</span> <span class='ocrx_word' id='word_1_365' title='bbox 196 2887 236 2906; x_wconf 82' lang='lat' dir='ltr'>m</span> <span class='ocrx_word' id='word_1_366' title='bbox 239 2888 263 2905; x_wconf 69' lang='lat' dir='ltr'>us</span> <span class='ocrx_word' id='word_1_367' title='bbox 287 2877 377 2908; x_wconf 84' lang='lat' dir='ltr'>nnius</span> <span class='ocrx_word' id='word_1_368' title='bbox 391 2878 443 2909; x_wconf 86' lang='lat' dir='ltr'>vel</span> <span class='ocrx_word' id='word_1_369' title='bbox 464 2879 602 2910; x_wconf 79' lang='lat' dir='ltr'>duoium</span> <span class='ocrx_word' id='word_1_370' title='bbox 624 2877 783 2910; x_wconf 88' lang='lat' dir='ltr'>mensium</span> <span class='ocrx_word' id='word_1_371' title='bbox 804 2878 910 2909; x_wconf 84' lang='lat' dir='ltr'>fetum</span> <span class='ocrx_word' id='word_1_372' title='bbox 932 2889 1002 2910; x_wconf 86' lang='lat' dir='ltr'>esse</span> <span class='ocrx_word' id='word_1_373' title='bbox 1021 2884 1117 2921; x_wconf 84' lang='lat' dir='ltr'>putat</span> <span class='ocrx_word' id='word_1_374' title='bbox 1176 2882 1282 2922; x_wconf 81' lang='lat' dir='ltr'>Atque</span> <span class='ocrx_word' id='word_1_375' title='bbox 1307 2891 1347 2910; x_wconf 79' lang='lat' dir='ltr'>ex</span> <span class='ocrx_word' id='word_1_376' title='bbox 1368 2879 1463 2912; x_wconf 84' lang='lat' dir='ltr'>hac&#39;</span> <span class='ocrx_word' id='word_1_377' title='bbox 1454 2891 1524 2923; x_wconf 81' lang='lat' dir='ltr'>lpsa</span> <span class='ocrx_word' id='word_1_378' title='bbox 1546 2878 1684 2911; x_wconf 84' lang='lat' dir='ltr'>festina-</span> 
     </span>
     <span class='ocr_line' id='line_1_42' title="bbox 131 2919 1686 2964; baseline 0.003 -13"><span class='ocrx_word' id='word_1_379' title='bbox 131 2919 223 2952; x_wconf 78' lang='lat' dir='ltr'>tione</span> <span class='ocrx_word' id='word_1_380' title='bbox 252 2922 373 2952; x_wconf 62' lang='lat' dir='ltr'>fiturum</span> <span class='ocrx_word' id='word_1_381' title='bbox 398 2929 469 2964; x_wconf 78' lang='lat' dir='ltr'>est,</span> <span class='ocrx_word' id='word_1_382' title='bbox 507 2929 543 2954; x_wconf 83' lang='lat' dir='ltr'>ut</span> <span class='ocrx_word' id='word_1_383' title='bbox 563 2923 598 2955; x_wconf 84' lang='lat' dir='ltr'>hi</span> <span class='ocrx_word' id='word_1_384' title='bbox 619 2923 693 2956; x_wconf 78' lang='lat' dir='ltr'>libri</span> <span class='ocrx_word' id='word_1_385' title='bbox 714 2922 828 2956; x_wconf 79' lang='lat' dir='ltr'>referti</span> <span class='ocrx_word' id='word_1_386' title='bbox 850 2923 917 2955; x_wconf 84' lang='lat' dir='ltr'>sint</span> <span class='ocrx_word' id='word_1_387' title='bbox 936 2920 1170 2962; x_wconf 67' lang='grc' dir='ltr'>ἀνακολούζτοις</span> <span class='ocrx_word' id='word_1_388' title='bbox 1192 2924 1369 2957; x_wconf 70' lang='lat' dir='ltr'>verborum</span> <span class='ocrx_word' id='word_1_389' title='bbox 1391 2924 1686 2958; x_wconf 84' lang='lat' dir='ltr'>consecutionibus.</span> 
     </span>
    </p>
   </div>
  </div>
 </body>
</html>
