1859 3133
1601 70 1682 113 103

88 159 355 212 concedatur,
395 158 510 202 bonis
538 157 659 200 rebus
690 157 871 200 homines
895 166 1023 201 morte
1055 158 1227 216 privari3
1270 172 1368 214 ergo
1400 157 1517 199 etiam
1540 173 1679 201 carere

87 243 267 278 mortuos
296 235 401 278 vitae
427 232 641 275 commodis
656 263 668 284 ‚
714 232 831 287 idque
857 247 947 275 esse
969 234 1186 276 miserum?
1239 231 1361 276 Certe
1383 233 1435 274 ita
1458 233 1588 274 dicant
1609 247 1679 275 ne-

87 324 203 352 cesse
225 316 300 352 est.
344 309 411 350 An
433 314 564 365 potest
581 309 631 359 is,
656 307 720 362 qui
744 321 822 348 non
847 315 924 359 est,
949 322 993 350 re
1016 309 1092 350 ulla
1113 309 1306 351 carere?
1335 307 1471 350 Triste
1489 308 1591 349 euim
1617 315 1677 349 est

688 77 858 112 Lmen
883 79 907 111 1.
933 75 999 121 36,
1024 76 1082 112 88.

84 398 230 427 nomeu
258 384 384 440 ipsum
416 381 628 434 carendi,
659 381 749 437 quia
770 381 978 424 subiicitur
1007 383 1104 425 haec
1128 385 1212 426 vis:
1247 384 1396 436 habuit,
1429 398 1509 425 non
1530 382 1671 435 liabet3

789 455 918 508 Haec,
953 458 1118 513 opinor,
1150 460 1398 501 incommoda
1423 466 1516 501 sunt
1537 473 1675 501 caren-

1313 533 1434 576 Valet
1455 534 1528 576 hoc
1551 534 1591 575 in
1617 534 1676 575 vi-

82 609 172 661 vis3
203 614 447 650 mortuorum
469 614 599 647 autem
627 621 706 647 non
731 606 846 648 modo
868 594 972 648 vitae
994 609 1226 660 commodis,
1260 610 1329 650 sed
1350 623 1399 650 ne
1421 609 1502 650 vita
1520 609 1675 664 quidem

81 685 167 741 ipsa
206 683 410 739 quisquam
445 688 568 723 earet.
1555 681 1669 734 Nos,

46 758 148 815 ‚qui
176 770 336 808 sumus,
382 771 499 808 num,
545 763 612 797 aut
650 757 684 797 si
727 756 913 798 cornibus
956 771 1162 810 caremus,
1213 763 1282 798 aut
1311 758 1476 813 pennis,
1517 759 1569 799 sit
1607 759 1671 814 qui

48 845 50 847 ’
81 834 121 876 id
154 832 329 874 dixerit?
382 828 504 873 Certe
532 844 665 872 nemo.
729 830 834 886 Quid
863 832 948 872 ita?
1002 830 1129 886 Quia,
1174 847 1290 887 quum
1324 832 1364 872 id
1397 847 1475 873 non
1506 832 1669 884 habeas,

81 908 183 964 quod
203 906 274 948 tibi
296 919 369 948 nec
392 921 466 948 usu
482 938 493 959 ‚
528 920 601 948 nec
624 912 765 946 natura
788 905 842 946 sit
865 913 994 962 aptum
1010 938 1021 958 ,
1067 922 1146 949 non
1172 921 1334 959 careas,
1378 907 1495 948 etiam
1521 906 1555 947 si
1581 921 1671 948 sen-

560 986 630 1022 88.
665 979 753 1021 Hoc
776 982 1029 1036 premendum
1053 982 1170 1023 etiam
1193 989 1310 1037 atque
1333 982 1451 1023 etiam
1473 988 1533 1023 est
1554 995 1673 1037 argu-

83 459 307 510 desiderat,
339 457 531 514 requirit,
564 456 727 512 indiget.

84 535 160 576 tis:
194 540 304 575 earet
328 533 468 584 oculis,
502 532 637 573 odiosa
661 531 860 582 eaecita83
893 532 1051 584 liberis,
1086 534 1250 575 orbitas.

630 679 694 723 De
735 682 901 722 mortuis
941 682 1108 737 loquor,
1144 683 1207 739 qui
1249 684 1345 724 nulli
1387 691 1493 724 sunt.

80 982 155 1024 tias
176 989 213 1023 te
233 995 312 1022 non
334 981 497 1022 habere.

79 1063 277 1113 mentum,
326 1056 555 1098 confirmato
576 1054 667 1105 illo,
717 1054 764 1095 de
788 1069 863 1109 quo
879 1088 889 1107 ,
935 1056 969 1097 si
992 1057 1179 1098 mortales
1199 1057 1318 1098 animi
1341 1064 1456 1108 sunt,
1491 1056 1670 1097 dubitare

81 1146 161 1174 non
186 1144 396 1187 possumus
413 1162 424 1183 ‚
457 1129 549 1185 quin
575 1136 707 1171 tantus
733 1129 916 1171 interitus
939 1130 979 1171 in
1001 1138 1128 1172 morte
1151 1131 1228 1183 sit,
1263 1138 1306 1172 ut
1329 1145 1379 1172 ne
1402 1131 1564 1172 minima
1588 1132 1672 1186 qui-

78 1222 157 1258 281.
192 1228 228 1255 et
262 1221 351 1255 alibi.
415 1220 466 1253 Ob
498 1219 644 1252 litteram
681 1231 696 1252 c
720 1220 856 1252 verbum

78 1271 245 1302 exanclare
279 1267 354 1300 duci
382 1266 469 1299 solet
498 1266 540 1298 ab
563 1268 764 1306 ancillando,
800 1277 858 1297 an-

78 1316 168 1355 culo,
199 1316 317 1346 anciila
342 1312 511 1355 (ancilla)‚·
545 1311 604 1343 sed
633 1312 716 1344 llaec
745 1324 856 1344 caussa

77 1359 184 1394 inanis
219 1366 278 1394 est.
338 1357 538 1391 Coniunctio
569 1358 755 1390 litterarum
790 1360 856 1390 anll

76 1417 176 1452 quum
203 1406 429 1438 Romanorum
466 1404 516 1436 ori
546 1403 719 1436 molestior
757 1410 854 1443 esset,

74 1458 203 1485 mutata
227 1458 278 1484 est
297 1451 330 1483 in
351 1453 443 1489 ancl,
471 1450 514 1482 cf.
535 1452 687 1490 periclum
702 1475 710 1490 ‚
732 1453 854 1491 perieu-

75 1501 154 1539 lum,
177 1499 397 1539 subligaclum,
419 1498 652 1537 subliyaculum
673 1507 735 1539 pro
759 1495 852 1539 pei-i-

76 1544 160 1576 tlum
172 1569 180 1583 ‚
205 1542 427 1585 subligatlum⁴

142 1589 220 1622 Cn.
235 1589 399 1620 XXXVI.
426 1589 559 1628 proinde
572 1588 678 1629 quusi]
702 1587 765 1619 Alii
779 1597 852 1628 per-

72 1637 147 1669 inde
163 1637 265 1676 quasi.
299 1633 414 1666 Ubivis
434 1634 505 1665 fere
523 1633 704 1677 particulae
721 1635 852 1674 perinde

75 1688 110 1715 et
129 1682 261 1723 proinde
284 1678 535 1712 confunduntur
561 1679 596 1711 in
625 1679 722 1711 coild.
773 1681 851 1712 Pro-

74 1729 146 1760 inde
190 1725 325 1770 proprie
369 1725 534 1769 siguificat
578 1725 850 1757 consecutionem

72 1774 201 1813 idcirco,
223 1774 404 1814 desweyen,
427 1773 640 1811 demzusolye,
666 1778 698 1803 et
718 1770 850 1814 quidem

73 1818 108 1851 in
133 1817 444 1855 adhortationibus3
473 1816 554 1861 poni
579 1824 691 1849 tamen
718 1816 851 1848 videtur

73 1864 242 1897 interdum
266 1875 328 1908 pro
350 1865 501 1904 perinde,
529 1865 616 1895 haud
639 1866 731 1895 aliter
755 1873 792 1894 ac
814 1865 849 1894 si.

74 1912 143 1943 Iam
166 1909 336 1942 Ciceronis
358 1916 468 1941 aetate
491 1920 559 1940 non
584 1909 691 1940 solum
711 1910 851 1948 perinde,

73 1956 131 1989 sed
152 1955 252 1988 etiam
269 1956 401 1996 proinde
418 1954 661 1998 significatione
680 1956 852 1995 gleichzeie,

74 2012 109 2035 so
123 2004 193 2035 sehr
208 2004 263 2034 alst
277 2006 469 2044 usurpatum
491 2000 591 2031 fuisse
609 1999 752 2031 videtur.
785 1997 852 2028 Sed

74 2047 154 2093 quin
171 2047 343 2090 utriusque
361 2045 516 2077 vocabuli
535 2044 734 2087 significatio
754 2055 847 2075 usus-

74 2105 139 2137 que
157 2091 283 2136 aliquid
304 2091 450 2128 differat,
473 2090 618 2122 dubitari
640 2101 708 2122 non
729 2095 852 2132 potest.

75 2140 210 2172 Perinde
229 2148 362 2180 semper
377 2135 411 2167 in
433 2135 682 2179 comparatione
703 2147 765 2167 nec
785 2147 850 2166 un-

77 2195 175 2228 quam
197 2194 236 2215 ea
258 2181 291 2214 vi
312 2188 497 2225 usurpatur,
522 2188 559 2213 ut
580 2181 850 2214 consecutionem

74 2228 261 2273 (desweyen)
284 2226 465 2271 significem
495 2227 617 2260 deinde
644 2228 676 2259 in
705 2226 848 2270 simplici

62 2273 328 2318 ,comparatione
343 2284 509 2318 nunquam
521 2276 665 2314 proinde,
685 2273 744 2305 sed
758 2285 849 2304 sem—

75 2332 137 2365 per
166 2321 297 2361 perinde
327 2318 467 2358 dicitur‚
503 2325 540 2350 ut
567 2322 698 2360 perinde
730 2321 848 2352 haberi.

72 2369 137 2400 Pro
159 2366 192 2398 in
215 2365 374 2398 adverbio
398 2372 693 2409 eampotestatem
714 2366 849 2404 retinet,

73 2423 138 2456 qua
156 2411 279 2445 dicitur
302 2411 336 2443 in
358 2411 509 2454 formulis
530 2422 589 2452 pro
608 2414 770 2453 portione,
792 2421 852 2452 pro

71 2460 178 2498 virili,
209 2467 268 2499 pro
288 2461 344 2490 tua
375 2459 588 2497 humanitate,
621 2457 851 2501 significatque

73 2503 217 2548 aliquam
240 2503 288 2536 rei
317 2515 390 2535 cum
414 2502 582 2535 iudicandi
606 2503 742 2535 modulo
766 2515 846 2535 con-

71 2549 297 2587 venientiam3
319 2551 394 2582 inde
412 2556 521 2582 autem
539 2556 658 2582 nostro
676 2551 776 2582 daher
794 2560 852 2580 re-

73 2595 229 2639 spondet.
269 2595 323 2627 Cf.
340 2595 431 2628 infra
451 2596 553 2631 c.39.
578 2593 639 2628 94:
664 2597 793 2636 perinde
814 2600 851 2626 ut

77 2640 194 2685 cuique
218 2641 297 2673 data
316 2648 394 2673 suut
408 2653 470 2685 pro
490 2647 564 2673 rata
583 2648 691 2684 parte.
719 2643 777 2673 Iti.
793 2639 848 2679 26,

74 2685 138 2720 62:
162 2689 349 2728 perinde—
365 2687 470 2731 quasi.
517 2689 562 2718 At
583 2688 622 2718 V.
644 2688 687 2726 2,
712 2686 751 2720 6:
777 2697 851 2728 pro-

76 2733 149 2765 inde
177 2744 218 2765 ac
243 2732 285 2765 de
303 2732 480 2766 hominum
510 2739 560 2764 est
583 2732 652 2766 vita
674 2733 803 2765 merita.

139 2777 198 2812 87.
243 2781 329 2811 triste
349 2781 431 2813 enim
453 2778 512 2822 est]
547 2778 785 2824 Exspectamus
812 2789 852 2810 ex

80 2819 226 2864 legitima
246 2835 345 2868 quam
367 2836 466 2868 supra
487 2824 529 2856 ad
549 2836 576 2856 c.
590 2826 634 2859 27
648 2851 656 2862 ,
681 2824 737 2859 66.
761 2823 852 2855 vidi-

80 2877 151 2899 mus
161 2869 339 2901 verborum
351 2870 589 2903 collocatione:
609 2874 694 2904 triste
706 2875 749 2903 est
761 2873 853 2903 enim.

147 2923 209 2946 non
230 2917 380 2947 modo—
393 2919 449 2949 sed
473 2927 510 2949 ne
528 2935 573 2940 -—
597 2918 736 2959 quidem]
764 2917 856 2948 infra

81 2957 126 2991 V.
140 2956 196 3000 33,
215 2957 278 2992 93:
299 2960 460 3005 Epicurus
474 2961 673 3006 cupiditates
687 2962 857 3006 quasdam,

81 3001 174 3047 quod
206 3010 318 3037 essent.
340 3007 442 3050 plane
462 3007 596 3047 inanes,
620 3018 718 3049 neque
738 3020 860 3041 neces—-

891 1221 1025 1258 sitatem
1056 1224 1169 1263 modo,
1205 1224 1261 1255 sed
1293 1233 1331 1255 ne
1362 1229 1514 1255 naturam
1544 1223 1671 1263 quidem

891 1268 1118 1310 attingerent,
1154 1268 1302 1299 funditus
1326 1268 1504 1300 eiiciendas
1527 1268 1669 1310 putavit.

891 1316 1107 1346 Doederlinius
1138 1314 1324 1346 Comment.
1352 1314 1394 1345 de
1421 1313 1570 1357 brachyl.
1595 1326 1666 1345 ser-

891 1372 980 1391 mon.
996 1372 1046 1403 gr.
1070 1366 1104 1391 et
1127 1359 1182 1392 lat.
1199 1360 1334 1402 Erlung.
1351 1359 1447 1393 1531.
1469 1372 1501 1403 p.
1516 1361 1548 1393 6.
1573 1367 1668 1392 acute

891 1406 1012 1444 docet,
1051 1405 1186 1437 alterius
1215 1405 1374 1437 orationis
1399 1405 1538 1437 membri
1563 1417 1668 1448 ris-gam

889 1451 1018 1484 tionem
1051 1448 1116 1486 ἀπὸ
1142 1452 1253 1486 κοινοῦ
1286 1451 1430 1495 positam
1461 1458 1562 1495 atque
1589 1451 1667 1484 ideo

888 1498 1007 1542 prioris
1033 1498 1171 1529 membri
1195 1509 1422 1536 communem,
1466 1504 1500 1529 et
1528 1497 1571 1530 ob
1594 1509 1666 1530 eam

888 1556 1034 1576 caussam
1054 1544 1086 1576 in
1102 1544 1222 1576 talibus
1240 1543 1398 1586 exemplis
1415 1554 1546 1575 comma
1563 1543 1667 1575 omit*

887 1590 1027 1622 tendum
1054 1602 1143 1629 esse,
1170 1601 1211 1621 ne
1239 1589 1463 1621 distinctionis
1484 1590 1585 1632 signis
1616 1602 1665 1628 ea,

887 1647 971 1680 quae
996 1648 1080 1668 voce
1102 1643 1136 1668 et
1159 1642 1272 1668 mente
1295 1635 1479 1668 arctissime
1501 1635 1666 1678 copulan—

886 1690 941 1714 tur
972 1689 1005 1714 et
1042 1694 1108 1714 uno
1139 1689 1259 1714 tenore
1286 1681 1543 1721 continuantur,
1580 1680 1666 1712 scri-

885 1735 984 1772 ptura
1008 1728 1175 1760 violenter
1208 1727 1322 1759 divelli
1344 1727 1529 1759 videantur.
1577 1726 1665 1758 Hinc

885 1781 1042 1818 apparet,
1080 1785 1142 1806 non
1164 1776 1256 1805 modo
1278 1792 1323 1797 -—
1341 1775 1396 1804 sed
1417 1783 1454 1805 ne
1473 1792 1518 1796 ——
1538 1774 1665 1813 quidem

886 1832 948 1864 pro
975 1831 1037 1852 non
1062 1821 1156 1851 modo
1178 1830 1241 1851 non
1264 1837 1307 1842 —
1332 1820 1386 1849 sed
1410 1828 1447 1850 ne
1470 1838 1516 1842 —
1538 1819 1663 1859 quidem

886 1866 951 1897 dici
978 1877 1043 1896 non
1068 1876 1190 1907 posse,
1225 1863 1287 1895 nisi
1320 1863 1376 1894 ubi
1398 1863 1483 1895 duae
1505 1863 1664 1895 enuntia-

885 1912 994 1942 tiones
1041 1921 1216 1942 commune
1257 1909 1404 1941 habeant
1435 1909 1663 1953 praedicatum

885 1956 986 1999 idque
1016 1955 1049 1987 in
1072 1955 1260 1999 posteriore
1277 1954 1411 1987 demum
1435 1955 1664 1987 enuntiatione

886 2007 1039 2044 ponatur.
1092 2001 1144 2035 Cf.
1166 2002 1206 2033 ΙΙ.
1234 1997 1294 2038 14,
1329 1999 1392 2034 34:
1428 2012 1569 2045 quorum
1603 2012 1665 2034 non

883 2050 976 2080 modo
995 2057 1084 2080 nemo
1102 2049 1294 2079 exclamavit
1312 2058 1468 2090 unquam,
1485 2050 1540 2080 sed
1560 2058 1598 2080 ne
1616 2050 1664 2079 in—

883 2096 999 2135 gemuit
1012 2094 1150 2134 quidem.
1185 2093 1224 2124 V.
1240 2104 1300 2124 nos
1314 2093 1349 2124 in
1365 2094 1422 2124 Gr.
1436 2094 1475 2124 L.
1492 2096 1520 2137 ᾗ.
1538 2094 1614 2133 135,
1631 2093 1662 2127 'a'-

885 2152 917 2183 p.
933 2139 996 2173 341
1013 2150 1061 2182 sq.
1086 2138 1139 2171 ed.
1153 2139 1186 2172 2.
1220 2138 1284 2170 Alii
1309 2139 1406 2170 aliter
1421 2139 1463 2170 de
1486 2139 1550 2171 hac
1570 2145 1661 2171 stru-

884 2193 976 2218 ctura
993 2184 1151 2216 sentiunt.
1189 2185 1237 2216 De
1253 2195 1315 2218 non
1330 2187 1424 2217 modo
1437 2204 1480 2209 -
1492 2187 1558 2225 sed,
1579 2196 1662 2229 quae

883 2243 945 2276 pro
964 2242 1027 2263 non
1047 2233 1141 2264 modo
1160 2241 1223 2264 non
1244 2250 1289 2256 --
1309 2233 1365 2263 sed
1385 2231 1476 2264 dicta
1494 2231 1662 2270 videntur,

883 2290 915 2310 v.
932 2277 986 2309 ad.
1003 2279 1045 2308 Il.
1060 2278 1101 2318 ὃ,
1129 2274 1180 2309 14.

955 2327 1010 2355 aut
1039 2325 1066 2355 si
1092 2325 1238 2355 cornibus
1258 2333 1424 2364 caremus,
1452 2326 1509 2355 aut
1530 2324 1656 2364 pennis]

885 2370 969 2401 Pro:
996 2371 1023 2401 si
1044 2373 1099 2400 aut
1120 2378 1145 2400 c.
1163 2379 1189 2401 c.
1203 2393 1212 2408 ‚
1236 2380 1310 2410 a.p.
1359 2369 1414 2401 Sic
1434 2368 1527 2401 Lael.
1549 2369 1660 2406 XVII,

885 2412 947 2448 64:
988 2418 1044 2446 aut
1073 2417 1100 2446 si
1123 2414 1157 2446 in
1187 2414 1285 2446 bonis
1307 2415 1405 2448 rebus
1430 2419 1657 2452 contemnunt,

885 2467 941 2492 aut
965 2460 999 2492 in
1022 2459 1117 2492 malis
1138 2460 1306 2493 deserunt.

953 2506 1008 2540 8³.
1054 2508 1120 2538 Hoc
1139 2509 1348 2547 premendum
1365 2525 1409 2531 —
1425 2506 1660 2547 argumentum]

886 2552 964 2584 Scil.
987 2563 1049 2584 nos
1072 2563 1113 2584 eo
1135 2563 1204 2584 non
1222 2564 1350 2593 carere,
1377 2551 1467 2596 quod
1484 2550 1581 2582 nobis
1601 2562 1662 2582 nee

885 2610 956 2638 usu,
980 2609 1043 2630 nec
1063 2604 1181 2630 natura
1203 2598 1247 2630 sit
1264 2605 1399 2642 aptum,
1424 2596 1478 2629 vel
1498 2602 1661 2635 mortuos,

886 2644 962 2688 quia
995 2643 1079 2675 nulli
1107 2650 1209 2682 sunt,
1245 2645 1356 2688 aliqua
1386 2655 1421 2675 re
1448 2653 1560 2674 carere
1590 2653 1659 2673 non

885 2701 997 2733 posse.
1059 2689 1247 2722 Locutione
1278 2692 1498 2731 argumentum
1522 2697 1662 2727 premere

885 2735 965 2768 alibi
999 2735 1117 2768 Cicero
1151 2747 1218 2768 non
1250 2743 1301 2768 est
1335 2746 1430 2773 usus,
1470 2733 1530 2764 sed
1561 2745 1660 2777 supra

886 2781 920 2820 7,
946 2780 1008 2814 13..
1022 2781 1175 2814 similiter
1194 2781 1319 2813 dictum
1338 2786 1405 2812 est:
1433 2778 1590 2822 quoniam
1607 2791 1660 2811 me

886 2827 991 2859 verbo
1013 2829 1152 2869 premis:
1186 2827 1242 2859 ubi
1263 2838 1294 2858 v.
1318 2825 1500 2859 Adnotata.
1548 2826 1661 2858 Meta—

888 2873 995 2917 phora
1026 2873 1060 2905 in
1083 2879 1225 2916 utroque
1250 2872 1326 2904 loco
1348 2870 1420 2903 sine
1445 2870 1548 2903 dubio
1579 2883 1598 2904 a
1623 2883 1660 2903 re

890 2918 1025 2951 militari
1050 2918 1150 2950 ducta
1170 2925 1230 2953 est,
1257 2923 1293 2948 ut
1309 2927 1460 2959 premere,
1480 2927 1590 2960 uryere
1605 2920 1660 2950 ho-

892 2969 968 2998 stem
981 2989 990 3005 ,
1010 2966 1129 2997 instare
1152 2965 1288 2996 hostibus
1309 2962 1442 2996 dicitur.

961 3012 1146 3050 confirmato
1165 3008 1236 3052 illo]
1260 3009 1314 3041 Sc.
1335 3014 1554 3053 argumento,
1583 3016 1663 3043 tun—
