1859 3149
1563 46 1650 93 253

56 154 263 199 trectantis
287 161 443 205 autem,
476 150 568 206 angi
592 149 722 191 alieno
744 148 872 198 bono,
909 145 1010 201 quod
1033 144 1070 185 id
1094 142 1211 184 etiam
1234 139 1334 181 alius
1357 137 1515 180 habeat.
1568 137 1651 194 Qui

55 232 96 274 id
138 228 349 287 approbari
388 226 536 283 possit,
598 222 883 279 aegritudinem
925 219 1127 274 suscipere
1165 230 1236 273 pro
1281 213 1557 270 experientia,
1615 215 1650 256 si

57 306 150 362 quid
180 305 327 346 habere
355 302 486 343 velis?
540 313 631 341 nam
663 298 790 340 solum
824 289 975 336 hahere
1010 293 1112 334 velle
1152 304 1304 332 summa
1335 289 1533 331 dementia
1571 296 1650 330 est.

57 387 130 423 57.
162 376 464 422 Mediocritates
485 382 616 416 autem
637 373 828 414 malorum
847 370 933 426 quis
951 368 1111 410 laudare
1128 374 1238 407 recte
1258 365 1406 422 possit?
1440 364 1526 420 quis
1547 363 1653 405 enim

57 462 212 513 potest,
244 454 285 494 in
308 466 384 508 quo
411 450 528 492 libido
554 449 796 504 cupiditasve
821 446 895 497 sit,
929 459 1008 485 non
1031 441 1265 484 libidinosus
1292 447 1331 481 et
1354 439 1516 495 cupidus
1537 439 1654 480 esse?

556 59 1147 107 L113ER1V.26‚57.27‚58.

60 531 99 572 in
122 543 199 585 quo
220 528 304 579 ira,
339 541 418 568 non
440 524 679 566 iracundus?
710 523 750 563 in
772 536 846 577 quo
870 534 1013 575 angor,
1049 531 1128 558 non
1149 515 1323 557 anxius?
1353 515 1392 555 iu
1418 529 1493 569 quo
1521 514 1652 566 timor,

59 619 140 647 non
169 603 355 650 timidus?
398 601 647 643 libidinosum
679 598 824 654 igitur,
870 602 910 636 et
942 593 1197 640 iracundum,
1242 597 1281 631 et
1304 589 1491 640 anxium,
1536 596 1575 630 et
1604 588 1654 630 ti-

59 679 206 721 midum
227 690 435 719 censemus
458 689 546 716 esse
570 672 815 729 sapientem?
875 669 936 711 De
961 669 1072 710 cuius
1097 665 1336 708 excellentia
1359 664 1479 705 multa
1500 664 1657 719 quidem

62 753 138 796 dici
171 751 350 808 quamvis
386 751 473 791 fuse
502 750 659 805 lateque
693 753 882 804 possunt3
930 744 999 785 sed
1032 741 1267 784 brevissime
1302 739 1368 780 illo
1406 739 1548 791 modo,
1593 752 1659 780 sa-

61 827 248 886 pientiam
272 839 363 868 esse
386 839 516 867 rerum
544 825 764 866 divinarum
790 829 829 863 et
854 821 1112 862 humanarum
1141 815 1346 857 scientiam
1372 814 1660 870 cognitionem-

63 917 165 959 que,
215 915 314 957 quae
352 901 543 956 cuiusque
583 900 641 941 rei
675 912 818 940 caussa
853 896 919 938 sit.
993 893 1060 935 Ex
1101 907 1177 948 quo
1215 890 1407 941 efficitur,
1454 896 1497 930 ut
1527 889 1663 930 divina

62 978 260 1028 imitetur,
286 976 452 1017 humana
475 975 605 1016 omnia
625 974 814 1015 inferiora
833 972 981 1013 virtute
1001 970 1130 1010 ‹lut-at.
1173 965 1218 1008 ln
1240 967 1339 1007 banc
1360 973 1400 1006 tu
1419 965 1552 1020 igitur,
1577 971 1662 1004 tan-

66 1067 182 1108 quam
208 1051 246 1092 in
269 1064 395 1103 mare,
429 1051 532 1105 quod
554 1056 615 1091 est
635 1048 767 1089 ventis
791 1046 1026 1095 subiectum,
1062 1041 1397 1098 perturbationem
1424 1040 1566 1080 cadere
1591 1038 1662 1079 tibi

65 1126 204 1169 dixisti
228 1126 384 1183 videri?
415 1126 506 1181 quid
527 1131 612 1176 est,
647 1123 748 1178 quod
772 1129 917 1162 tantam
941 1119 1177 1175 gravitatem
1201 1115 1543 1168 constantiamque
1572 1127 1662 1169 per-

65 1203 222 1245 turbet?
262 1215 313 1243 an
337 1200 595 1257 improvisum
619 1198 762 1253 aliquid
791 1204 858 1238 aut
882 1193 1159 1250 repentinum?
1200 1191 1290 1246 quid
1325 1196 1454 1245 potest
1478 1188 1660 1230 accidere

65 1283 145 1347 tan
182 1281 244 1333 ei,
291 1276 356 1321 cui
388 1276 510 1327 nihil,
560 1274 662 1329 quod
689 1272 834 1313 homini
862 1269 1025 1311 evenire
1053 1268 1204 1324 possit?
1270 1264 1377 1306 Nam
1405 1263 1508 1318 quod
1532 1263 1659 1315 aiunt,

67 1357 188 1400 nimia
210 1352 386 1397 resecari
407 1358 617 1407 oportere,
662 1346 859 1388 naturalia
883 1344 1073 1398 relinqui,
1118 1342 1207 1398 quid
1232 1341 1387 1381 tandem
1415 1346 1545 1394 potest
1573 1352 1663 1380 esse

67 1432 274 1483 naturale,
323 1426 426 1484 quod
466 1425 569 1466 idem
597 1423 758 1464 nimium
800 1435 890 1462 esse
923 1419 1076 1475 possit?
1148 1416 1252 1459 Sunt
1286 1415 1389 1456 enini
1425 1414 1556 1454 omnia
1588 1414 1665 1455 ista

69 1522 124 1550 ex
145 1519 325 1548 errorum
347 1508 432 1544 orta
454 1499 666 1550 radicibus,
701 1512 802 1552 quae
824 1495 1029 1538 evellenda
1051 1501 1089 1535 et
1109 1491 1356 1534 extrahenda
1379 1489 1551 1545 penitus,
1585 1504 1665 1531 non

69 1577 414 1629 circumcidenda,
448 1589 523 1616 nec
554 1573 790 1630 amputanda
821 1578 928 1612 sunt.

184 1651 371 1696 XXVII.
420 1658 490 1694 58.
525 1648 607 1691 Sed
631 1648 813 1704 quoniam
840 1645 1044 1701 suspicor,
1095 1650 1133 1684 te
1171 1656 1248 1682 non
1280 1649 1358 1681 tani
1393 1640 1440 1680 de
1467 1639 1661 1694 sapiente,

71 1745 186 1788 quam
210 1729 258 1770 de
281 1735 321 1770 te
345 1728 432 1784 ipso
457 1737 673 1782 quaerere,
707 1723 831 1778 (illum
858 1721 961 1763 enim
988 1726 1101 1776 putas
1127 1717 1232 1758 omni
1255 1714 1553 1772 perturbatione
1575 1728 1667 1756 esse

141 1853 333 1894 sapientiam
347 1869 391 1873 —
407 1858 521 1881 caussa
543 1848 596 1888 sit]
624 1845 679 1877 Sic
700 1844 789 1876 infra
807 1843 847 1874 V.
883 1841 971 1873 inter
991 1842 1088 1881 possit
1110 1845 1143 1869 et
1162 1840 1245 1870 Nam
1266 1835 1470 1868 interiiciunt
1491 1846 1554 1868 non
1571 1845 1667 1876 prae-

72 1897 117 1938 3,
140 1898 173 1932 7.
209 1897 260 1929 Cf.
283 1896 378 1928 Finn.
399 1895 440 1926 Il.
464 1895 523 1932 12,
550 1893 605 1926 57.
648 1892 697 1922 De
713 1890 850 1933 sapien·
885 1889 1071 1918 meditatum
1098 1887 1137 1916 sit
1164 1883 1233 1915 sine
1267 1882 1369 1915 dubio
1403 1894 1443 1913 ex
1476 1881 1667 1924 interpola—

72 1945 141 1977 tiae
163 1942 361 1976 definitione
386 1939 523 1976 confer,
563 1949 647 1981 quae
678 1936 851 1968 enucleate
886 1933 998 1969 ti0ne;
1035 1942 1111 1962 nam
1131 1929 1187 1961 alii
1207 1929 1297 1960 aliud
1315 1928 1586 1971 supplementum
1606 1939 1668 1959 ex-

75 1989 270 2033 eruditeque
290 1987 458 2030 disputata
481 1990 557 2016 sunt
580 1995 598 2014 a
617 1985 724 2015 Beiero
746 1981 788 2013 ad
809 1980 851 2012 de
886 1979 1022 2011 hibent:
1059 1976 1203 2020 quinque
1224 1977 1305 2006 Oxx.
1338 1977 1388 2006 cui
1418 1976 1496 2006 nihil
1516 1984 1668 2006 novum

77 2036 174 2069 Offic.
189 2037 214 2067 1.
229 2032 282 2071 43,
298 2032 372 2066 155.
385 2043 417 2074 p.
430 2030 506 2064 303.
532 2036 566 2061 et
589 2030 630 2060 ΙΙ.
651 2030 683 2066 ¹2,
705 2028 735 2060 ὁ.
752 2039 784 2070 p.
801 2024 850 2058 14.
891 2028 949 2065 sit,
973 2025 1057 2065 quod
1081 2025 1109 2055 h.
1126 2033 1198 2063 e.p.
1213 2024 1228 2053 ?
1255 2024 1336 2053 Nam
1356 2028 1442 2058 etc.;
1485 2020 1666 2052 nonnullae

76 2083 172 2114 Haec
196 2077 347 2112 definitio
382 2075 614 2120 complectitur
641 2080 708 2105 tres
731 2079 854 2117 partes,
893 2070 969 2102 edd.
994 2076 1074 2100 vett.
1098 2076 1131 2100 et
1155 2080 1236 2099 unus
1255 2069 1314 2098 Ox.
1333 2073 1367 2098 et
1385 2067 1477 2098 Mon.
1497 2066 1524 2098 l.
1548 2068 1598 2098 cui
1618 2068 1667 2098 m·-

76 2127 112 2160 in
145 2137 224 2171 quas
255 2123 469 2168 philosophia
497 2133 516 2154 a
551 2119 717 2152 veteribus
750 2118 856 2151 divisa
890 2119 934 2150 hil
952 2118 1089 2149 subitum
1112 2118 1166 2154 est,
1189 2125 1218 2154 q.
1237 2115 1268 2146 h.
1288 2123 1313 2145 e.
1331 2114 1392 2153 p.?
1417 2114 1500 2144 Nam
1518 2118 1582 2144 etc.
1613 2113 1669 2144 Or.

79 2179 151 2213 est,
185 2170 376 2215 physicam,
411 2168 555 2200 ethicam
575 2173 610 2199 et
632 2165 854 2197 dialecticam.
891 2163 1013 2206 aliique
1035 2160 1136 2192 verba
1167 2159 1411 2200 n0n⁴praemed.
1434 2161 1472 2190 sic
1497 2158 1588 2190 uncis
1612 2157 1668 2189 in-

75 2212 121 2251 ¹V.
143 2230 204 2250 nos
220 2217 253 2249 in
273 2216 358 2248 libro
376 2214 468 2247 dieto
482 2226 514 2258 p.
528 2213 618 2253 5.1).
633 2218 666 2243 et
680 2223 713 2255 p.
730 2211 792 2244 136
804 2223 854 2254 sq.

82 2264 135 2296 Cf.
168 2265 314 2297 Ochsner.
345 2261 415 2294 Ecl.
450 2260 516 2292 Cic.
540 2258 629 2303 p.97
641 2269 690 2302 sq.
735 2260 856 2290 Ernest.

83 2310 176 2344 Clav.
200 2321 232 2341 v.
257 2310 395 2341 divinus.

149 2354 299 2398 imitetur]
325 2353 402 2386 Scil.
425 2351 599 2395 sapientia,
625 2361 706 2392 non,
732 2349 779 2381 uti
801 2348 857 2379 alii

81 2401 219 2440 volunt,
245 2399 387 2444 sapiens,
436 2400 487 2430 De
513 2396 678 2441 sapientia
698 2403 857 2439 tanquam

82 2447 126 2480 de
147 2457 293 2491 persona
314 2444 484 2489 loquitur:
520 2444 608 2476 cuius
638 2441 769 2485 generis
796 2452 858 2472 ex-

83 2493 193 2537 empla
226 2491 332 2524 multa
363 2503 380 2523 e
402 2491 562 2522 Cicerone
598 2488 734 2531 collegit
766 2489 859 2527 Wop-

84 2541 210 2573 kensius
230 2538 265 2570 in
288 2539 398 2570 Lectt.
419 2536 507 2569 Tull.
535 2548 565 2578 p.
578 2536 632 2567 5⁴2.
658 2533 770 2565 Hand.

151 2587 188 2619 In
210 2587 292 2617 hanc
315 2585 363 2626 tu]
397 2583 492 2614 Haec
513 2588 563 2613 est
586 2580 688 2612 lectio
713 2579 859 2622 vulgata,

83 2642 146 2674 pro
166 2642 231 2674 qua
253 2629 309 2662 alii
329 2628 549 2671 scripserunt:
575 2630 609 2658 in
631 2628 712 2658 hunc
734 2630 786 2662 tu,
824 2631 859 2655 ut

87 2676 252 2709 referatur
270 2674 315 2707 ad
333 2674 529 2718 sapientem.
578 2673 671 2712 Quae
694 2669 859 2703 correctio

72 2721 179 2774 mulio
199 2720 303 2753 modo
323 2719 460 2764 probari
480 2724 611 2762 potest3
646 2729 723 2749 nam
745 2717 860 2760 inepte

87 2777 219 2810 sapiens
242 2778 316 2799 cum
334 2765 418 2798 mari
441 2772 707 2808 compararetur;
743 2769 860 2794 contra

90 2811 206 2844 eadem
239 2811 445 2855 comparatio
481 2823 555 2844 cum
588 2810 661 2852 ipsa
695 2807 861 2852 sapientia

88 2856 243 2890 instituta
264 2857 402 2900 pulchra
426 2864 461 2889 et
484 2856 648 2900 exquisita
671 2861 732 2886 est.

159 2904 242 2942 quod
262 2904 380 2936 homini
395 2905 516 2936 evenire
532 2903 656 2943 possit?
681 2901 779 2941 Nam]
806 2897 861 2930 Sic

89 2946 240 2991 plerique
255 2953 289 2979 et
300 2948 419 2991 optimi
431 2948 530 2980 codd.
545 2954 578 2979 et
591 2946 771 2990 pleraeque
784 2943 862 2976 edd.

90 2998 198 3032 vett.;
231 2992 292 3025 sed
310 2993 362 3028 ed.
379 2999 446 3026 vet.
472 2992 576 3026 Bouh.
599 2998 634 3023 et
664 2990 740 3022 edd.
767 2991 801 3022 S.
818 2990 859 3022 E.

893 2209 1078 2245 cluserunt3
1105 2208 1246 2238 Klolzius
1265 2205 1347 2236 haec
1364 2204 1465 2236 verba
1486 2216 1554 2236 nou
1574 2215 1668 2236 rece-

892 2255 964 2298 pit,
989 2253 1049 2285 sed
1067 2258 1143 2296 post
1162 2254 1260 2292 possit
1276 2251 1428 2282 lacunam
1450 2262 1521 2282 esse
1539 2249 1668 2281 statuit.

896 2303 965 2344 Ego
997 2297 1185 2342 adstipulor
1212 2299 1360 2337 Handio,
1396 2296 1451 2340 qui
1477 2296 1520 2328 ad
1543 2295 1667 2338 W'opk.

897 2360 930 2390 p.
945 2345 1020 2379 134.
1045 2345 1087 2376 de
1109 2344 1142 2376 h.
1163 2343 1184 2375 l.
1210 2343 1257 2375 sic
1279 2343 1424 2374 iudicat:
1453 2341 1566 2373 Omnis
1588 2353 1670 2372 sen—-

891 2392 1019 2424 tentiae
1041 2391 1090 2423 vis
1113 2389 1258 2422 cernitur
1277 2389 1310 2420 in
1332 2387 1497 2432 oppositis
1522 2398 1595 2418 voc.
1616 2396 1670 2418 ac-

891 2441 993 2471 cidere
1018 2444 1052 2470 et
1072 2438 1216 2476 euenire,-
1242 2447 1383 2478 quorum
1404 2433 1488 2465 illud
1508 2432 1542 2464 id
1563 2431 1671 2474 signi-

894 2485 993 2523 ficat,
1039 2482 1130 2527 quod
1168 2493 1207 2513 ex
1244 2480 1429 2524 improviso
1467 2485 1501 2510 et
1536 2484 1670 2521 praeter

893 2542 987 2575 spem
1013 2529 1068 2568 fit,
1104 2528 1171 2560 hoc
1200 2534 1333 2564 autem,
1372 2524 1463 2568 quod
1494 2536 1534 2555 ex
1558 2533 1669 2555 rerum

893 2585 1012 2609 natura
1035 2582 1068 2607 et
1095 2586 1169 2606 cum
1196 2571 1396 2604 necessitate
1419 2569 1561 2613 quadam
1585 2579 1670 2612 pro-

895 2623 998 2655 venit.
1048 2623 1137 2663 Ergo
1171 2618 1253 2650 dicit
1280 2617 1413 2648 Cicero:
1451 2614 1531 2658 quid
1556 2620 1671 2657 potest

894 2668 1046 2701 accidere
1068 2667 1136 2698 tale
1160 2664 1209 2702 ei,
1237 2663 1286 2694 eui
1309 2661 1390 2693 nihil
1413 2660 1588 2692 fortuitum
1611 2671 1671 2692 ac-

895 2715 997 2751 cidit,
1033 2711 1124 2756 quod
1143 2708 1271 2742 homini
1292 2707 1326 2738 in
1351 2718 1461 2738 rerum
1481 2705 1669 2739 necessario

896 2766 1018 2793 eventu
1042 2757 1112 2790 fieri
1137 2753 1270 2798 possit?
1308 2754 1360 2784 lta
1383 2751 1483 2784 etiam
1505 2750 1670 2795 intelligi-

894 2814 970 2845 tur,
1014 2807 1217 2848 quapropter
1251 2798 1353 2830 verba
1393 2801 1493 2838 polest
1528 2799 1670 2831 accidere

893 2852 1004 2896 primo
1020 2850 1096 2881 loco
1110 2845 1218 2890 posita
1239 2844 1315 2876 sint.
1342 2843 1446 2875 Acad.
1462 2843 1501 2874 II.
1514 2842 1668 2881 38,1215

896 2897 967 2941 quis
992 2895 1079 2928 enim
1104 2897 1217 2935 potest
1234 2909 1289 2928 —‚
1315 2889 1342 2921 si
1363 2888 1442 2932 quid
1464 2887 1595 2921 adversi
1614 2899 1670 2922 ac-

896 2945 1024 2980 viderit,
1049 2938 1265 2971 extimescere
1278 2961 1285 2972 ,
1312 2946 1354 2966 ne
1375 2934 1411 2966 id
1432 2934 1503 2966 iure
1525 2938 1669 2968 evenerit,

965 2990 1047 3021 Nam
1069 2984 1153 3026 quod
1172 2983 1277 3024 aiunt]
1306 2981 1348 3014 V.
1368 2979 1540 3014 Adnotata
1558 2980 1594 3014 in
1611 2982 1670 3014 111.
