1859 3149
1611 63 1696 107 215

89 154 210 207 'dum3
244 155 307 198 sin
324 152 567 211 opinabiles,
601 153 734 209 opinio
752 161 834 195 tota
854 153 1030 195 tollatur.
1095 151 1206 196 Satis
1226 153 1372 195 dictum
1387 165 1480 194 esse
1499 153 1686 207 arbitror,

88 230 379 286 aegritudinem
416 242 508 271 esse
532 227 758 285 opinionem
790 228 882 269 mali
907 229 1156 284 praesentis,
1203 231 1244 270 in
1277 243 1354 284 qua
1378 228 1564 284 opinione
1595 229 1688 271 illud

90 304 211 357 insit,
259 312 301 347 nt
323 304 611 359 aegritudinem
635 303 839 360 suscipere
863 305 1060 359 oporteat.
1125 310 1195 346 75.
1229 304 1402 345 Additur
1419 303 1474 345 ‚ad
1500 304 1600 345 hanc
1622 305 1689 346 de-

91 380 309 422 finitionem
337 394 360 420 a
387 378 556 421 Zenone
580 385 715 429 recte,
766 385 806 419 ut
829 378 895 419 illa
920 379 1053 435 opinio
1083 379 1305 434 praesentis
1332 379 1424 420 mali
1450 378 1502 421 sit
1527 393 1686 421 recens.

88 454 179 498 Hoc
197 461 329 497 autem
347 454 513 497 verbum
540 454 598 496 sic
617 454 952 510 interpretantur,
998 462 1037 496 ut
1056 469 1134 496 nou
1153 461 1301 495 tantum
1318 455 1412 496 illud
1430 468 1573 497 recens
1596 469 1687 497 esse

640 73 811 106 LIBER
836 73 894 106 nt.
920 69 985 110 31.
1015 70 1071 106 75.
1095 70 1150 106 76.

85 530 234 583 velint,
279 530 383 586 qnod
403 529 531 586 paullo
550 536 643 570 ante
665 529 877 582 acciderit,
923 530 993 571 sed
1014 544 1127 585 quam
1150 530 1215 571 diu
1248 530 1287 570 in
1317 530 1382 571 illo
1405 531 1564 587 opinato
1586 531 1688 573 malo

83 606 148 648 vis
167 606 363 662 quaedam
382 604 500 656 insit,
544 611 587 646 ut
613 604 750 659 vigeat
775 611 816 646 et,
835 604 977 646 habeat
998 605 1194 660 quandam
1216 604 1480 657 viriditatem,
1524 612 1602 647 tam
1622 606 1687 648 diu

85 681 306 739 appelletur
328 694 486 722 recens.
550 678 605 722 Ut
628 679 847 721 Artemisia
872 680 960 732 illa,
994 678 1192 733 Mausoli,
1227 678 1375 722 Cariae
1400 681 1530 737 regis,
1564 696 1683 734 uxor,

85 769 187 813 quae
208 755 348 798 nobile·
365 755 459 797 illud
485 754 755 796 Halicarnassi
784 756 876 796 fecit
900 757 1124 812 sepulcrum
1141 789 1152 807 ,
1199 757 1383 812 quamdiu
1407 757 1537 808 vixit,
1585 757 1688 798 vixit

83 832 126 873 in
153 831 284 884 luctu,
329 831 550 886 eodemque
582 830 702 872 etiam
735 832 916 872 confecta
943 831 1162 873 contabuit.
1226 831 1330 873 Huic
1355 839 1443 874 erat
1469 832 1532 873 illa
1553 832 1686 888 opinio

84 907 229 948 cotidie
260 920 427 958 recens,
474 919 575 962 quae
614 912 694 946 tum
727 906 896 961 denique
937 922 1014 948 non
1052 907 1314 963 appellabitur
1355 921 1522 959 reeens,
1567 921 1684 963 quum

82 989 285 1024 vetustate
310 980 483 1023 exaruit.

85 1057 323 1112 gritudinem
361 1056 558 1108 funditus,
620 1063 690 1096 aut
730 1057 896 1108 sedare,
956 1065 1022 1098 aut
1057 1058 1269 1099 detrahere
1307 1072 1422 1114 quam
1455 1058 1681 1114 plurimum,

546 980 657 1022 Haec
684 980 806 1036 igitur
834 981 960 1022 officia
987 989 1078 1023 suut
1108 983 1424 1035 consolantium,
1458 983 1598 1024 tollere
1619 996 1685 1024 ae-

83 1138 151 1174 aut
189 1131 458 1188 supprimere,
507 1144 581 1172 nec
619 1132 695 1186 pati
736 1145 898 1172 manare
932 1132 1115 1187 longius,
1163 1141 1229 1174 aut
1265 1134 1312 1174 ad
1345 1133 1422 1174 alia
1453 1133 1678 1175 traducere.

82 1213 152 1250 76.
189 1204 315 1259 Sunt,
349 1205 414 1262 qui
436 1219 557 1246 unum
582 1206 748 1246 officinm
773 1207 1016 1248 consolantis
1045 1215 1204 1263 putent,
1238 1209 1382 1251 malum
1406 1209 1499 1250 illud
1521 1208 1683 1250 omnino

147 1306 394 1345 interpretantur
416 1322 461 1328 —
493 1304 602 1345 velint]
650 1302 864 1347 Intelligendi

80 1357 162 1384 aunt
183 1350 274 1383 enim
294 1349 440 1383 Zenonis
462 1349 621 1382 asseclae.

150 1421 307 1462 quamdiu
326 1421 420 1460 vixit,
443 1419 539 1461 vixit]
565 1418 638 1451 Fin.
660 1419 702 1451 ll.

80 1465 140 1498 sed
163 1473 274 1498 tamen
307 1465 454 1510 aliquid,
491 1464 582 1510 quod
608 1464 704 1497 nobis
731 1477 799 1497 non
825 1467 862 1497 [ι’-

79 1516 168 1553 cent,
204 1514 296 1545 liceat
328 1511 405 1544 inis.
440 1510 484 1544 ad
514 1510 616 1544 Attic.
647 1512 688 1544 ΙΙ.
714 1523 768 1555 ep.
796 1515 859 1544 243

79 1558 173 1603 quod
188 1558 231 1591 ad
248 1565 283 1591 te
295 1557 412 1612 *aliqua
427 1557 659 1590 admonitione
675 1565 733 1590 aut
749 1557 861 1590 obiur-

79 1605 216 1649 gatione
239 1606 373 1646 scripsi,
407 1606 521 1645 scripsi
549 1611 690 1648 propter
712 1603 860 1647 diligen-

75 1650 161 1684 tiam
184 1650 348 1684 cautionis
373 1662 477 1683 meae.

722 1418 777 1458 0¹,
797 1418 861 1453 6>-

87 1747 93 1752 .
149 1719 205 1756 76-
241 1722 345 1762 sunt,
367 1723 422 1762 qui
444 1739 490 1744 —
513 1722 637 1763 putent]
680 1719 735 1752 Sic
758 1719 859 1763 vulgo

79 1765 213 1811 legitur.
262 1766 413 1799 Davisius
436 1777 475 1798 ex
495 1765 546 1801 El.
565 1765 598 1799 2.
624 1765 718 1798 dedit
747 1771 861 1807 putant

82 1813 132 1857 (et
147 1813 196 1845 sic
208 1813 304 1846 Mon.
317 1812 351 1845 2.
365 1812 465 1845 Vind.
482 1812 538 1853 1.),
557 1812 634 1856 quia
656 1812 690 1844 in
712 1824 859 1856 sequen-

78 1858 170 1892 tibus
191 1858 393 1892 indicativus
412 1858 542 1903 positus
567 1866 674 1890 esset:
709 1864 780 1890 sunt
805 1861 859 1899 qui

79 1907 260 1946 abducunt,
294 1909 366 1938 sunt
388 1907 443 1946 qui
463 1908 542 1938 satis
563 1908 697 1945 putant,
722 1908 794 1936 sunt
816 1908 860 1936 et·

78 1953 167 1992 iam,
205 1954 261 1993 qui
294 1953 456 1993 colliyunt.
512 1949 654 1982 Orellius
688 1956 801 1981 tamen
829 1960 857 1981 c.

78 1997 210 2031 Wolfio
232 2008 252 2029 e
274 1996 363 2030 coni.
386 1995 531 2028 Ernestii
561 2002 679 2028 contra
710 1995 859 2027 omnium

80 2043 180 2076 codd.
205 2048 241 2075 et
263 2042 341 2075 edd.
364 2048 449 2074 vett.
478 2041 717 2074 auctoritatem
739 2041 856 2074 dedit:

75 2091 251 2130 obducunt,
268 2091 347 2122 satis
365 2092 486 2129 putent,
503 2090 663 2130 colliyant.
698 2089 740 2120 V.
758 2087 858 2120 Orel-

77 2134 116 2168 lii
131 2134 185 2167 ed.
203 2133 300 2169 1629.
334 2134 410 2178 Ego
427 2145 562 2178 quoque
578 2134 738 2167 Orellium
758 2145 856 2167 secu-

76 2186 134 2213 tus
149 2191 234 2217 snm,
259 2192 449 2225 quanquam
469 2180 575 2225 magis
594 2180 675 2213 mihi
698 2180 811 2224 placet
828 2193 856 2214 c.

80 2225 220 2260 Davisio
245 2225 378 2271 lepre:
413 2230 506 2268 sunt,
538 2229 594 2268 qui
612 2246 659 2252 —
677 2231 794 2268 putant
825 2234 860 2260 et

78 2277 170 2314 sunt,
203 2275 259 2314 qm·
276 2274 439 2306 abducunt
457 2292 524 2314 --‚
559 2277 632 2306 sunt
654 2275 709 2315 qui
730 2292 777 2298 —
797 2284 859 2315 pu-

78 2322 168 2360 tant5
186 2318 247 2352 sed
261 2318 401 2352 difficile
417 2325 469 2352 est
483 2319 517 2352 h.
528 2318 552 2352 l.
571 2331 641 2352 rem
661 2319 859 2362 diiudicare,

79 2364 157 2409 quia
178 2365 298 2410 optimi
311 2364 412 2398 codd.
425 2365 569 2410 primum
591 2370 713 2407 putent,
736 2365 860 2399 deinde

74 2410 295 2444 indicativum
313 2411 452 2445 habent.
482 2411 548 2444 Bes
568 2411 633 2445 hac
652 2412 786 2445 ratione
806 2412 859 2444 vi-

78 2457 179 2490 detur
196 2457 441 2491 constituenda.
476 2458 557 2490 Post
575 2462 647 2491 sunt
667 2461 723 2500 qui
746 2465 781 2490 et
801 2458 859 2490 in-

78 2503 244 2537 dicativus
263 2510 301 2537 et
322 2503 566 2544 coniunctivus,
591 2503 726 2537 diversa
743 2511 859 2537 tamen

76 2550 209 2584 ratione
243 2550 393 2595 ponitur.
454 2549 660 2583 Indicativus
697 2550 858 2595 seqnitur,

79 2607 186 2650 quum-
201 2596 349 2641 scriptor
373 2602 484 2629 certos
508 2596 671 2641 quosdam
691 2597 857 2637 homines,

79 2641 150 2674 aive
162 2642 186 2675 ii
202 2649 303 2676 antea
317 2642 386 2675 inm
403 2642 659 2676 conmemorat-i
673 2649 762 2684 sunt,
786 2643 857 2675 sive

77 2688 186 2722 menti
205 2689 447 2730 obversantur,
482 2695 603 2722 notare
631 2688 715 2722 vult.
764 2689 858 2721 Con-

75 2730 244 2768 &inactivus
265 2742 379 2768 antem
401 2735 558 2780 ponitur,
585 2747 687 2779 quum
710 2735 857 2768 attribu-

76 2776 151 2812 tiva
174 2780 271 2814 notio
289 2787 453 2825 tanquam
474 2793 524 2820 ea,
549 2793 634 2826 qnae
658 2793 700 2814 ex
721 2781 859 2815 alicuius

71 2833 245 2867 ‘penem
264 2833 325 2859 nnt
339 2827 389 2860 rei
407 2833 528 2861 natura
546 2827 698 2872 seqnitur
716 2834 774 2861 ant
792 2827 859 2861 du-

83 2868 180 2909 citur,
201 2871 418 2915 significanda
434 2880 497 2912 est,
522 2881 559 2905 ut
577 2873 661 2906 haec
677 2874 759 2906 insit
777 2886 859 2908 sen-

80 2915 210 2949 tenea:
212 2917 396 2968 homines,
419 2919 477 2964 qui
492 2918 544 2952 ita
559 2925 639 2952 sunt
659 2921 860 2964 comparati,

77 2965 144 2994 ant
165 2960 224 3005 qui
242 2962 408 2998 eiusmodi
427 2971 517 3003 sunt,
542 2971 592 2997 nt.
638 2965 754 2998 Veluti
776 2970 860 3008 sunt,

82 2991 608 3051 qufiffioavoeoetsunthoniims,
633 3013 690 3052 qui
710 3013 860 3046 itaeom-

894 1307 1005 1345 paroli
1025 1309 1109 1346 sunt,
1132 1311 1165 1338 ut
1185 1308 1304 1340 dicant.
1354 1307 1407 1340 Cf.
1429 1318 1490 1339 nos
1509 1306 1542 1338 in
1560 1306 1619 1339 Gr.
1636 1306 1678 1338 L.

900 1353 928 1395 §-
950 1351 1025 1384 146-
1046 1352 1128 1383 Not
1148 1352 1180 1387 7-
1201 1352 1328 1396 1)-399.
1350 1352 1403 1385 etl.
1418 1352 1450 1385 2.
1505 1354 1575 1385 Iam
1597 1364 1677 1384 vero

899 1397 1057 1441 quoniam
1088 1398 1150 1430 hav
1134 1410 1170 1430 vc:
1194 1365 1328 1430 dicendi
1349 1399 1494 1431 formula
1528 1399 1574 1431 ibi
1597 1398 1677 1443 poni

897 1443 1003 1479 solet
1040 1443 1096 1476 ubi
1120 1456 1186 1476 non
1210 1452 1320 1477 certos
1343 1444 1506 1489 quosdam
1524 1444 1677 1477 homines

895 1490 1131 1533 significamus,
1157 1490 1282 1536 liquide
1299 1498 1451 1535 apparet,
1479 1503 1536 1524 cur
1557 1491 1592 1524 in
1614 1491 1676 1524 hac

896 1543 1064 1569 structura
1095 1537 1202 1570 multo
1235 1537 1383 1570 crebrior
1414 1538 1457 1570 sit
1485 1537 1675 1570 coniuncti—

896 1595 976 1621 vus
1023 1596 1122 1627 quam
1158 1584 1371 1616 indicativus
1437 1584 1676 1628 Explicationis

896 1641 1010 1662 caussa
1037 1630 1197 1663 nonnulla
1223 1631 1377 1674 exempla
1405 1630 1527 1662 afferre
1547 1629 1674 1662 licebit.

897 1675 996 1708 offic.
1021 1677 1044 1709 I.
1065 1675 1121 1718 2⁵4,
1141 1676 1202 1710 82:
1229 1678 1276 1708 Ut
1296 1677 1384 1709 enim
1403 1681 1487 1717 sunl,
1510 1675 1675 1719 quemad-

895 1722 1034 1754 modum
1065 1734 1165 1767 supra
1196 1722 1284 1761 dixi,
1321 1726 1375 1764 qui
1410 1722 1543 1754 urbanis
1577 1722 1675 1755 rebus

894 1768 1032 1800 bellicas
1056 1772 1269 1809 anteponuntg
1304 1769 1353 1800 sic
1370 1768 1518 1812 reperias
1539 1768 1674 1802 multos.

894 1815 1013 1858 quibus
1034 1814 1222 1858 periculosa
1239 1821 1272 1846 et
1293 1813 1400 1846 calida
1420 1814 1559 1847 consilia
1579 1815 1676 1859 quie-

893 1862 936 1892 tis
958 1867 992 1891 et
1010 1861 1165 1903 cogitatis
1187 1867 1222 1892 et
1242 1860 1471 1904 splendidiora
1493 1869 1526 1893 et
1548 1861 1676 1894 maiora

893 1906 1082 1938 videantur.
1142 1906 1185 1938 H.
1209 1906 1230 1938 l.
1265 1906 1466 1939 indicativus
1488 1914 1582 1940 recte
1602 1919 1675 1941 sese

893 1952 1006 1991 habet,
1032 1952 1109 1997 qnia
1132 1952 1383 1996 intelliguntur,
1411 1952 1454 1985 de
1477 1953 1596 1998 quibus
1615 1967 1673 1987 su-

893 2011 954 2042 pra
970 1998 1112 2031 dixerat.
1145 1998 1232 2031 Ibid.
1249 2000 1356 2042 5252:
1387 2001 1468 2033 Sunt
1486 2000 1586 2040 enim,
1609 2004 1676 2042 qui,

893 2045 982 2089 quod
1001 2045 1164 2085 sentiunt,
1183 2045 1286 2077 etiam
1305 2044 1333 2077 si
1354 2046 1520 2090 optimum
1537 2047 1594 2086 sit,
1618 2054 1675 2080 ta·-

891 2103 969 2124 men
998 2091 1144 2124 invidiae
1174 2098 1266 2124 metu
1297 2102 1365 2124 non
1399 2094 1518 2126 audent
1550 2093 1674 2126 dicere.

891 2137 1027 2170 Sallust.
1054 2137 1154 2170 Catil.
1177 2149 1204 2170 c.
1234 2137 1292 2171 1&
1336 2140 1417 2172 Sunt
1451 2142 1506 2181 qui
1541 2142 1587 2173 ita
1620 2141 1675 2172 di-

893 2188 988 2217 cunt:
1014 2196 1114 2229 qnam
1134 2184 1316 2216 lectionem
1337 2184 1470 2218 Cottius
1492 2186 1675 2231 rescripsit,

894 2230 1044 2264 omnium
1063 2231 1136 2263 fere
1153 2229 1253 2263 codd.
1275 2230 1479 2264 auctoritate
1502 2232 1611 2265 nisus
1635 2244 1676 2266 ac

894 2283 987 2309 recte
1010 2277 1146 2321 quidem
1167 2276 1311 2309 maxime
1331 2277 1374 2309 ob
1394 2277 1546 2311 additam
1566 2290 1674 2311 vocu-

892 2323 961 2356 lam
985 2325 1041 2355 ita.
1091 2322 1164 2356 Alia
1196 2335 1248 2355 res
1281 2330 1350 2364 est,
1389 2324 1445 2356 ubi
1474 2324 1580 2357 verbo
1603 2328 1676 2357 sunt

894 2368 1081 2402 subiectum
1106 2368 1160 2401 vel
1183 2368 1414 2413 praedicatum
1439 2370 1590 2403 additum
1613 2376 1674 2402 est.

895 2417 933 2448 ln
954 2415 1117 2448 eiusmodi
1136 2415 1220 2449 loeis
1237 2422 1272 2448 et
1292 2415 1511 2449 indicativum
1534 2424 1567 2448 et
1589 2427 1674 2448 eon-

893 2461 1079 2494 iuuctivum
1100 2462 1205 2506 sequi,
1231 2468 1360 2495 certum
1384 2469 1445 2495 est.
1495 2461 1550 2493 Sic
1572 2473 1672 2505 supra

894 2509 952 2541 ΙΙΙ.
969 2507 1028 2550 26,
1042 2506 1106 2542 63:
1134 2513 1206 2542 sunt
1220 2511 1288 2550 alii,
1308 2519 1385 2550 quos
1401 2510 1543 2540 delectat.
1567 2508 1673 2540 Porro

892 2565 912 2587 a
946 2565 1068 2598 prosae
1104 2554 1268 2588 orationis
1304 2553 1524 2597 scriptoribus
1559 2564 1673 2585 secer-

892 2599 996 2633 nendi
1032 2607 1110 2634 sunt
1144 2605 1289 2646 poetae,
1331 2599 1388 2643 qni
1420 2598 1606 2631 indicativo
1639 2605 1674 2632 et

893 2646 1108 2680 coniunctim
1132 2646 1321 2690 promiscue
1345 2651 1495 2678 utuntur.

961 2703 1062 2726 unum
1083 2695 1224 2735 officium
1239 2693 1428 2724 consolantis
1436 2692 1561 2734 putent]
1584 2691 1624 2723 In
1641 2703 1672 2724 v.

892 2742 1081 2772 consolantis
1113 2738 1252 2771 verbum
1285 2736 1431 2769 docendi
1464 2736 1559 2769 latet.
1617 2737 1672 2771 Cf.

892 2796 992 2828 supra
1015 2797 1044 2818 c.
1061 2785 1113 2823 15,
1135 2785 1198 2818 31·
1223 2784 1332 2815 eodem
1351 2792 1472 2823 semper
1492 2792 1525 2816 se
1546 2784 1673 2817 vidisse.

892 2831 987 2864 Infra
1008 2844 1036 2864 c.
1055 2830 1110 2870 32,
1134 2829 1188 2864 77.
1213 2827 1367 2861 similiter
1385 2830 1495 2862 docere
1509 2829 1674 2874 supplen—
1696 2832 1697 2835 ’

893 2875 984 2909 dum.
1024 2874 1220 2909 Consolatio
1237 2874 1326 2906 enim
1344 2873 1418 2906 sine
1436 2873 1591 2909 doctrina
1609 2876 1674 2909 ali-

893 2933 959 2966 qua
992 2920 1146 2966 praeberi
1178 2920 1306 2965 nequit.
1365 2919 1421 2953 Sic
1454 2920 1554 2955 etiam
1585 2921 1676 2956 infra

893 2969 951 3001 IV.
971 2968 1026 3007 323,
1041 2966 1096 3001 83.
1114 2966 1256 3010 legitur:
1278 2965 1380 2999 animi
1397 2967 1592 3001 morborum
1610 2980 1676 3002 una

895 3015 1023 3047 sonatio
1041 3019 1104 3054 est,
1123 3024 1239 3046 omnes
1258 3011 1446 3058 opinabile·
1465 3025 1539 3048 ase
1559 3022 1595 3049 et
1611 3026 1675 3049 vo-
