1843 3101
175 66 252 109 162

172 158 343 200 maxime
375 160 552 211 possunt.
615 149 784 192 Faciunt
816 150 943 201 idem,
985 164 1102 205 quum
1136 155 1402 200 exercentur,
1443 147 1638 200 athletae3
1682 162 1751 204 pu-

173 233 272 288 giles
313 243 436 276 vero,
485 227 602 267 etiam
641 239 757 280 quum
798 224 945 265 feriunt
985 223 1281 275 adversarium,
1332 223 1373 264 in
1407 222 1598 264 iactandis
1634 221 1752 263 cesti-

760 70 925 103 LIBER
951 70 994 104 11.
1019 67 1085 109 24,
1108 67 1163 103 57.

174 307 246 348 bus
277 303 563 359 ingemiscunt3
610 313 688 340 non
722 299 824 353 quod
854 298 1011 339 doleant
1032 298 1214 340 animove
1244 294 1528 348 succumbant,
1565 296 1635 337 sed
1663 296 1753 350 quia

175 377 441 436 profundenda
484 387 583 415 voce
627 386 743 414 omne
787 386 928 428 corpus
972 372 1207 422 intenditur,
1254 372 1440 426 venitque
1481 371 1594 428 plaga
1633 369 1755 411 vehe-

176 453 358 494 mentior.

286 521 450 564 XXIV.

176 601 268 641 bent
303 599 450 648 latera,
497 597 653 646 fauces,
699 595 870 650 lingnam
907 595 1140 642 intendere,
1187 607 1208 634 e
1247 593 1384 648 quibus
1419 592 1510 634 eiici
1543 606 1683 634 vocem
1716 598 1756 632 et

522 519 654 575 Quid?
697 521 762 576 qui
799 521 937 562 volunt
971 520 1196 561 exclamare
1232 519 1381 570 maius,
1426 532 1519 559 num
1551 517 1648 559 satis
1686 517 1754 558 ha-

179 674 283 714 t'undi
312 671 519 713 videmus?
592 669 698 710 Toto
734 683 898 723 corpore
930 676 1046 723 atque
1080 667 1259 708 omnibus
1295 666 1474 722 ungulis,
1519 673 1562 707 ut.
1597 665 1754 716 dicitur,

881 749 951 784 57.
987 742 1126 794 Genu,
1174 741 1423 792 mehercule,
1455 739 1517 781 M.
1539 739 1758 781 Antonium

176 822 278 873 vidi,
313 834 430 875 quum
456 826 640 859 contente
664 832 733 873 pro
760 831 803 857 se
833 817 914 872 ipse
940 817 1029 871 lege
1056 815 1179 857 Varia
1203 815 1374 866 diceret,
1408 822 1552 855 terram
1579 821 1756 869 tangere.

178 745 420 789 contentioni
445 744 555 786 vocis
577 743 818 784 asserviunt.

184 895 234 938 [It
267 895 369 935 enim
401 893 565 934 balistae
599 892 767 947 lapidum
805 897 845 930 et
876 890 1026 944 reliqua
1055 897 1251 930 tormenta
1279 890 1446 930 telorum
1478 902 1526 930 eo
1553 888 1759 943 graviores

180 969 414 1012 emissiones
450 966 619 1016 liabent,
667 979 743 1019 qno
775 971 867 1004 sunt
901 971 1084 1004 contenta
1123 971 1239 1018 atque
1267 964 1433 1004 adducta
1458 962 1757 1013 veliementiusr,

180 1046 235 1086 sic
256 1058 363 1092 voX,
408 1041 464 1082 sic
487 1053 649 1090 cursus,
694 1039 751 1078 sic
773 1038 886 1093 plaga
911 1037 985 1077 hoc
1009 1037 1191 1092 gravior,
1226 1051 1342 1092 quum
1373 1043 1434 1077 est
1455 1036 1574 1078 missa
1595 1042 1759 1076 conten-

181 1119 273 1158 tius.
337 1114 461 1156 Cuius
483 1112 747 1154 contentionis
775 1126 890 1166 quum
916 1118 1025 1152 tanta
1047 1110 1107 1153 vis
1133 1111 1205 1163 sit,
1239 1110 1274 1152 si
1294 1111 1463 1165 gemitus
1488 1110 1529 1151 in
1554 1110 1690 1150 dolore
1711 1109 1759 1150 ad

180 1190 486 1232 confirmandum
509 1187 677 1227 animum
701 1186 869 1236 valebit,
906 1192 1082 1237 utemur3
1115 1185 1176 1226 sin
1202 1185 1278 1226 erit
1302 1184 1368 1225 ille
1391 1184 1559 1239 gemitus
1585 1184 1759 1225 clamen-

186 1288 334 1321 bnlarum
372 1285 473 1316 verba
510 1284 665 1326 leguntur
703 1282 790 1325 apud
819 1281 954 1313 Cicero-

186 1346 261 1365 nem
284 1332 326 1363 (le
349 1333 448 1372 Legg.
472 1331 511 1361 ll.
531 1331 586 1367 25,
606 1330 670 1361 59:
697 1331 841 1360 Mulieres
858 1337 955 1367 yenas

182 1389 219 1411 ne
242 1379 398 1415 radunto,
431 1384 506 1406 nere
531 1376 643 1406 lessum
667 1375 784 1413 funeris
806 1383 877 1413 erqo
898 1374 954 1404 ho-

184 1427 281 1455 bento.
329 1420 428 1460 Quod
454 1426 564 1451 nutem
591 1419 634 1450 ad
655 1431 687 1450 v.
712 1422 801 1460 fletus
823 1418 954 1457 attinet,

186 1469 255 1502 eius
277 1467 351 1499 loeo
367 1466 519 1497 Davisius
541 1471 574 1496 et
597 1471 673 1507 post
695 1476 768 1496 eum
786 1463 954 1495 Ernestius

184 1513 361 1546 ediderunt
375 1514 482 1549 lessus,
507 1510 610 1541 secuti
626 1510 859 1541 auctoritatem
876 1510 955 1540 Mu-

185 1558 261 1597 reti,
287 1557 342 1601 qui
356 1558 396 1587 V.
414 1558 453 1588 L.
472 1556 532 1587 IX.
555 1567 581 1587 c.
599 1553 652 1588 19.
673 1555 706 1586 iu
727 1554 870 1598 antiquis
893 1565 954 1586 co—

184 1603 311 1636 dicibus
332 1602 398 1644 legi
421 1608 561 1632 testatur
583 1613 613 1631 v.
638 1603 744 1632 lessus.
778 1601 850 1643 Ego
870 1610 956 1643 quo—

185 1661 248 1693 que
273 1649 328 1680 vix
349 1647 589 1681 dubitaverim,
628 1646 705 1688 quin
734 1646 835 1677 lectio
859 1647 955 1677 lessus

187 1695 282 1726 unice
305 1704 384 1725 vera
407 1692 582 1723 iudicanda
605 1691 658 1723 sit.
697 1691 839 1729 Etenim,
864 1690 955 1734 quod

185 1740 294 1783 primo
315 1738 392 1770 loco
414 1737 643 1769 adnotandum
666 1744 736 1773 est,
760 1737 826 1768 hoc
847 1737 954 1779 ipsum

184 1797 307 1817 nomen
331 1784 471 1816 habetur
493 1783 527 1814 iu
546 1783 612 1814 XII
630 1782 771 1819 tabulis3
796 1789 867 1814 tum
883 1781 956 1823 lege

185 1830 275 1862 dicta
295 1841 362 1862 non
383 1832 483 1871 fletus,
507 1827 565 1859 sed
586 1831 768 1860 lamentatio
787 1827 957 1870 prohiberi
1007 1845 1011 1848 ·

184 1876 306 1910 (lebet3
331 1874 473 1917 deniqne
494 1874 565 1917 ipsa
589 1873 755 1904 Ciceronis
779 1873 880 1904 verba
902 1873 956 1904 lu—

186 1921 335 1953 culenter
350 1920 504 1951 videntur
522 1919 761 1957 demonstrare,
779 1917 956 1961 legendum

185 1977 256 1998 esse
278 1968 385 1998 lessus.
426 1965 576 1996 l’roxime
597 1964 683 1995 enim
705 1964 874 1996 antecedit
893 1967 958 1996 eiu-

186 2014 294 2043 latus:
324 2009 414 2053 quod
436 2010 573 2042 verbum
597 2009 722 2052 optime
747 2009 901 2042 convenit
924 2009 955 2040 in

185 2059 320 2095 lessam,
355 2055 491 2086 minime
524 2066 603 2086 vero
632 2055 664 2085 iu
692 2058 818 2096 fletumg
851 2066 957 2098 neque

186 2113 266 2135 vero
290 2100 488 2143 negligenda
512 2107 561 2131 est
582 2099 743 2142 particula
761 2100 887 2133 ironica
910 2103 959 2132 ni-

188 2150 322 2186 mirum,
349 2157 432 2188 quae
456 2152 491 2176 ut
513 2145 667 2187 languida
688 2153 756 2185 est,
782 2158 881 2189 quum
904 2145 956 2176 le-

185 2192 274 2235 gitur
308 2193 418 2232 fletus,
457 2190 503 2222 ita
535 2190 709 2222 maximam
743 2192 810 2223 vim
845 2191 956 2231 habet,

186 2248 286 2282 quum
309 2235 430 2278 legitur
457 2238 565 2268 lessus.
611 2237 770 2276 Moserus,
795 2236 849 2280 qui
873 2236 958 2268 reti-

185 2282 331 2315 nendum
357 2288 468 2313 censet
490 2283 597 2322 fletus,
621 2292 808 2323 pronomen
829 2284 878 2314 hic
897 2293 956 2313 ex-

186 2328 289 2372 plicat
309 2329 365 2359 hoc
388 2329 477 2368 fletus
499 2336 614 2366 yenuS,
640 2326 756 2368 quibus
776 2327 856 2370 ipsis
880 2339 959 2358 ver-

186 2374 236 2406 bis
253 2372 367 2404 Cicero
387 2371 572 2415 significare
593 2371 702 2413 potius
716 2374 841 2412 lessum,
861 2384 959 2415 quam

186 2418 332 2451 scribere
351 2430 387 2449 se
409 2416 549 2448 voluisse
573 2424 758 2448 monstrare
783 2417 943 2449 videatur.

257 2462 312 2496 56.
337 2474 399 2495 non
422 2464 505 2504 quod
524 2463 661 2502 doleant,
678 2481 723 2486 —
747 2464 801 2494 sed
822 2465 897 2503 quia
917 2483 962 2487 ——

186 2510 373 2550 intenditur]
392 2509 432 2539 V.
455 2519 515 2540 nos
531 2507 564 2538 in
582 2508 728 2539 Gramm.
746 2508 820 2538 Lat.
839 2508 869 2549 ᾖ.
891 2509 960 2541 158.

189 2555 272 2587 Not.
290 2556 322 2586 2.
348 2551 472 2596 p.413.
501 2552 553 2584 ed.
575 2552 607 2584 2.
658 2552 755 2584 Adde
791 2552 960 2584 Adnotata

189 2606 304 2632 nostra
328 2599 361 2632 in
388 2611 416 2631 c.
433 2597 498 2640 ⁴26,
517 2595 571 2631 64.

260 2645 339 2676 CAP.
357 2644 487 2676 XXIV.
511 2645 687 2675 exclamare
707 2642 825 2686 maius]
855 2642 960 2674 Plaut.

190 2689 339 2722 Mostell.
360 2691 401 2722 ΙΙ.
425 2690 467 2728 2,
493 2689 557 2723 57:
595 2687 651 2721 ille
679 2690 835 2720 exclamat
860 2687 960 2719 dere-

190 2742 292 2778 pente
314 2737 502 2767 maximum.
536 2734 656 2766 Horat.
679 2737 749 2765 Art.
766 2736 858 2776 poet.
873 2730 958 2765 459:

190 2782 317 2822 longum
338 2783 460 2813 clamet.
497 2779 580 2811 Ibid.
600 2780 673 2813 1250.
695 2788 848 2820 maynum
867 2779 960 2818 loqui.

192 2826 233 2857 V.
261 2837 322 2858 nos
352 2826 386 2858 in
410 2826 468 2857 Gr.
490 2825 531 2857 L.
554 2823 670 2869 §.112
691 2825 771 2856 Not.
785 2822 816 2856 4.
838 2835 870 2867 p.
884 2822 958 2856 195.

193 2869 287 2903 ed.¹2.
324 2871 375 2903 Cf.
391 2882 438 2913 gr.
457 2870 536 2915 βοᾶν
554 2869 654 2914 μέγα,
679 2867 806 2913 μακρὸν
822 2867 959 2908 κλαίειν,

192 2911 308 2957 niceo,
331 2915 462 2948 similia.

255 2962 325 2993 eiici
344 2960 465 3005 vocem]
484 2961 582 2994 Hanc
596 2959 777 2994 lectionem
786 2960 960 2993 Lambinus

989 1294 1007 1313 e
1028 1281 1156 1313 duobus
1177 1281 1273 1313 MSS.
1297 1279 1427 1324 (quibus
1451 1279 1581 1312 accedit
1596 1279 1696 1311 Vind.
1711 1279 1756 1323 1.)

988 1326 1138 1370 reposuit
1158 1338 1220 1370 pro
1240 1326 1373 1369 vulgata
1396 1328 1484 1358 elici:
1507 1337 1605 1370 quam
1630 1325 1759 1357 munire

991 1379 1129 1404 conatur
1164 1374 1314 1404 Davisius
1355 1371 1501 1414 pluribus
1539 1384 1557 1404 e
1592 1370 1758 1402 veteribus

989 1417 1205 1460 scriptoribus
1227 1417 1333 1449 allatis
1351 1416 1442 1456 locis,
1467 1417 1500 1448 in
1519 1416 1635 1460 quibus
1653 1426 1760 1448 vocem

990 1463 1041 1495 vel
1058 1474 1146 1495 voces
1163 1465 1268 1495 elicere
1285 1462 1415 1505 legitur.
1450 1462 1551 1502 Quasi
1567 1472 1645 1494 vero
1664 1461 1759 1493 huius

989 1508 1167 1541 locutionis
1188 1508 1372 1540 bonitatem
1392 1507 1462 1551 quis
1483 1507 1516 1539 iu
1538 1506 1673 1539 dubium
1694 1518 1761 1538 vo·-

991 1566 1065 1586 care
1082 1554 1246 1592 voluerim
1273 1561 1307 1585 at
1326 1553 1409 1586 haec
1428 1553 1563 1591 locutio,
1582 1553 1662 1585 licet
1679 1552 1761 1585 alias

991 1599 1233 1642 elegantissima
1257 1600 1322 1638 sit,
1346 1599 1388 1631 ab
1411 1598 1506 1631 huius
1530 1598 1595 1631 loci
1618 1605 1760 1631 senten-

991 1645 1035 1677 tia
1059 1657 1156 1688 quam
1184 1645 1326 1676 maxime
1355 1644 1525 1676 abhorret.
1570 1643 1762 1688 Requiritur

992 1690 1078 1722 enim
1099 1690 1256 1727 verbum,
1293 1690 1383 1733 qnod
1407 1690 1582 1721 maximam
1605 1701 1668 1733 qua
1696 1699 1761 1722 vox

991 1736 1161 1768 emittatur
1191 1735 1337 1767 declaret
1369 1735 1638 1767 contentionem:
1677 1745 1761 1778 quae

992 1781 1125 1825 quidem
1142 1781 1190 1812 vis
1206 1780 1337 1823 egregie
1353 1780 1547 1824 exprimitur
1562 1779 1665 1812 verbo
1679 1782 1759 1812 eiici.

1059 1829 1201 1859 omnibus
1222 1826 1363 1869 ungulis]
1389 1825 1608 1858 Proverbialis
1627 1824 1761 1857 dicendi

992 1872 1134 1904 formula
1158 1883 1219 1915 pro
1241 1874 1382 1904 omnibus
1404 1874 1544 1912 viribus,
1579 1873 1671 1904 totius
1693 1881 1762 1904 cor-

989 1921 1075 1959 poris
1093 1920 1165 1950 nisu
1177 1942 1186 1958 ,
1211 1924 1247 1948 ut
1266 1917 1350 1949 adeo
1372 1928 1514 1959 ungues,
1539 1916 1573 1949 h.
1593 1928 1622 1948 e.
1647 1923 1761 1948 extre-—

991 1975 1064 1995 mae
1100 1962 1248 2006 corporis
1278 1969 1390 2006 partes
1422 1962 1648 1994 intendantur.
1706 1961 1763 1994 Sic

992 2006 1111 2044 ὀδοῦσι
1131 2008 1190 2042 καὶ
1216 2004 1325 2048 guuiz:
1365 2007 1454 2040 cuius
1477 2007 1645 2051 proverbii
1666 2006 1761 2050 origo

992 2056 1220 2087 Hcmslerhusio
1239 2054 1282 2085 ad
1298 2053 1433 2086 Lucian.
1454 2053 1488 2084 in
1511 2053 1639 2096 Dialog.
1658 2054 1762 2085 Mort.

992 2102 1032 2133 T.
1046 2102 1086 2132 ΙΙ.
1102 2112 1134 2143 p.
1147 2097 1224 2132 455.
1246 2099 1315 2143 ssip.
1336 2098 1520 2132 manavisse
1534 2098 1665 2131 videtur
1678 2110 1698 2130 a
1711 2098 1762 2130 fe-

992 2146 1035 2178 ris
1055 2145 1182 2185 bestiis,
1210 2156 1293 2188 quae
1314 2145 1412 2176 armis
1432 2157 1450 2176 a
1470 2151 1588 2176 natura
1609 2143 1695 2175 datis
1715 2141 1764 2175 uti

992 2190 1111 2222 solent.
1148 2191 1302 2222 Ceterum
1320 2192 1450 2222 Ursinus
1465 2202 1504 2222 ex
1520 2189 1658 2233 antiquo
1675 2189 1762 2228 cod.,

990 2238 1164 2268 Lambinus
1183 2242 1216 2267 et
1229 2238 1385 2268 Bentleius
1399 2235 1578 2278 legendum
1595 2235 1744 2267 arbitran

993 2288 1047 2312 tur
1068 2283 1265 2322 unguiculis,
1291 2281 1366 2323 quia
1390 2279 1521 2312 nomeu'
1535 2283 1673 2322 ungulae
1694 2290 1764 2312 non

993 2326 1122 2358 dicatur
1155 2325 1197 2357 de
1219 2325 1373 2357 homine:
1414 2333 1530 2357 contra
1563 2337 1661 2369 qnam
1686 2325 1764 2368 opi-

993 2371 1128 2403 nionem
1159 2378 1250 2402 recte
1282 2370 1415 2402 videtur
1448 2373 1582 2403 Orellius
1615 2380 1761 2409 monere,

993 2424 1128 2460 tropum
1152 2417 1192 2448 ab
1216 2416 1329 2459 equis,
1365 2415 1421 2458 qui
1453 2416 1604 2447 omnibus
1635 2415 1763 2458 ungulis

995 2462 1182 2499 enituntur,
1217 2468 1385 2504 sumptum
1416 2472 1497 2492 esse.
1542 2461 1661 2503 Neque
1683 2471 1763 2492 vero

994 2519 1125 2550 semper
1145 2510 1280 2547 un9ulas
1301 2506 1343 2537 de
1364 2506 1443 2538 solis
1467 2505 1580 2537 bestiis
1602 2505 1765 2548 usurpari,

995 2552 1200 2584 demonstrat
1231 2554 1382 2584 Davisius
1411 2551 1488 2583 coll.
1511 2550 1618 2582 Plaut.
1644 2550 1763 2582 Pseud.

996 2599 1036 2628 Il.
1053 2601 1084 2636 ζ),
1102 2598 1156 2631 47.
1174 2599 1231 2628 Ill.
1245 2600 1276 2635 2,
1291 2596 1345 2629 63.
1368 2596 1505 2638 aliisque
1518 2595 1612 2628 locis.
1631 2615 1678 2620 --
1710 2595 1765 2628 Sic
1809 2593 1814 2596 ⁵

995 2642 1096 2674 verba
1112 2646 1172 2673 loto
1185 2646 1307 2682 pectore
1322 2640 1490 2684 proverbii
1509 2640 1619 2674 locum
1637 2647 1765 2673 tenent.

994 2687 1083 2718 Hinc
1109 2686 1152 2718 de
1176 2688 1278 2729 Legg.
1301 2688 1325 2718 Ι.
1346 2686 1405 2726 18,
1433 2683 1497 2719 49:
1534 2686 1561 2717 si
1592 2698 1660 2718 non
1693 2686 1765 2729 ipse

994 2732 1116 2764 amicus
1138 2743 1199 2774 per
1220 2743 1256 2764 se
1279 2738 1408 2764 amatur
1428 2735 1488 2764 loto
1507 2736 1644 2772 pectore,
1664 2736 1698 2765 ut
1715 2734 1765 2764 di-

993 2780 1083 2810 citur.

1062 2822 1116 2856 57.
1142 2824 1205 2863 le9e
1230 2823 1343 2865 Varia]
1376 2823 1443 2854 Lex
1467 2825 1564 2855 Varia
1584 2822 1653 2854 lata
1675 2827 1726 2854 est
1746 2820 1782 2854 a*

995 2870 1036 2908 Q.
1056 2867 1158 2901 Vario
1181 2867 1353 2911 Hybrida,
1382 2869 1549 2907 Sucrone,
1583 2866 1765 2911 Hispaniae

993 2913 1250 2946 Tarraconensis
1281 2913 1382 2954 urbe,
1419 2913 1580 2954 oriundo,
1612 2913 1690 2946 trib.
1713 2912 1761 2956 pl.

992 2962 1031 2991 A.
1046 2960 1087 2991 U.
1103 2958 1288 2992 DCLXIH.
1306 2958 1373 3002 (91.
1387 2970 1416 2991 a.
1431 2959 1522 3002 Chr.)
1537 2958 1582 2993 de
1601 2958 1761 2992 maiesta-
1783 2996 1788 2999 μ
