1843 3101
190 40 277 84 300

193 129 336 172 erratis
365 141 489 183 eaque
519 124 796 177 commiserat,
839 131 882 166 ut
911 125 1046 166 salvus
1075 138 1166 166 esse
1192 139 1272 166 non
1295 130 1453 181 posset,
1484 125 1519 167 si
1539 138 1659 167 sanus
1682 138 1774 167 esse

697 44 865 78 LIBER
888 44 931 79 V.
955 42 1020 85 22,
1043 41 1100 79 63.
1122 42 1188 86 23,
1212 42 1268 78 64.

191 203 404 261 coepisset.

306 274 451 319 XXII.
486 280 557 316 65.
606 272 766 328 Quanto
797 286 916 330 opere
947 287 1045 316 vero
1071 273 1264 315 amicitias
1293 273 1538 316 desideraret
1551 266 1575 326 ,”
1608 287 1772 328 quarum

192 352 460 396 infidelitatem
497 348 810 400 extimescebat,
870 348 1086 389 declaravit
1119 348 1159 389 in
1192 346 1457 404 Pythagoreis
1490 347 1641 389 duobus
1676 347 1771 400 illis,

193 441 356 484 quorum
381 439 497 480 quum
517 423 682 464 alterum
701 422 841 464 vadem
862 421 999 464 mortis
1020 423 1256 478 accepisset,
1289 422 1405 474 alter,
1436 429 1481 463 ut
1498 423 1640 464 vadem
1660 435 1774 464 suum

192 502 403 551 liberaret,
451 505 609 555 praesto
630 497 772 538 fuisset
789 497 837 538 ad
858 497 993 538 horam
1016 497 1154 538 mortis
1178 496 1435 538 destinatam:
1483 495 1658 538 Utinam
1677 509 1774 551 6510,

190 575 338 631 iuquit,
373 575 526 615 tertius
547 571 667 614 vobis
687 573 851 616 amicus
872 571 1178 613 miseriberer!
1209 569 1338 625 Quam
1365 569 1454 611 huic
1479 577 1565 612 erat
1585 570 1773 611 miserum

191 663 330 693 carere
353 647 637 691 consuetudine
659 646 873 687 amicorum
889 678 900 697 ‚
934 646 1126 687 societate
1146 646 1298 696 victus,
1333 659 1517 687 sermone
1536 643 1695 687 omnino
1717 645 1773 685 fa-

190 725 354 767 miliari!
397 722 544 764 homini
565 720 797 778 praesertim
819 721 933 761 docto
966 734 988 762 a
1010 734 1131 776 puero
1160 728 1199 762 et
1219 719 1368 760 artibus
1396 720 1580 775 ingenuis
1599 718 1769 760 erudito.

188 798 435 842 Musicorum
467 811 564 839 vero
587 795 876 852 perstudiosum
891 828 901 847 ‚
948 799 1103 851 po'c’tam
1136 795 1253 835 etiam
1278 794 1470 849 tragicum
1489 817 1545 824 —
1566 807 1680 849 quam
1703 792 1773 834 bo-

190 889 311 927 num,
354 872 450 914 nihil
481 871 528 912 ad
560 884 672 922 rem3
718 870 757 910 in
790 870 863 911 hoc
895 869 997 911 enim
1029 883 1177 924 genere
1208 869 1343 909 nescio
1376 883 1452 924 quo
1483 875 1597 924 pacto
1628 866 1771 922 magis,

189 964 304 1005 quam
331 948 370 988 in
399 946 512 997 aliis,
557 958 670 985 suum
698 944 838 999 cuique
867 943 1069 999 pulchrum
1095 950 1182 994 este,
1227 942 1352 983 adhuc
1380 942 1576 983 neminem
1602 941 1773 995 cognovi

189 1029 362 1080 poetam,
384 1021 442 1076 (ct
458 1018 634 1060 mihifuit
649 1032 735 1058 cum
750 1016 925 1072 Aquinio
939 1017 1146 1070 amicitia,)
1163 1016 1228 1072 qui
1244 1016 1319 1058 sihi
1337 1031 1417 1057 non
1431 1015 1600 1072 optimus
1614 1015 1772 1058 videre-

189 1106 278 1150 tur3
312 1097 369 1137 sic
388 1109 431 1136 sc
447 1108 514 1135 res
534 1092 673 1134 habet:
710 1099 785 1144 „te
803 1099 883 1143 tua,
917 1105 980 1132 me
998 1091 1195 1132 delectant
1213 1093 1335 1132 mea“
1354 1115 1412 1120 -
1430 1090 1516 1142 sed,
1552 1097 1593 1132 ut
1608 1091 1656 1131 ad
1672 1088 1771 1131 Dio-

188 1173 345 1228 nysium
370 1170 602 1219 redeamus,
635 1167 741 1207 omni
763 1166 868 1207 cultu
891 1173 931 1207 et
956 1165 1063 1207 victu
1089 1166 1258 1207 humano
1286 1165 1470 1219 carebat3
1502 1165 1661 1207 vivebat
1683 1178 1772 1206 cum

187 1247 389 1303 fugitivis,
425 1258 511 1285 cum
536 1241 787 1293 facinorosis,
821 1255 908 1281 cum
930 1240 1130 1293 barbaris3
1165 1239 1379 1290 neminem,
1413 1239 1476 1294 qui
1500 1246 1569 1280 aut
1589 1239 1772 1280 libertate

188 1322 330 1378 diguus
357 1325 464 1360 esset
487 1324 555 1359 aut
581 1316 703 1359 vellet
728 1315 887 1356 omnino
914 1315 1014 1356 liber
1042 1328 1132 1356 esse
1148 1347 1159 1366 ‚
1193 1314 1265 1356 sibi
1291 1314 1457 1355 amicum
1487 1313 1768 1355 arbitrabatur.

300 1391 467 1436 XXIII.
501 1397 572 1433 64.
618 1389 715 1431 Non
745 1403 819 1444 ego
845 1389 921 1430 iam
942 1403 1029 1429 cum
1056 1388 1169 1429 huius
1193 1388 1300 1439 vita⁷
1345 1402 1420 1443 qua
1446 1389 1610 1441 tetrius,
1651 1388 1772 1430 mise-

186 1469 292 1521 rius,
327 1466 597 1509 detestabilius
618 1463 850 1518 excogitare
870 1463 965 1504 nihil
988 1477 1144 1519 possum
1159 1495 1169 1514 ‚
1202 1460 1383 1504 Platonis
1404 1469 1470 1503 aut
1490 1462 1692 1519 Archytae
1711 1461 1770 1504 vi-

188 1552 266 1586 tam
291 1540 528 1598 comparabo
544 1571 556 1592 ‚
602 1539 804 1579 doctorum
832 1537 1030 1578 hominum
1057 1543 1096 1579 ct
1117 1537 1230 1593 plane
1253 1536 1514 1593 sapientium3
1559 1551 1612 1579 ex
1633 1537 1770 1578 eadem

186 1686 360 1725 praeterea
383 1679 421 1711 fit
451 1677 569 1718 etiam,
600 1682 646 1710 ut.
694 1678 882 1709 Inusitatum
906 1678 962 1716 est,

187 1731 233 1768 ut,
254 1727 286 1759 h.
303 1738 330 1758 e.
352 1724 509 1757 inusitate
528 1723 654 1755 factum
676 1728 746 1761 est,
771 1727 827 1759 ut3
851 1731 960 1754 verum

187 1777 252 1813 est,
276 1776 331 1812 ut,
356 1771 389 1802 h.
403 1783 432 1802 e.
455 1781 534 1802 vere
555 1769 681 1801 factum
701 1774 770 1806 est,
806 1774 842 1798 ut
862 1786 906 1790 —
927 1772 960 1798 et

188 1818 237 1851 sic
262 1827 374 1862 porro.
424 1816 476 1848 Cf.
501 1826 563 1848 nos
584 1814 618 1846 in
644 1814 701 1848 Gr.
724 1814 764 1845 L.
786 1810 904 1856 §.l-12,
926 1813 959 1845 ὃ.

187 1876 221 1908 p.
234 1863 311 1897 372.
333 1862 385 1894 ed.
399 1862 430 1895 2.

260 1909 339 1940 Cir.
355 1909 471 1940 XXII.
495 1906 550 1941 63.
585 1908 620 1938 in
644 1906 851 1945 Pythayoreis
877 1904 960 1935 duo—

189 1956 260 1996 bus]
288 1955 439 1986 Damone
463 1959 496 1985 et
516 1950 658 1984 Phintia.
709 1950 762 1982 Cf.
783 1949 879 1981 Offic.
901 1950 960 1981 ΙΙΙ.

192 1999 244 2040 10,
265 1996 320 2031 45.

262 2046 388 2076 Utinam
409 2063 454 2069 —
475 2044 705 2085 adscribes-em]
743 2040 807 2073 Off.
828 2042 886 2072 111.
909 2040 961 2080 10,

189 2087 253 2123 45:
278 2096 438 2133 tyrannus
459 2089 591 2133 petivit,
614 2095 651 2120 ut
668 2098 699 2120 se
719 2087 762 2119 ad
783 2086 961 2119 amicitiam

188 2137 314 2168 tertium
340 2137 558 2168 adscriberent.
604 2134 745 2167 Tirones
772 2133 960 2171 observent,

191 2180 315 2224 duplex
347 2192 449 2223 genus
487 2192 558 2212 esse
594 2179 700 2223 optati
736 2177 960 2222 exprimendi;

190 2226 326 2270 ponitur
354 2225 441 2257 enim
466 2231 524 2256 aut
546 2224 776 2258 coniunctivus
799 2235 960 2267 praesen-

189 2272 233 2305 tis
246 2297 254 2311 ‚
279 2278 336 2303 aut
356 2270 584 2303 coniunctivus
602 2269 801 2313 imperfecti.
850 2271 960 2309 Quum

191 2323 352 2362 optantur
365 2328 415 2358 ea,
435 2328 518 2359 quae
533 2323 672 2358 possunt
688 2315 833 2357 evenire,
858 2326 959 2358 prae-

190 2376 266 2397 sens
289 2362 447 2407 ponitur3
483 2373 583 2405 quum
615 2372 695 2392 vero
730 2368 888 2402 optantur
909 2372 958 2398 ea,

192 2420 277 2454 quae
311 2408 381 2440 fieri
419 2418 487 2440 non
526 2412 666 2450 possunt
679 2431 687 2444 ‚
725 2405 959 2449 imperfectum

190 2454 338 2499 ponitur.
383 2454 460 2487 Hoc
478 2452 579 2496 igitur
600 2451 676 2483 loco
698 2457 775 2494 apte
796 2451 960 2493 imperfe-

193 2508 281 2534 ctum
304 2499 450 2543 positum
472 2505 541 2537 est,
571 2497 598 2529 si
622 2495 756 2540 quidem
781 2496 959 2539 Dionysius

191 2558 262 2580 rem
284 2545 434 2590 optabat,
458 2555 556 2588 quam
576 2541 664 2575 effici
684 2553 782 2585 posse
800 2541 871 2583 ipse
891 2552 959 2572 non

191 2592 360 2635 sperabat.
394 2592 436 2622 V.
460 2602 520 2623 nos
541 2589 575 2621 in
589 2589 655 2622 Gr„
667 2589 706 2619 L.
725 2588 753 2631 §2
768 2586 847 2624 1025,
868 2585 900 2619 6.
921 2586 955 2628 b)

191 2639 226 2681 α)
249 2636 371 2680 p.169.
392 2636 488 2669 ed.2.
538 2634 593 2667 Sic
611 2632 818 2676 distinguunt
840 2631 960 2663 Graeci

190 2683 278 2716 inter
298 2683 372 2717 εἴῖςε
391 2682 489 2716 τοῦτο
507 2680 643 2724 γένοιτο,
660 2678 787 2711 utinam
803 2677 869 2709 hoc
890 2677 959 2718 fiat,

191 2735 226 2761 et
238 2728 327 2761 inter
344 2728 415 2762 εῗξῒε
432 2727 530 2761 τοῦτο
545 2725 676 2769 ἐγένετο
691 2730 748 2756 aut
764 2720 828 2758 ἔθ’
847 2718 960 2766 ὤφελε

191 2774 289 2809 τοῦτο
304 2773 491 2817 γίγνεσὲαι,
511 2771 638 2803 utinam
665 2771 732 2803 hoc
756 2769 880 2801 factum
905 2779 960 2799 es·-

189 2827 253 2852 set.
289 2820 342 2852 Cf.
361 2830 423 2852 nos
439 2818 475 2851 in
495 2818 642 2850 Gramm.
660 2828 708 2859 gr.
728 2816 823 2848 T.11.
843 2811 959 2858 §.519

192 2865 275 2896 Not.
286 2865 317 2899 7.
334 2876 366 2908 p.
378 2863 453 2898 553.
470 2870 504 2896 et
520 2863 635 2907 §.ew
651 2862 733 2894 Not.
743 2860 774 2894 2.
788 2872 820 2904 p.
833 2856 898 2892 554
911 2870 959 2902 sq.

194 2910 267 2952 (Gr.
284 2910 386 2942 schol.
408 2912 436 2953 §.
448 2909 526 2942 250.
544 2909 626 2941 Not.
637 2906 683 2948 6.)

261 2964 282 2987 α
303 2956 415 2998 puero]
443 2955 484 2987 H.
502 2966 530 2987 e.
552 2965 571 2986 a
594 2952 699 2997 prima
724 2952 903 2985 iuventute.

1062 1677 1254 1707 musicorum
1274 1683 1348 1706 vero
1367 1673 1614 1718 perstudiosum]
1641 1673 1697 1706 Sic
1717 1678 1770 1705 est

994 1720 1027 1752 in
1047 1719 1196 1764 plurimis
1218 1719 1316 1752 codd.
1341 1726 1375 1751 et
1393 1719 1547 1762 optimis;
1580 1719 1680 1762 vulgo
1695 1728 1768 1759 per-

995 1768 1168 1799 studiosum
1193 1768 1392 1805 accepimus,·
1426 1764 1492 1797 duo
1521 1764 1620 1797 codd.
1645 1766 1767 1804 accepi-

995 1822 1065 1844 mus
1083 1818 1159 1854 post
1176 1813 1332 1852 tragicum
1349 1810 1483 1843 habent.
1514 1813 1640 1853 Aperta
1659 1809 1768 1841 inter-

996 1857 1136 1901 polatio.
1179 1857 1295 1888 Cicero
1315 1856 1348 1888 in
1367 1863 1480 1888 mente
1499 1855 1633 1900 quidem
1652 1854 1768 1887 habuit

995 1903 1132 1936 verbum
1157 1905 1357 1943 accepimus,
1390 1901 1451 1934 sed
1473 1901 1509 1933 id
1530 1900 1661 1942 omisit,
1675 1912 1768 1939 Vora-

995 1948 1097 1981 tionis
1114 1948 1241 1992 impetu
1263 1947 1306 1980 ad
1329 1946 1427 1979 aliam
1448 1947 1648 1979 sententiam
1669 1946 1765 1979 dela-

995 2002 1072 2033 tus3
1119 2006 1160 2026 ex
1195 1994 1262 2026 hoc
1299 1992 1436 2036 aliisque
1473 1992 1646 2036 permultis
1683 1991 1767 2024 locis

995 2039 1178 2073 meridiana
1201 2039 1274 2071 luce
1298 2039 1415 2071 clarius
1437 2044 1596 2082 apparet,
1620 2037 1671 2070 his
1694 2037 1767 2070 dis-

996 2085 1225 2129 putationibus
1266 2096 1334 2117 non
1372 2084 1523 2127 ultimam
1558 2095 1577 2116 a
1607 2083 1767 2116 Cicerone

994 2132 1108 2165 limam
1131 2131 1301 2163 admotam
1325 2142 1406 2163 esse.
1442 2129 1635 2162 Sententiae
1655 2136 1768 2162 autem

996 2178 1043 2210 sic
1065 2189 1100 2209 se
1124 2176 1309 2220 excipiunt:
1346 2177 1453 2216 Quam
1472 2175 1550 2208 huic
1573 2181 1645 2208 erat
1662 2175 1768 2207 mise-

994 2235 1066 2257 rum
1090 2234 1201 2255 carere
1221 2222 1461 2254 consuetudine
1479 2220 1660 2254 amicorum
1673 2246 1682 2260 ,
1706 2232 1767 2253 so-

996 2269 1115 2302 cietate
1137 2268 1263 2307 victus,
1287 2279 1441 2299 sermone
1461 2266 1597 2299 omniuo
1618 2265 1766 2298 familia-

994 2315 1040 2347 ri!
1065 2313 1193 2346 homini
1218 2313 1413 2357 praesertim
1437 2312 1540 2345 docto
1562 2324 1582 2344 a
1604 2323 1709 2355 puero
1731 2318 1767 2343 et

993 2361 1119 2393 artibus
1146 2359 1296 2402 ingenuis
1321 2358 1463 2391 erudito.
1512 2357 1655 2391 Vivebat
1678 2357 1766 2390 enim

995 2417 1068 2438 cnm
1101 2404 1250 2448 fugitivis
1283 2411 1347 2436 etc.
1394 2405 1435 2437 V.
1463 2403 1634 2436 Adnotata
1664 2402 1698 2434 in
1721 2404 1765 2435 ΙΙ.

997 2452 1013 2484 1
1026 2477 1034 2491 ‚
1055 2451 1087 2484 3.
1139 2451 1293 2482 Ceterum
1317 2449 1433 2482 Cicero
1455 2449 1566 2482 dicere
1587 2448 1674 2480 solet
1693 2458 1765 2480 mu-

992 2500 1079 2537 sica,
1101 2499 1293 2529 musicorum
1318 2494 1374 2539 (τὰ
1396 2491 1567 2539 μουσικά).
1610 2494 1652 2526 V.
1675 2492 1719 2525 ad
1737 2494 1764 2526 I.

995 2540 1040 2574 24
1053 2567 1061 2581 ‚
1086 2542 1142 2575 57.

1059 2589 1214 2619 neminem
1234 2606 1276 2610 —
1291 2585 1432 2629 poetam]
1450 2585 1490 2617 V.
1503 2585 1707 2624 sturenbury.
1728 2583 1764 2615 in

992 2633 1035 2663 ΙΙ.
1057 2631 1345 2664 commentatione
1365 2630 1408 2662 ad
1421 2629 1485 2662 Off.
1497 2641 1524 2662 c.
1535 2627 1556 2660 2
1566 2640 1638 2672 sqq.
1655 2635 1690 2660 et
1702 2640 1764 2661 nos

992 2676 1026 2708 in
1048 2677 1105 2708 Gr.
1125 2677 1166 2708 L.
1191 2676 1288 2721 §.39
1307 2677 1390 2709 Not.
1405 2675 1438 2708 2.
1460 2687 1493 2718 p.
1507 2674 1551 2707 :38
1563 2685 1612 2718 sq.
1634 2673 1686 2706 ed.
1699 2674 1732 2706 2.

1063 2725 1091 2754 et
1123 2725 1200 2754 mihi
1235 2723 1295 2762 fuit
1329 2732 1400 2754 cum
1432 2722 1565 2761 Aquinio
1604 2721 1761 2762 amicitia]

995 2766 1155 2811 Aquinius
1185 2773 1257 2798 erat
1289 2772 1392 2810 poeta
1424 2765 1528 2797 malus
1554 2771 1589 2796 et
1609 2764 1762 2797 insulsus.

994 2814 1034 2846 V.
1047 2812 1167 2844 Catull.
1178 2813 1273 2851 XIV,
1287 2812 1338 2845 18.
1368 2810 1540 2844 Sententia
1553 2810 1655 2854 igitur
1666 2810 1764 2843 huius

994 2858 1061 2891 loci
1084 2864 1134 2890 est
1155 2858 1257 2890 haec:
1294 2856 1411 2889 Adhuc
1430 2856 1597 2889 neminem
1620 2854 1763 2900 cognovi

994 2910 1139 2948 poetam,
1165 2904 1220 2948 qui
1242 2902 1304 2935 sibi
1325 2914 1393 2935 non
1411 2902 1556 2946 optimus
1574 2901 1764 2942 videretu15

994 2949 1074 2994 quid
1087 2949 1103 2982 ἐ’
1141 2949 1213 2994 ipse
1238 2948 1415 2993 Aquinius,
1451 2947 1612 2993 pessimus
1648 2952 1760 2991 poeta,
