1859 3117
676 44 847 78 LIBER
873 47 898 78 1.
922 43 989 87 49,
1016 45 1094 81 117.
1593 44 1676 88 123

91 129 308 173 meratione
332 128 590 170 humanorum
612 124 821 166 malorum.
885 124 961 168 Cui
984 128 1160 170 rationes
1183 142 1255 170 eae
1271 161 1282 182 ,
1316 143 1417 185 quae
1440 133 1676 187 exquisitius

91 219 115 248 a
142 203 383 261 philosophis
414 201 676 256 colliguntur,
722 200 958 252 defuerunt,
1001 203 1162 244 ubertas
1193 204 1386 246 orationis
1419 220 1499 247 non
1534 207 1672 249 defuit.

88 277 234 322 Clarae
253 292 350 322 vero
373 282 522 318 mortes
540 307 550 327 ,
594 289 663 330 pro
686 274 813 330 patria
834 276 1030 330 oppetitae.
1049 310 1059 329 ‚
1103 292 1183 319 non
1203 279 1329 320 solum
1356 280 1555 335 gloriosae
1585 283 1677 324 rhe-

84 354 262 406 toribus,
305 352 375 394 sed
405 351 524 392 etiam
562 350 701 391 beatae
732 349 859 390 videri
893 350 1039 391 solent.
1115 351 1320 409 Repetunt
1347 355 1394 395 ab
1426 354 1672 410 Erechtheo,

86 429 198 471 cuius
235 427 352 470 etiam
389 426 490 467 filiae
515 425 652 481 cupide
684 431 851 465 mortem
872 425 1154 480 expetiverunt
1177 443 1245 483 pro
1274 429 1353 470 vita
1376 429 1548 483 civium3
1594 430 1675 474 Co-

85 504 222 556 drum,
265 503 331 558 qui
362 516 405 543 se
436 501 476 542 in
507 500 657 542 medios
693 499 856 540 immisit
895 499 1030 541 hostes
1059 508 1174 542 veste
1212 504 1414 555 famulari,
1459 519 1509 547 ne
1541 515 1678 563 posset

84 577 246 634 agnosci
265 609 277 629 ,
318 577 352 618 si
379 582 487 618 esset
511 581 652 616 ornatu
682 574 820 629 regio,
863 575 966 629 quod
995 576 1197 617 oraculum
1223 585 1308 618 erat
1336 580 1465 620 datum
1485 613 1495 632 ‚
1540 581 1573 623 si
1600 597 1675 625 rex

83 652 318 694 interfectus
353 657 486 702 esset,
532 649 719 691 victrices
741 649 922 690 Athenas
948 651 1049 691 sore.
1110 649 1358 694 Menoeceus
1396 669 1475 696 non
1499 665 1676 712 praeter-

80 727 272 779 mittitur,
316 726 380 781 qui
403 726 425 751 *
451 725 544 765 item
578 724 739 765 oraculo
767 724 872 765 edito
899 725 1066 780 largitus
1102 733 1164 766 est
1190 727 1341 782 patriae
1371 743 1485 770 suum
1513 733 1675 787 sangui-

80 815 169 843 nem
177 832 186 842 .

79 877 225 918 ciatm·
254 889 348 918 suo.

247 799 454 857 Iphigenia
484 798 629 840 Aulide
655 799 741 839 duci
776 812 820 839 se
843 799 1116 841 immolandam
1142 800 1277 853 iubet,
1318 808 1365 844 ut
1387 803 1571 847 hostium
1599 809 1675 850 eli-

410 872 591 915 Veniunt
621 873 710 914 inde
742 873 790 914 ad
822 874 1022 930 propiora.

190 947 354 991 XLIX.
417 947 659 989 Harmodius
688 948 727 989 in
749 962 818 989 ore
841 956 881 989 et
901 948 1148 1005 Aristogito‚
1196 950 1541 996 Lacedaemonius
1563 954 1672 998 Leo-

79 1024 218 1076 nidas,
264 1024 482 1065 Thebanus
514 1021 806 1078 Epaminondas
843 1023 966 1078 viget.
1027 1023 1204 1066 Nostros
1239 1041 1318 1068 non
1353 1037 1524 1082 norunt,
1573 1046 1672 1086 quos

79 1112 314 1141 enumerare
346 1112 531 1154 magnum
564 1104 648 1148 est,
692 1098 746 1138 ita
781 1105 872 1138 sunt
905 1098 1044 1150 multi,
1091 1100 1230 1155 quibus
1268 1102 1446 1144 videmus
1479 1105 1671 1160 optabiles

77 1180 227 1215 mortes
255 1173 377 1215 fuisse
401 1187 488 1214 eum
513 1172 654 1227 gloria.

75 1271 126 1303 gr.
147 1256 295 1297 θάνατοι,
319 1258 340 1291 i.
360 1270 388 1291 e.
410 1258 528 1291 mortis
548 1269 680 1301 genera.
714 1259 754 1292 V.
779 1257 853 1290 Ad-

77 1312 196 1338 notata
218 1305 252 1337 in
276 1307 334 1338 IV.
357 1304 402 1347 2,
428 1305 460 1338 ὃ.

169 1351 322 1396 Codrum]
357 1350 433 1383 Scil.
458 1349 616 1389 laudant,
643 1361 853 1382 commemo-

75 1403 170 1437 rant,
207 1397 298 1441 quod
331 1396 430 1429 facile
456 1408 496 1428 ex
520 1396 735 1428 antecedenti
764 1406 853 1437 repe-

75 1447 143 1475 tunt
171 1442 244 1475 elici
270 1449 395 1487 potest.
444 1443 493 1474 De
518 1442 689 1474 locutione
719 1447 853 1483 repetere

75 1490 116 1520 ab
130 1491 237 1529 aliquo
252 1495 308 1521 aut
326 1491 442 1529 aliqu&
453 1499 486 1521 re
501 1499 609 1531 comp.
628 1487 670 1520 de
682 1490 736 1520 Or.
754 1489 779 1520 Ι.
795 1488 852 1530 20,

74 1532 139 1568 91:
165 1545 267 1578 quum
286 1541 456 1578 repeteret
480 1545 581 1577 usque
604 1547 622 1566 a
649 1534 783 1567 Corace.
808 1533 850 1565 de

74 1580 147 1612 Inv.
166 1581 208 1611 11.
233 1580 277 1620 2,
301 1579 343 1614 6:
381 1587 511 1612 veteres
536 1580 670 1623 quidem
702 1580 848 1623 scripto-

73 1637 127 1657 res
151 1625 231 1658 artis
251 1637 353 1670 usque
376 1638 395 1658 a
418 1626 569 1670 principe
591 1626 648 1658 illo
673 1634 772 1669 atque
795 1626 848 1657 in-

73 1678 215 1704 ventore
239 1671 331 1705 Tisia
356 1671 531 1716 repetitos.
582 1672 692 1704 Divin.
715 1674 784 1711 1.1,
807 1672 849 1705 2:

74 1724 110 1749 ut
134 1717 174 1749 ab
201 1717 325 1750 ultimis
351 1718 584 1751 auctoritatem
604 1725 765 1761 repetam.

140 1765 335 1806 Menoeceus]
374 1763 519 1797 Tiresias
555 1771 649 1796 vates
680 1764 850 1796 Thebanis

72 1807 249 1841 victoriam
268 1809 343 1842 fore
362 1809 573 1853 promiserat,
594 1810 621 1842 si
635 1810 850 1849 Menoeceus,

74 1854 228 1887 Creontis
251 1855 356 1894 filius,
383 1855 485 1888 Marti
506 1855 643 1888 victima
663 1856 773 1888 factus
795 1867 850 1887 es-

72 1907 135 1933 set.
189 1901 241 1932 Cf.
269 1901 417 1934 indicem
439 1902 518 1934 hist.

139 1948 266 1989 Aulide]
292 1947 313 1979 i.
337 1959 365 1979 e.
389 1958 486 1988 quum
504 1948 616 1979 Aulide
638 1951 724 1978 esset.

146 1996 181 2024 ut
213 1994 348 2037 hostium
381 1995 525 2025 eliciatur
556 1994 628 2033 suo]
675 1992 734 2023 His
771 2004 850 2024 ver-

73 2037 125 2070 bis
157 2037 274 2070 Cicero
314 2037 448 2070 videtur
485 2037 670 2080 respexisse
713 2041 850 2080 poetam

73 2083 236 2127 aliquem3
263 2089 355 2115 certe
376 2082 545 2126 poeticum
566 2082 732 2126 quendam
752 2083 849 2116 colo-

71 2140 143 2161 rem
163 2140 202 2160 ea
222 2139 303 2171 prae
323 2140 358 2160 se
380 2129 505 2160 ferunt.

142 2174 221 2206 CAr.
237 2174 368 2206 XLIX.
403 2176 438 2206 in
462 2184 512 2207 ore
536 2193 580 2199 —
604 2175 700 2219 viget]
740 2176 847 2214 Quum

72 2219 190 2252 Cicero
210 2218 290 2251 alias
312 2231 380 2252 non
402 2219 597 2264 simpliciter
617 2220 708 2252 dicat
733 2224 849 2262 aliquis

72 2268 105 2298 in
121 2276 173 2298 ore
191 2269 246 2306 esc,
270 2265 332 2297 sed
348 2265 452 2298 addat
475 2269 629 2307 ominibus,
653 2277 773 2308 semper
795 2267 848 2299 vel

69 2310 177 2343 simile
209 2310 310 2354 quid,
343 2317 379 2343 ut
401 2312 505 2355 Legg.
527 2314 552 2344 Ι.
575 2312 606 2351 ¹2,
630 2312 670 2345 6:
706 2312 761 2356 qui
785 2312 848 2345 tibi

68 2367 190 2398 semper
209 2359 244 2389 in
264 2367 315 2389 ore
335 2361 390 2390 est.
413 2357 455 2390 ad
470 2361 541 2390 Att.
561 2359 590 2390 V
595 2359 618 2397 1,
636 2358 678 2391 3:
704 2359 764 2390 tibi
786 2371 848 2391 au-

68 2409 139 2434 tem
169 2404 264 2435 valde
287 2405 362 2435 solet
384 2406 417 2436 in
441 2413 493 2436 ore
515 2414 588 2436 esse.
633 2404 704 2436 Fin.
725 2406 767 2436 II.
790 2406 844 2443 25,

67 2447 132 2483 76:
157 2448 215 2481 illa
234 2467 278 2473 -—
294 2458 416 2490 semper
432 2449 494 2481 tibi
509 2452 541 2483 in
555 2460 606 2482 ore
623 2454 704 2482 sunt.
723 2450 767 2482 ib.
787 2452 846 2483 ΙΙΙ.

70 2492 123 2535 11,
140 2493 205 2530 37:
231 2504 328 2538 quem
351 2501 388 2526 tu
408 2497 442 2527 in
461 2506 513 2528 ore
534 2506 656 2536 semper
675 2498 777 2529 habes.
801 2496 846 2528 ib.

68 2540 126 2572 lv.
140 2539 197 2583 28,
213 2540 267 2574 79.
291 2540 383 2573 Lael.
399 2542 425 2583 Ι,
437 2541 480 2574 2:
503 2541 558 2585 qui
572 2549 642 2573 tum
660 2544 723 2582 fere
740 2545 847 2575 multis

69 2589 134 2618 erat
153 2587 187 2618 in
209 2596 282 2626 ore,
314 2586 418 2619 verba
445 2589 480 2620 in
510 2597 561 2620 ore
583 2587 748 2630 iungimus
773 2600 846 2620 cum

69 2630 170 2663 verbo
181 2633 285 2673 viyet5
307 2634 343 2665 in
354 2641 405 2665 ore
417 2635 522 2674 vigere
534 2632 705 2676 eleganter
718 2633 845 2666 dictum

71 2681 121 2706 est
132 2687 194 2719 pro
207 2676 377 2718 celebrari,
393 2678 589 2722 praedicari.
619 2679 669 2712 Cf.
683 2680 845 2723 Xenoph.

74 2719 292 2756 commentar.
311 2724 355 2756 Π.
377 2724 406 2763 1,
427 2723 491 2757 33ε
519 2723 605 2767 μετὰ
628 2723 768 2769 μνήμης
787 2724 846 2760 τὸν

71 2759 126 2798 ἀεὶ
143 2762 256 2810 χρόνον
279 2766 480 2812 ὑμνούμενοι
502 2767 584 2804 §aix
596 2772 668 2804 λου
681 2781 702 2805 σ
714 2783 733 2805 ι.

136 2821 286 2853 magnum
310 2814 368 2859 est]
394 2816 438 2847 H.
463 2827 492 2847 e.
520 2815 680 2855 difficile,
717 2828 845 2861 opero-

73 2865 144 2887 sum
166 2863 226 2888 est.
274 2859 329 2892 Sic
356 2860 430 2904 pari
452 2861 555 2894 modo
583 2862 673 2906 apud
696 2863 844 2896 Graecos

72 2911 172 2943 saepe
199 2910 352 2937 neutrum
374 2906 532 2939 adiectivi
554 2915 752 2951 usurpatur,
788 2909 844 2941 ubi

73 2957 92 2977 e
109 2952 243 2980 nostrae
255 2948 386 2994 liuguae
400 2951 531 2984 ratione
552 2960 724 2996 exspectes
744 2965 843 2997 pron.

71 2989 105 3026 τὶ
130 2990 292 3027 additum.
340 2997 382 3029 V.
413 3008 476 3029 nos
507 2997 550 3030 ad
563 2999 722 3042 Xenoph.
740 2999 844 3031 Com-

728 1178 826 1214 117.
861 1170 975 1226 Quae
1000 1189 1118 1228 quum
1141 1175 1195 1216 ita
1224 1176 1330 1228 sint,
1373 1192 1516 1233 magna
1542 1186 1673 1222 tamen

889 1266 1028 1291 mentar.
1053 1261 1078 1292 Ι.
1101 1260 1142 1299 2,
1167 1260 1223 1294 30.
1273 1263 1310 1293 In
1341 1262 1503 1295 eiusmodi
1535 1264 1670 1298 dicendi

890 1306 1053 1344 formulis,
1080 1306 1192 1350 quales
1211 1314 1304 1338 sunt:
1327 1311 1455 1349 lorcyum
1470 1315 1523 1351 esl,
1543 1313 1672 1352 difficile

890 1356 943 1391 est,
959 1351 1054 1390 aliae,
1072 1364 1185 1395 porro,
1201 1357 1289 1389 salis,
1308 1364 1380 1394 par,
1395 1360 1525 1396 rectum,
1542 1359 1670 1399 iustum,

888 1400 1046 1437 idoneum,
1069 1401 1242 1439 ominium,
1267 1405 1525 1443 consentaneum,
1550 1405 1671 1445 melius,

888 1446 1041 1484 aequius,
1066 1447 1197 1485 rectius,
1222 1448 1323 1477 salius
1346 1450 1410 1487 esc,
1433 1466 1479 1471 —
1513 1453 1601 1489 erat,
1626 1469 1671 1474 —

888 1491 965 1530 fuit,
992 1509 1033 1513 —
1067 1492 1170 1530 fuerat
1191 1491 1284 1522 latini
1305 1492 1488 1536 scriptores
1509 1493 1672 1527 indicati-

888 1547 964 1567 vum
998 1543 1180 1579 usurpant,
1222 1544 1257 1569 ut
1289 1537 1352 1569 hae
1383 1540 1571 1572 sententiae
1603 1544 1669 1574 sine

886 1584 1079 1621 conditione,
1104 1585 1288 1622 simpliciter
1313 1591 1491 1627 ponantur.
1542 1586 1669 1619 Eadem

886 1627 973 1659 ratio
991 1635 1039 1659 est
1055 1628 1088 1659 in
1106 1629 1212 1660 verbis
1227 1642 1232 1660 ;
1258 1640 1348 1669 posse
1370 1632 1421 1672 (V.
1439 1631 1481 1662 ad
1494 1633 1534 1664 II.
1550 1631 1600 1671 19,
1614 1630 1669 1664 45.

886 1674 945 1704 111.
959 1671 990 1712 4,
1005 1673 1050 1709 TA
1067 1686 1073 1711 ;
1101 1676 1208 1707 debere
1226 1676 1297 1717 illl.
1309 1678 1363 1715 22,
1378 1677 1458 1717 54),
1478 1681 1596 1717 oportet
1614 1679 1667 1721 (V.

886 1718 928 1751 ad
952 1720 991 1750 Il.
1015 1719 1067 1760 153,
1090 1719 1158 1752 303
1173 1745 1182 1758 ‚
1207 1731 1328 1752 necesse
1349 1725 1411 1761 est,
1438 1724 1543 1763 decet;
1568 1722 1669 1755 deni-

887 1776 949 1808 que
974 1764 1008 1796 in
1030 1768 1200 1805 participio
1231 1768 1330 1806 futuri
1361 1770 1505 1809 passivi,
1540 1768 1574 1800 in
1601 1780 1667 1812 quo

888 1810 987 1841 etiam
1016 1810 1226 1842 necessitatis
1256 1811 1350 1843 notio
1371 1812 1468 1845 inest.
1516 1815 1586 1846 lam
1608 1827 1669 1847 ac-

886 1855 1092 1899 quiescamus
1117 1855 1149 1886 in
1177 1856 1344 1888 nonnullis
1378 1858 1537 1902 exemplis
1569 1860 1667 1904 primi

885 1900 1015 1944 generis
1038 1901 1228 1934 afferendis.
1278 1904 1384 1946 Supra
1408 1916 1435 1936 c.
1454 1905 1494 1945 ὅ,
1520 1905 1581 1940 17:
1607 1918 1667 1939 su-

886 1946 1027 1990 perbum
1048 1946 1082 1978 id
1102 1947 1235 1990 quidem
1256 1953 1309 1980 est.
1335 1960 1363 1981 c.
1382 1949 1433 1988 11,
1459 1951 1522 1984 23:
1552 1951 1667 1996 Cupe-

886 2004 956 2024 rem
981 1992 1134 2035 equidem
1161 2001 1356 2038 utrumque,
1382 1995 1408 2027 si
1434 2004 1570 2039 posset;
1605 1999 1666 2031 sed

885 2042 928 2070 est
952 2040 1082 2079 difficile
1110 2039 1329 2072 confundere.
1379 2042 1477 2074 Offic.
1505 2044 1531 2075 I.
1556 2043 1597 2085 9,
1622 2042 1662 2078 4:

883 2086 1020 2124 Aequius
1039 2104 1084 2109 —-
1096 2089 1174 2126 erat,
1199 2085 1233 2117 id
1251 2086 1427 2120 voluntate
1444 2088 1526 2121 fieri.
1572 2090 1665 2123 Infra

885 2130 943 2161 Ill.
967 2132 991 2169 l,
1010 2130 1051 2164 2:
1089 2130 1188 2171 Quod
1210 2131 1236 2163 si
1260 2132 1344 2164 tales
1372 2145 1434 2166 nos
1461 2141 1581 2168 natura
1601 2149 1664 2180 ge-

883 2175 1011 2207 nuisset
1032 2189 1097 2207 -:
1135 2179 1222 2210 haud
1245 2182 1311 2211 erat
1332 2189 1409 2212 sane
1432 2187 1495 2213 etc.
1526 2183 1582 2215 IV.
1605 2182 1663 2225 31,

883 2219 946 2254 66:
990 2224 1101 2265 Atque
1134 2227 1201 2255 erat
1234 2225 1336 2264 facile.
1396 2226 1485 2266 Quid
1515 2227 1664 2260 futurum

883 2271 949 2299 erat
969 2288 1025 2309 -—,
1051 2268 1078 2299 si
1096 2289 1142 2293 —
1166 2270 1369 2312 putassent?
1396 2272 1451 2304 Sic
1466 2273 1586 2306 Graeci
1608 2274 1663 2305 di-

885 2320 984 2353 cunt,
1019 2313 1140 2347 omissa
1164 2315 1328 2358 particula
1348 2312 1413 2360 gii-a,
1440 2317 1540 2361 ἐξῆν,
1564 2320 1660 2364 γρῆν,

884 2357 971 2395 ἔδει,
996 2361 1167 2409 προςήκε,
1193 2360 1312 2404 καιρὸς
1335 2361 1400 2405 ἦν,
1439 2365 1555 2403 καλῶς
1577 2357 1660 2408 ὲῖχε,

883 2405 1007 2447 μᾶλλον
1032 2410 1115 2449 ely-s,
1140 2405 1278 2449 καιρόν,
1304 2407 1465 2453 αἰσχρόν,
1492 2409 1585 2448 εἰκὸς
1606 2407 1661 2453 ἦν.

882 2451 919 2482 [n
937 2458 1049 2484 nostra
1062 2452 1172 2495 lingua
1187 2453 1351 2486 eiusmodi
1362 2455 1532 2487 enuntiata
1545 2455 1661 2487 condi-

881 2496 1052 2529 tionaliter
1065 2510 1126 2541 per
1143 2498 1390 2532 coniunctivum
1406 2501 1659 2542 efferi-jusolent.

881 2543 922 2574 V.
946 2545 1084 2576 Kilhner.
1110 2546 1150 2577 L.
1178 2545 1236 2577 Gr.
1264 2545 1393 2588 §10:5,
1418 2546 1450 2579 3.
1479 2557 1511 2589 p.
1528 2545 1592 2579 16¹2
1607 2558 1658 2590 sq.

883 2587 978 2621 ed.2.
996 2596 1030 2621 et
1043 2589 1154 2633 §.lb-l»,
1168 2588 1200 2623 4.
1218 2603 1250 2634 p.
1262 2589 1330 2624 41&
1339 2602 1389 2635 sq.
1426 2591 1563 2623 Rariora
1581 2599 1659 2624 sunt

881 2635 1053 2678 exempla,
1077 2636 1111 2668 in
1134 2636 1251 2680 quibus
1273 2636 1502 2669 coniunctivus
1525 2636 1659 2679 legitur,

882 2686 918 2711 ut
941 2682 981 2713 II.
1003 2682 1043 2721 ὃ,
1071 2680 1126 2714 14:
1166 2682 1270 2725 magis
1298 2686 1373 2715 esset
1398 2683 1605 2723 pudendum,
1630 2684 1658 2716 si

880 2725 912 2757 in
934 2727 1102 2759 sententia
1120 2739 1343 2772 permaneres.
1395 2727 1449 2758 Sic
1465 2738 1602 2770 possem,
1625 2741 1657 2762 v.

881 2771 924 2804 ad
946 2774 1003 2804 Ill.
1029 2771 1070 2810 4,
1093 2773 1124 2808 7.

949 2821 1099 2859 optabiles
1121 2822 1234 2851 mortes
1257 2837 1302 2842 -
1325 2827 1396 2850 cum
1427 2819 1545 2861 gyloria]
1580 2819 1602 2854 ἰ.
1626 2833 1655 2856 e.

879 2870 1004 2896 mortes
1027 2867 1190 2905 gloriosas.
1226 2863 1266 2895 V.
1287 2862 1330 2894 ad
1351 2864 1392 2894 ΙΙ.
1416 2864 1449 2904 3,
1467 2863 1508 2899 7:
1533 2865 1657 2900 lectio-

880 2920 957 2941 nem
979 2909 1051 2941 sine
1075 2909 1142 2940 ulla
1165 2908 1403 2941 delectatione.

950 2954 1026 2988 117.
1065 2956 1153 2994 Quae
1184 2964 1281 2994 quum
1311 2955 1358 2987 ita
1386 2957 1449 2988 sint
1470 2961 1653 3002 ——1amen3

880 3000 924 3032 H.
943 3011 973 3032 e.
999 3011 1082 3043 quae
1103 2999 1252 3043 quamvis
1272 2999 1320 3033 ita
1341 2999 1419 3042 siut,
1442 3008 1567 3037 tamen.
1601 3005 1657 3038 Sic
