1843 3085
181 72 265 117 340

546 200 572 232 Ο

184 256 334 289 Octavius
357 256 412 288 Cn.
438 254 551 287 consul
575 253 639 286 fuit
660 254 715 288 ὃὸ.
731 267 760 286 a.
783 254 859 286 Chr.
883 265 947 286 una

225 311 299 333 cum
315 300 428 339 Cinna,
451 300 540 332 cuius
561 299 649 332 iussu
672 299 701 333 ei
727 306 826 344 caput
846 311 947 342 prae-

226 345 328 378 cisum
349 352 410 377 est.

182 392 313 431 Oeneus,
334 402 392 423 rex
415 389 617 435 Calydoniae
635 391 668 422 in
689 390 830 429 Aetolia,
856 390 946 423 cuius

225 436 292 468 filia
308 443 379 468 erat
401 436 565 468 Deianira.
616 437 683 469 Cfr.
704 439 865 470 Deianira.

183 483 376 521 Oenomaus,
414 493 472 514 rex
505 482 609 514 Elidis
641 490 674 514 et
705 483 814 521 Pisae,
848 489 947 525 pater

225 527 482 571 Hippodamiae.
498 528 532 567 ὃ,
547 528 601 561 26.
636 528 705 560 Cfr.
719 529 946 569 Hippodamia.

183 574 281 613 Oeta,
316 584 412 605 mons
434 573 644 614 Thessaliae,
670 575 702 606 in
726 585 792 617 quo
815 574 944 606 Hercu-

225 617 273 649 les
297 629 333 650 se
356 618 546 651 combussit.
580 623 621 658 2,
648 619 700 653 19.
749 618 830 652 Vdr.
852 621 947 652 Deia-

223 665 306 696 nira.

182 710 307 749 Olleus,
330 721 389 741 rex
410 709 605 748 Locrorum,
629 717 726 753 pater
747 709 865 749 Aiacis,
891 709 946 754 qui

223 766 243 786 a
266 754 369 798 patris
390 756 525 787 nomine
558 755 643 787 Oilei
668 767 853 799 cognomen
886 767 945 788 ac-

225 799 313 843 cepit
334 799 377 832 ad
396 812 470 832 eum
493 800 762 844 distinguendum
783 801 823 833 ab
846 800 945 833 Aiace

222 845 434 878 Telamonio.
467 846 506 887 3,
533 847 587 880 71.

182 892 348 932 Olympia,
382 891 474 924 locus
496 903 605 932 sacer,
630 892 663 924 in
689 892 803 931 Elide,
842 892 942 923 Pelo-

224 936 365 979 ponnesi
398 937 554 980 regione,
593 937 635 969 ad
674 937 791 980 Alphei
824 936 944 968 ostium

223 981 317 1024 situs,
339 981 395 1014 ubi
412 981 481 1014 ludi
502 982 660 1026 olympici
680 982 942 1014 celebrabantur.

180 1028 298 1066 Orcus,
322 1027 506 1059 inferorum
525 1028 623 1066 deus,
649 1028 704 1071 qui
726 1028 827 1060 etiam
845 1028 943 1060 Pluto

223 1078 372 1105 vocatur.
425 1073 597 1106 Interdum
629 1085 731 1117 regna
759 1074 830 1116 ipsa
861 1073 942 1105 sub—

223 1124 386 1150 terranea.
414 1119 430 1151 1
446 1144 453 1158 ‚
478 1118 533 1152 45.

180 1164 309 1205 Orestes,
328 1164 585 1207 Agamemnonis
605 1171 639 1196 et
660 1164 944 1209 Clytaemnestrae

224 1208 328 1250 filius,
362 1209 486 1242 occidit
507 1218 648 1242 matrem
672 1222 745 1242 cum
769 1210 941 1254 Aegistho,

224 1254 292 1286 eius
317 1254 480 1288 adultero.
530 1256 673 1300 Propter
702 1257 785 1289 haec
817 1256 942 1289 scelera

222 1299 367 1344 agitatus
389 1308 441 1333 est
460 1301 564 1333 furiis.
597 1303 639 1342 ὃ,
668 1302 718 1335 11.

179 1347 329 1387 Orpheus.
385 1346 551 1390 Apollinis
583 1353 617 1379 et
651 1347 817 1390 Calliopes
847 1346 943 1387 filius,

219 1402 278 1423 rex
293 1391 468 1432 Thraciae,
487 1391 622 1424 man'tus
640 1392 833 1436 Eurydices,
848 1404 945 1437 quarn

221 1435 263 1468 ab
286 1436 403 1469 inferis
426 1437 585 1470 reducere
607 1445 744 1470 conatus
767 1445 828 1470 est.
874 1439 943 1470 Ex-

223 1480 363 1514 cellebat
394 1482 486 1526 lyra,
523 1494 620 1527 quam
652 1495 671 1514 a
694 1483 861 1516 Mercurio
891 1483 943 1516 vel

221 1527 263 1560 ab
283 1527 357 1571 ipso
379 1528 535 1572 Apolline
556 1528 697 1572 accepit.
735 1530 750 1561 1
765 1554 773 1569 ,
798 1528 852 1563 925.

540 1610 567 1640 Ρ

175 1664 392 1705 pacidianus,
415 1663 582 1708 gladiator
600 1663 733 1697 nobilis.
757 1661 800 1705 4,
823 1662 878 1698 48.

175 1710 357 1750 Pacuvius,
392 1721 409 1742 e
431 1709 618 1742 Brundusio
642 1709 819 1749 oriundus,
844 1714 945 1754 poe'ta

221 1755 447 1787 Romanorum
464 1755 628 1798 tragicuS‚
653 1755 752 1787 Ennii
772 1767 810 1787 ex
828 1767 944 1788 sorore

221 1811 338 1844 nepos.
387 1801 562 1834 Gravitate
579 1800 830 1842 sententiarum,
853 1812 943 1845 pon-

220 1844 300 1879 dere
321 1846 518 1886 verborum,
557 1846 758 1879 auctoritate
779 1859 942 1890 persona—

221 1903 295 1924 rum
322 1891 518 1925 clarissimus
548 1891 631 1932 fuit,
676 1892 736 1925 sed
767 1892 943 1925 destitutus

221 1936 332 1970 nitore
357 1939 398 1981 (c.
415 1949 444 1970 a.
459 1939 532 1971 155.
547 1949 577 1970 a.
594 1937 699 1981 Chr.).

177 1983 384 2024 Palamedes,
406 1982 562 2027 Nauplii,
585 1983 743 2016 Euboeae
769 1983 877 2027 regis,
901 1983 944 2016 fi-

221 2027 305 2068 lius,
341 2028 432 2060 Ulixi
453 2028 718 2070 inimicissimus,
745 2029 833 2061 cuius
858 2029 944 2062 dolis

223 2079 258 2105 et
297 2072 469 2106 fraudibus
501 2074 640 2107 tandem
673 2074 707 2106 in
743 2075 944 2118 proditionis

221 2118 444 2162 suspicionem
472 2119 654 2161 adductus,
687 2131 706 2152 a
739 2121 944 2153 Graecorum

223 2164 370 2196 exercitu
393 2164 558 2208 lapidibus
580 2165 799 2210 interemptus
823 2173 883 2198 est.

179 2209 370 2250 Panaetius,
393 2209 554 2250 Rhodius,
579 2210 799 2255 philosophus
819 2211 945 2245 stoicae

223 2260 356 2295 sectae,
391 2266 488 2298 quem
511 2263 641 2288 secutus
668 2263 719 2288 est
743 2257 858 2290 Cicero
878 2269 942 2301 po-

222 2299 387 2332 tissimum
408 2299 443 2332 in
463 2299 545 2332 libb.
569 2300 611 2333 de
635 2302 766 2335 officiis.

178 2347 383 2386 Parrhasius,
395 2356 435 2377 ex
447 2344 594 2389 Epheso,
608 2347 688 2379 urbe
700 2347 820 2389 ionica,
834 2347 945 2381 oriun-

224 2390 307 2430 dus,
341 2390 564 2423 nobilissimus
588 2391 747 2425 Graeciae
769 2394 881 2437 pictor
903 2396 944 2438 (c.

224 2447 254 2468 a.
269 2433 347 2469 400.
363 2447 393 2469 a.
415 2436 517 2478 Chr.).
540 2437 571 2475 1,
595 2434 626 2468 4.

182 2483 356 2522 Patroclus,
379 2481 466 2513 filius
490 2481 665 2520 Menoetii,
689 2482 847 2515 educatus
873 2496 944 2516 cum

224 2526 353 2559 Achille
369 2526 479 2559 eidem
499 2526 711 2559 amicissimus
729 2535 810 2560 erat.
844 2530 944 2562 Post-

224 2583 264 2604 ea
277 2583 351 2604 cum
365 2572 494 2605 Achille
507 2572 551 2605 ad
568 2572 816 2616 expeditionem
827 2575 946 2606 Troia-

223 2628 301 2650 nam
323 2618 494 2661 profectus
528 2630 602 2651 cum
623 2619 770 2651 Hectore
793 2630 944 2663 pugnans

223 2663 266 2695 ab
285 2662 405 2696 eodem
426 2664 598 2696 confossus
620 2664 785 2697 occubuit.

177 2709 322 2742 Paullus.
365 2709 398 2750 a)
424 2711 461 2742 L.
482 2712 633 2743 Aemilius
652 2711 807 2750 Paullus,
847 2716 943 2753 pater

223 2755 264 2788 L.
286 2754 419 2787 Aemilii
439 2755 544 2787 Paulli
565 2754 797 2795 Macedonici,
822 2755 877 2798 qui
900 2755 942 2788 ad

223 2800 352 2832 Cannas
366 2811 403 2833 re
418 2800 504 2833 male
517 2808 611 2844 gesta
626 2800 750 2834 occidit
764 2811 838 2833 cum
850 2801 942 2833 exer-

223 2844 289 2877 citu
313 2845 404 2889 (220.
427 2857 458 2878 a.
482 2846 586 2887 Cim).
626 2847 663 2886 1,
699 2845 753 2880 89.
789 2845 863 2879 110.
898 2866 942 2870 -

222 2890 256 2932 b)
294 2891 331 2922 L.
364 2892 514 2924 Aemilius
549 2894 683 2924 Paullus
711 2893 942 2932 Macedonicus,

223 2935 343 2966 Persen
357 2960 364 2974 ‚
400 2937 553 2969 ultimum
576 2936 800 2969 Macedonum
819 2948 941 2981 regem,

224 2990 331 3021 pugna
363 2981 404 3013 ad
426 2982 579 3025 Pydnam
609 2982 780 3015 commissa
812 2982 886 3015 lffl.
912 2994 940 3015 a.

740 83 885 117 INDEX
908 83 1184 117 HISTORICUS.

1029 163 1105 196 Chr.
1122 162 1213 204 vicit,
1239 163 1329 196 omni
1348 162 1571 196 Macedonum
1585 173 1666 207 gaza
1679 174 1746 208 po-

1026 208 1107 241 titus
1131 215 1181 241 est
1201 207 1309 252 deque
1332 209 1431 241 Perse
1449 208 1678 253 triumphavit.
1712 210 1744 248 3,

1029 254 1083 288 53.
1109 254 1166 288 70.
1199 254 1231 293 5,
1253 254 1326 288 lle.

980 301 1138 341 Pelignus.
1195 298 1324 343 Peligni
1356 298 1491 332 fuerunt
1521 311 1602 343 gens
1633 299 1746 333 italica

1025 345 1059 377 in
1083 344 1240 385 Samnio,
1265 356 1405 389 quorum
1429 351 1527 388 caput
1550 345 1614 378 fuit
1637 345 1746 379 corfi-

1026 390 1126 422 nium.
1163 388 1203 431 4,
1227 392 1282 423 50.

979 438 1218 477 Peloponnesus,
1241 434 1467 468 meridionalis
1488 435 1648 469 Graeciae
1665 447 1746 481 pen—

1026 481 1132 513 insula
1155 481 1269 525 (hodie
1293 481 1427 524 morea).
1462 481 1507 523 ὃ,
1531 482 1586 515 53.

979 528 1101 568 Pelops.
1149 527 1249 559 Filius
1267 526 1421 566 Tantali,
1457 526 1621 571 Phrygiae
1648 527 1746 570 regis,

1026 580 1144 616 postea
1164 584 1267 616 gener
1289 571 1447 604 Oenomai
1469 571 1503 603 in
1525 584 1564 604 ea
1588 572 1747 605 Graeciae

1026 626 1139 662 parte,
1176 629 1258 662 quae
1289 629 1329 649 ex
1351 628 1391 649 eo
1416 617 1662 661 Peloponnesus
1682 629 1746 662 ap-

1025 663 1150 707 pellata
1171 671 1242 702 est,
1277 669 1372 706 pater
1393 663 1503 704 Atrei,
1534 662 1693 708 Thyestis
1712 670 1746 696 et

1028 709 1214 753 Chrysippi.
1265 709 1334 740 Cfr.
1356 710 1584 749 Hippodamia.

978 757 1146 787 Perdiccas
1164 756 1215 793 11,
1248 761 1345 797 pater
1366 754 1521 794 Achelai,
1545 765 1604 787 rex
1629 755 1746 788 Mace—

1025 800 1159 832 donum.
1182 803 1224 844 (c.
1243 799 1322 833 400.
1340 811 1369 831 a.
1386 799 1490 842 ehu).
1525 801 1545 832 ὃ
1559 825 1567 839 ,
1587 797 1642 834 34.

979 847 1196 886 Peripatetici,
1222 844 1375 888 discipuli
1392 845 1592 885 Aristotelis,
1616 845 1663 878 ita
1682 856 1744 878 vo—

1027 891 1110 929 cati,
1146 890 1221 934 quia
1239 890 1440 923 ambulando
1461 891 1744 934 (περιπατοῦντες)

1023 935 1057 967 in
1081 936 1194 979 Lyceo
1217 935 1442 978 disputabant.

977 983 1106 1022 Perses,
1146 980 1278 1012 ultimus
1309 992 1365 1012 rex
1387 980 1630 1020 Macedonum,
1665 981 1747 1014 Phi—

1024 1026 1106 1070 lippi
1125 1028 1165 1058 11.
1189 1026 1285 1065 filius,
1308 1038 1328 1058 a
1347 1037 1412 1070 quo
1437 1025 1602 1069 persicum
1623 1027 1745 1059 bellum

1023 1071 1165 1111 dicitur,
1200 1072 1290 1116 quod
1321 1079 1372 1104 est
1403 1071 1659 1104 Macedonicum
1689 1084 1745 1105 se—

1024 1117 1179 1150 cundum.
1229 1117 1298 1150 Cfr.
1313 1119 1447 1151 Paullus
1470 1119 1699 1151 Macedonicus.

978 1165 1108 1204 Perses,
1133 1163 1153 1195 i.
1173 1175 1204 1207 q.
1228 1164 1336 1196 Persa.
1364 1164 1392 1203 1,
1420 1164 1494 1196 101.

976 1210 1153 1250 Phaedrus,
1168 1220 1290 1241 nomen
1307 1208 1432 1252 dialogi
1445 1208 1618 1242 Platonici.
1642 1210 1672 1249 1,
1691 1210 1746 1242 53.

977 1256 1147 1295 Phalaris,
1182 1254 1424 1287 crudelissimus
1451 1254 1745 1297 Agrigentinorum

1024 1300 1058 1331 in
1078 1300 1189 1332 Sicilia
1207 1307 1368 1344 tyrannus
1388 1302 1431 1343 (c.
1445 1311 1475 1331 a.
1493 1301 1569 1333 560.
1589 1312 1618 1332 a.
1638 1300 1741 1342 clm),

1025 1345 1080 1388 qui
1097 1353 1231 1389 praeter
1243 1353 1352 1378 cetera
1367 1344 1603 1389 suppliciorum
1618 1345 1745 1377 instru-

1024 1398 1137 1423 menta
1158 1391 1303 1423 habebat
1323 1398 1452 1424 taurum
1474 1401 1614 1423 aeneum
1636 1390 1746 1423 Perilli

1024 1443 1096 1468 arte
1119 1436 1338 1478 fabricatum,
1376 1436 1410 1469 in
1439 1447 1505 1480 quo
1528 1436 1647 1469 inclusi
1667 1448 1746 1468 suc-

1025 1481 1129 1514 censis
1147 1482 1275 1526 ignibus
1289 1482 1371 1516 tosti
1385 1482 1480 1515 bovis
1493 1481 1656 1526 mugitum
1668 1481 1746 1515 ede-

1024 1527 1116 1560 bant.

953 1615 957 1618 .
978 1575 1198 1613 Pherecrates,
1233 1572 1390 1605 Phthiota
1414 1572 1550 1617 (Phthia
1577 1572 1641 1606 sita
1675 1579 1748 1604 erat
1766 1613 1775 1617 p

1024 1618 1058 1650 in
1081 1617 1276 1651 Phthiotide
1293 1618 1495 1661 thessalica),
1521 1618 1576 1663 qui
1598 1624 1708 1650 ortum
1727 1630 1747 1650 a

1026 1663 1228 1696 Deucalione
1249 1663 1403 1697 ducebat.
1441 1666 1477 1703 l,
1502 1664 1556 1697 21.

977 1711 1181 1749 Pherecydes,
1205 1720 1222 1740 e
1242 1710 1339 1752 Syro,
1367 1709 1548 1752 Cycladum
1567 1709 1747 1741 insularum

1025 1766 1105 1793 una,
1133 1753 1318 1794 oriundus:
1328 1761 1529 1798 praeceptor
1548 1755 1699 1788 Thaletis
1713 1761 1746 1786 et

1024 1800 1234 1844 Pythagorae
1265 1799 1365 1832 fuisse
1387 1800 1513 1840 fertur3
1545 1800 1672 1844 primus
1686 1811 1744 1832 so-

1023 1845 1092 1878 luta
1108 1845 1261 1878 oratione
1280 1856 1355 1878 usus
1373 1851 1426 1878 est
1449 1848 1491 1889 (c.
1506 1846 1582 1878 520.
1597 1857 1627 1879 a.
1641 1845 1744 1889 clm).

977 1892 1122 1932 Phidias,
1138 1890 1336 1924 clarissimus
1346 1890 1534 1932 statuarius,
1549 1890 1632 1924 vixit
1644 1891 1746 1924 Athe-

1024 1936 1074 1969 nis
1097 1936 1232 1970 Periclis
1254 1944 1364 1970 aetate
1388 1940 1430 1980 (c.
1447 1948 1479 1971 a.
1498 1934 1576 1970 430.
1595 1947 1625 1970 a.
1641 1936 1746 1980 Cha).

976 1983 1164 2024 Philippus,
1198 1993 1256 2014 rex
1278 1982 1522 2023 Macedonum,
1545 1989 1641 2026 pater
1663 1981 1745 2015 Ale-

1023 2027 1143 2060 xandri
1163 2029 1211 2060 M.
1232 2028 1273 2066 5,
1298 2025 1352 2061 42.

977 2075 1067 2107 Philo
1079 2094 1099 2115 ,-
1116 2074 1305 2106 Larissaeus
1316 2098 1325 2113 ,
1353 2072 1551 2106 Clitomachi
1566 2072 1747 2106 academici

1022 2118 1202 2163 discipulus
1214 2144 1223 2159 ,
1249 2118 1464 2152 Academiam
1486 2120 1590 2151 Stoae
1607 2118 1745 2163 propius

1022 2164 1174 2197 admovit
1203 2164 1404 2209 propiusque
1432 2163 1476 2197 ad
1494 2164 1670 2197 Platonem
1696 2175 1747 2197 re-

1023 2209 1095 2244 diit.
1144 2210 1237 2242 Bello
1260 2210 1488 2243 mithridatico
1512 2210 1654 2243 Romam
1674 2221 1747 2242 sese

1025 2255 1187 2298 contulit,
1213 2256 1269 2288 ubi
1292 2255 1408 2288 Cicero
1429 2267 1566 2300 operam
1587 2255 1619 2288 ei
1639 2255 1744 2288 dedit.

979 2303 1181 2342 Philoctetes,
1216 2301 1373 2334 Poeantis
1397 2301 1500 2341 filius,
1525 2311 1635 2334 comes
1656 2301 1746 2333 Her-

1025 2347 1118 2379 culis.
1165 2347 1306 2390 Accepit
1335 2347 1377 2380 ab
1408 2346 1553 2379 Hercule
1584 2346 1747 2379 morituro

1024 2393 1216 2437 pharetram
1244 2399 1278 2424 et
1298 2392 1436 2436 sagittas
1460 2391 1571 2437 Hydri
1588 2391 1747 2435 sanguine

1023 2438 1178 2470 infectas.
1204 2438 1283 2470 Sine
1293 2438 1345 2471 his
1356 2437 1486 2481 sagittis
1498 2449 1600 2482 quum
1611 2436 1746 2471 Troiam

1024 2483 1316 2528 inexpugnabilem
1329 2483 1405 2516 fore
1419 2483 1452 2516 in
1470 2483 1549 2516 fatis
1565 2489 1664 2524 esset,
1687 2482 1745 2514 de·

1025 2529 1143 2561 ductus
1164 2536 1215 2562 est
1234 2529 1278 2562 ad
1298 2529 1481 2562 Troianum
1500 2528 1644 2568 bellum,
1669 2527 1746 2571 quia

1025 2581 1158 2617 praeter
1183 2585 1256 2607 eum
1280 2573 1320 2607 iis
1343 2586 1443 2607 nemo
1466 2574 1516 2606 uti
1535 2579 1660 2617 posset.
1707 2574 1746 2605 In

1025 2619 1145 2652 itinere
1176 2620 1239 2652 sibi
1254 2620 1451 2653 vulnerabat
1476 2618 1598 2662 pedem
1611 2643 1619 2658 ,
1655 2617 1746 2650 cuius

1025 2664 1169 2697 vulneris
1188 2665 1325 2702 foetore
1345 2663 1467 2698 Graeci
1487 2675 1563 2696 eum
1582 2664 1617 2695 in
1639 2663 1745 2696 insula
1780 2661 1803 2702 ’,

1025 2709 1155 2742 Lemno
1176 2710 1363 2754 relinquere
1392 2708 1501 2742 coacti
1530 2715 1617 2742 sunt.
1664 2710 1745 2742 Post

1023 2754 1152 2787 Achille
1175 2755 1286 2788 occiso
1308 2755 1423 2787 Ulixes
1444 2754 1479 2786 in
1502 2755 1665 2788 Lemnum
1687 2765 1744 2787 re—

1022 2811 1151 2843 gressus
1172 2811 1247 2832 eum
1270 2800 1314 2833 ad
1329 2799 1467 2833 Troiam
1488 2799 1594 2832 duxit.

975 2847 1156 2887 Phliasius,
1181 2845 1262 2878 urbe
1283 2845 1439 2878 Phliunte
1459 2845 1629 2878 oriundus.

976 2892 1106 2931 Phlius,
1141 2890 1218 2924 urbs
1239 2890 1404 2931 Achaiae,
1441 2891 1530 2924 inter
1551 2889 1743 2935 Sicyonium

1022 2937 1247 2981 Argivumque
1256 2948 1371 2980 agrum
1382 2936 1415 2969 in
1427 2937 1659 2980 Peloponneso
1669 2934 1742 2968 sita.

977 2983 1060 3022 Piso,
1081 2984 1116 3015 L.
1133 2984 1295 3023 Calvum„
1316 2982 1416 3026 Frugi
1436 2981 1645 3026 cognomine,
1667 2991 1744 3014 ora-
