1859 3149
1587 70 1666 114 195

74 166 109 209 si
132 165 386 207 extrinsecus
406 163 572 219 religata
597 162 767 218 pendeat
792 169 832 204 et
862 176 940 203 non
971 169 1010 203 et
1040 161 1194 202 oriatur
1223 174 1245 201 a
1273 173 1317 201 se
1333 192 1345 211 ,
1388 166 1428 201 et
1449 173 1589 203 rursus
1613 162 1662 203 ad

651 81 908 115 menam.
935 79 1079 122 17‚38.

75 253 119 283 se
140 247 388 292 revertatur,
433 246 472 281 et
493 237 624 280 omnia
648 251 719 294 sua
740 237 948 292 complexa
969 223 1064 277 nihil
1089 242 1252 291 quaerat
1275 234 1457 287 aliunde3
1504 250 1583 278 non
1602 237 1664 280 in-

73 315 208 370 telligo
224 347 235 366 ‚
267 328 339 356 cur
362 320 429 356 aut
450 312 583 355 verbis
609 319 684 362 tam
709 311 969 352 vehementer
995 311 1169 351 ornanda
1186 342 1197 361 ,
1245 317 1314 352 aut
1340 323 1385 352 re
1411 317 1519 352 tanto
1543 326 1664 368 opere

73 390 295 447 expetenda
315 389 497 431 videatur
520 411 578 417 -—-
607 386 654 427 ad
679 386 775 427 haec
798 386 901 426 bona
925 399 986 426 me
1010 385 1043 425 si
1067 399 1259 437 revocas,
1292 383 1491 442 Epicure,
1524 401 1661 443 pareo,

73 479 242 520 sequor,
274 470 366 505 utor
387 469 427 504 te
452 463 538 520 ipso
567 463 663 503 duce
680 494 690 513 ‚
726 460 942 518 obliviscor
964 459 1081 500 etiam
1111 460 1327 512 malorum,
1362 467 1404 502 ut
1424 460 1563 515 iubes,
1596 477 1666 505 eo·

72 519 148 595 due
178 538 352 589 facilius,
386 537 489 594 quod
513 551 560 579 ea
587 551 636 578 ne
661 537 699 577 in
728 535 841 576 malis
865 535 1020 590 quidem
1046 535 1416 590 ponenda.eenseo.
1480 534 1562 578 Sed
1586 544 1666 580 tra-

73 613 183 656 ducis
206 613 468 669 cogitationes
493 625 602 654 meas
625 611 673 653 ad
696 611 935 666 voluptates.
999 608 1139 664 Quas?
1171 606 1387 665 Corporis,
1420 612 1565 664 credo,
1600 619 1669 655 aut

15 689 19 703 '
74 702 174 745 quae
197 695 359 744 propter
378 700 520 743 corpus
545 686 610 727 vel
633 685 909 727 recordatione
924 717 935 736 ,
982 685 1048 726 vel
1069 698 1138 740 spe
1164 684 1404 739 cogitentur.
1465 685 1670 744 Numquid

74 770 137 805 est
156 763 289 804 aliud?
318 770 480 804 rectene
500 762 742 817 interpretor
765 760 1001 801 sententiam
1026 762 1159 801 tuam?
1221 757 1363 800 Solent
1388 760 1491 801 enim
1514 761 1579 803 isti
1599 776 1670 805 ne-

1137 840 1207 876 58.
1244 833 1331 875 Hoc
1361 835 1477 888 dicit,
1528 844 1568 878 et
1596 837 1670 880 hoc

72 912 137 954 ille
159 912 379 964 acriculus,
426 904 489 953 me
513 911 697 952 audiente
722 910 918 961 Athenis,
963 924 1091 951 senex
1115 909 1254 964 ZWen0,
1296 910 1461 952 istorum
1486 912 1671 954 acutissi-

73 851 170 894 gare
207 852 280 879 nos
307 835 555 892 intelligere,
605 836 695 891 quid
731 836 836 876 dicat
861 833 1074 890 Epicurus.

74 1001 187 1040 mus,
235 987 476 1028 contendere
511 993 551 1027 et
585 1000 729 1039 magna
757 1000 857 1027 voce
883 986 1016 1026 dicere
1040 984 1215 1026 solebat:
1265 999 1351 1026 eum
1380 1000 1470 1027 esse
1493 986 1667 1040 beatum,

74 1062 137 1117 qui
164 1061 440 1118 praesentibus
466 1061 733 1117 voluptatibus
759 1061 958 1101 frueretur
980 1060 1274 1115 confideretque
1300 1074 1343 1101 se
1372 1061 1580 1102 fruiturum
1604 1068 1674 1104 aut

74 1136 114 1177 in
139 1137 271 1188 omni,
320 1143 389 1177 aut
413 1135 453 1176 in
482 1150 623 1190 magna
645 1143 756 1191 parte
781 1136 886 1176 vitae
913 1135 1049 1176 dolore
1077 1149 1154 1175 non
1179 1135 1471 1177 interveniente
1487 1167 1499 1188 ,
1544 1143 1612 1178 aut
1636 1136 1672 1178 si

72 1211 357 1262 interveniret,
389 1210 422 1252 si
441 1225 618 1251 summus
639 1211 767 1261 soret,
803 1212 975 1251 futurum
996 1210 1182 1259 brevem,
1217 1209 1279 1250 sin
1309 1210 1552 1265 productior,
1585 1211 1672 1266 plus

74 1285 294 1326 habiturum
317 1285 499 1337 iucundi,
547 1300 663 1340 quam
680 1285 801 1326 mali:
849 1285 945 1326 haec
967 1286 1208 1340 cogitantem
1233 1285 1319 1325 sore
1342 1284 1499 1326 beatum
1515 1317 1526 1337 ,
1558 1299 1674 1342 prae-

74 1360 210 1403 sertim
247 1360 280 1401 si
315 1366 354 1401 et
378 1367 470 1401 ante
494 1360 689 1416 perceptis
714 1359 828 1401 bonis
852 1366 1061 1401 contentus
1085 1366 1216 1410 esset,
1264 1373 1337 1400 nec
1361 1366 1552 1412 mortem,
1597 1374 1673 1402 nec

75 1435 171 1478 deos
195 1435 494 1477 extimesceret.
558 1434 692 1476 Habes
715 1435 878 1476 formam
902 1433 1066 1490 Epicuri
1085 1434 1192 1475 vitae
1214 1434 1356 1476 beatae
1377 1434 1512 1476 verbis
1537 1433 1671 1477 Zeno·

75 1506 138 1552 nis
167 1523 428 1567 expressam,
461 1509 558 1551 nihil
589 1517 629 1551 ut
659 1511 785 1566 possit
815 1509 969 1564 negari.

77 1636 195 1671 tuum,
231 1629 428 1663 reddidisse.
474 1632 585 1664 Locus
609 1630 725 1663 similis
757 1643 856 1674 supra
889 1641 961 1664 nere
977 1630 1119 1662 virtutis.
1145 1630 1318 1663 Consimili
1333 1630 1436 1663 modo
1450 1629 1674 1664 diciturnasci

79 1677 105 1709 1.
130 1675 194 1715 39,
220 1675 284 1711 93:
324 1681 442 1710 natura
476 1678 562 1710 dedit
596 1689 727 1709 usuram
761 1680 856 1717 vilae,
892 1679 932 1709 ab
952 1679 1080 1718 aliquo,
1106 1683 1140 1709 ut
1163 1676 1262 1708 Offic.
1278 1678 1320 1709 11.
1337 1678 1368 1709 ὁ.
1387 1676 1648 1720 Legg.111,13.

76 1725 230 1764 tanquam
251 1726 425 1764 pecuniae,
449 1726 537 1756 nulla
561 1726 749 1764 praestituta
773 1725 834 1755 die.

82 1773 85 1776 ⁴
147 1767 203 1803 37.
247 1779 308 1810 quo
329 1771 422 1801 modo
445 1789 490 1794 -—-
513 1772 557 1802 sic
581 1769 692 1813 etiam]
732 1769 857 1801 Obser-

77 1820 159 1847 vent
177 1814 325 1854 tirones,
359 1814 394 1846 in
423 1815 585 1847 eiusmodi
610 1815 859 1859 propositioni-

78 1859 140 1892 bus
173 1859 399 1893 correlativis:
440 1863 619 1902 quomodo,
652 1862 858 1902 quemadmo-

77 1907 175 1947 dum,
209 1910 264 1946 ul,
294 1909 375 1939 sicut
399 1926 443 1931 —
464 1909 510 1939 ita
543 1914 599 1939 aut
621 1910 665 1939 sic
692 1906 857 1938 rarissime

80 1951 170 1995 apud
191 1951 388 1984 Ciceronem
410 1952 444 1984 in
468 1953 576 1984 altero
602 1952 753 1983 membro
779 1951 857 1983 addi

78 2000 194 2039 mam,-
219 1997 274 2029 ubi
292 2004 406 2029 autem
428 1997 580 2030 additum
603 1998 658 2036 sit,
681 1997 728 2029 ibi
749 1997 857 2040 signi-

77 2042 177 2076 ficare
203 2045 293 2076 adeo.
339 2045 457 2086 Itaque
479 2043 568 2074 inter
589 2043 648 2075 has
674 2042 754 2075 duas
777 2055 856 2075 sen-

77 2088 222 2121 tentias:
260 2091 361 2121 virtus
392 2099 456 2121 sese
487 2093 628 2122 contenta
662 2094 697 2121 ut
718 2090 762 2121 ad
785 2091 858 2122 bene

80 2136 274 2174 vivendum,
306 2136 352 2166 sic
372 2136 416 2166 ad
438 2137 524 2167 beate
550 2142 587 2166 ee
606 2137 706 2167 virtus
728 2145 754 2167 s.
776 2145 801 2167 e.
822 2139 857 2167 ut

81 2181 127 2212 ad
141 2182 213 2212 bene
229 2181 412 2219 vivendum,
430 2183 475 2213 sic
490 2183 585 2213 eliam
602 2183 645 2213 ad
662 2183 747 2214 beate
767 2192 855 2213 non-

79 2225 164 2258 nihil
183 2225 363 2258 intercedit
385 2225 594 2259 discriminis.
630 2227 745 2259 Priore
770 2227 858 2259 euim

79 2271 246 2304 sententia
269 2271 334 2304 hoc
356 2271 499 2304 dicitur:
524 2275 624 2305 virtus
646 2283 710 2306 sese
733 2277 857 2306 conten-

80 2320 114 2349 ta
134 2321 178 2350 est
200 2321 226 2350 et
249 2319 293 2350 ad
315 2320 410 2359 bene,
443 2322 471 2351 et
495 2320 538 2351 ad
558 2321 643 2351 beate
663 2321 857 2360 vivendum,-

80 2362 190 2395 altero
207 2363 290 2396 hoc:
316 2373 347 2396 v.
367 2375 392 2396 s.
416 2375 442 2397 c.
465 2375 490 2397 e.
512 2366 556 2398 ad
579 2367 652 2397 bene
674 2367 857 2406 vivendum,

80 2412 109 2441 et
135 2419 209 2442 vero
232 2411 327 2442 etiam
350 2412 394 2442 ad
418 2412 513 2443 beate.
539 2422 601 2454 pro
625 2410 774 2443 Marcell.
801 2412 826 2441 V
833 2413 857 2443 1.

56 2478 59 2481 -
80 2465 152 2498 pr.:
172 2455 278 2487 nostri
300 2455 388 2487 enim
406 2467 531 2496 sensus,
556 2461 591 2489 ut
611 2456 644 2488 in
661 2468 744 2500 pace
765 2469 857 2488 sem-

81 2510 160 2542 per,
197 2503 242 2533 sic
262 2507 335 2533 tum
358 2504 454 2534 etiam
476 2501 510 2545 ti.
533 2513 562 2534 e.
583 2501 682 2540 adeo)
707 2503 741 2534 in
765 2502 856 2535 bello

82 2546 321 2589 congruebant.
369 2547 605 2587 Recentiores,
633 2548 722 2581 nulla
742 2548 858 2580 habita

81 2591 212 2624 ratione
233 2592 329 2625 huius
353 2592 564 2632 discriminis,
589 2594 685 2626 alteri
706 2595 857 2627 membro

83 2638 177 2670 etiam
194 2645 251 2670 aut
269 2642 296 2671 et
312 2638 437 2672 addere
455 2639 578 2679 solent,
603 2640 710 2672 nostri
730 2640 859 2673 scilicet

83 2687 118 2714 et
134 2683 244 2726 graeci
263 2685 425 2717 sermonis
447 2685 722 2718 consuetudinem
742 2686 859 2718 secuti.

150 2731 339 2763 extrinsecus
355 2731 506 2776 reliyata]
543 2732 610 2773 „ab
632 2732 776 2765 externis
799 2744 859 2765 re-

83 2770 145 2804 bus
167 2773 351 2816 pendens-‘⁶

151 2821 271 2853 oriatur
292 2831 314 2853 a
336 2823 382 2864 se]
416 2834 477 2866 per
497 2835 554 2862 se,
577 2835 635 2857 sua
657 2823 700 2856 vi.
724 2835 773 2868 gr.
798 2820 859 2868 ἀφ’

87 2860 217 2897 ἑαυτοῦ.
263 2866 330 2899 Alii
358 2867 473 2911 legunt
495 2879 535 2902 ex
556 2879 598 2903 se.
646 2873 691 2902 At
714 2870 760 2903 cf.
784 2870 857 2902 Fin.

85 2908 129 2940 ΙΙ.
153 2905 216 2949 24,
237 2909 301 2945 78:
337 2911 446 2956 ipsum
470 2924 492 2946 a
520 2925 552 2947 se
579 2917 698 2955 oritur,
736 2922 772 2948 et
801 2927 860 2948 sua

85 2957 210 2997 sponte
237 2956 394 2990 nascitur.
451 2959 504 2994 Cf.
535 2960 617 2992 ibid.
641 2962 682 2994 V.
704 2957 770 3002 24,
794 2959 859 2994 69:

87 2997 222 3041 officiis,
245 3008 330 3045 quae
346 3005 491 3039 ornantur
511 3014 534 3038 a
551 3016 608 3040 suo
630 3005 787 3051 cuiusque
807 3015 862 3047 90-

960 1744 997 1766 ne
1022 1737 1172 1766 iri-malis
1191 1733 1332 1778 quidem]
1367 1735 1404 1765 In
1430 1733 1524 1765 malis
1545 1732 1673 1765 scilicet

893 1791 960 1811 non
985 1792 1023 1812 ea
1049 1779 1201 1812 ducenda
1226 1786 1324 1819 sunt,
1358 1790 1442 1822 quae
1467 1779 1672 1812 extrinsecus

893 1826 993 1857 allata
1016 1825 1112 1857 nobis
1131 1824 1374 1868 aegritudinem
1391 1831 1522 1868 parant,
1540 1824 1601 1858 sed
1620 1836 1670 1866 ea,

894 1883 978 1915 quae
1003 1870 1182 1903 inhonesta
1205 1878 1238 1902 et
1261 1870 1373 1914 turpia
1397 1878 1485 1903 sunt.

963 1929 1050 1968 Quas
1062 1930 1093 1970 ἲ]
1124 1928 1172 1959 De
1194 1927 1447 1971 praepositione
1467 1928 1502 1960 in
1522 1927 1672 1961 interro-

891 1974 1028 2017 gatione
1053 1973 1175 2006 omissa
1198 1986 1229 2005 v.
1255 1973 1298 2006 ad
1318 1975 1344 2006 Ι.
1365 1973 1431 2014 39,
1457 1973 1513 2008 93.

961 2032 1067 2074 credo]
1094 2030 1231 2063 ironice.
1278 2032 1320 2062 V.
1344 2030 1388 2063 ad
1412 2032 1439 2063 Ι.
1463 2030 1506 2064 22
1521 2057 1530 2071 ,
1555 2031 1611 2065 52.

961 2087 1016 2122 38.
1039 2090 1091 2121 ille
1112 2088 1283 2132 acriculus]
1305 2089 1367 2120 Per
1386 2094 1619 2132 contemptum
1639 2095 1674 2122 et

891 2134 1045 2167 ironiam.
1082 2135 1256 2167 Sententia
1280 2142 1349 2166 est:
1376 2135 1452 2166 Hoc
1473 2134 1557 2168 dicit
1568 2137 1670 2175 Zeno,

894 2182 1087 2224 Epicureus,
1110 2181 1213 2213 homo
1237 2192 1305 2212 non
1329 2180 1512 2213 acutissimi
1534 2180 1671 2225 ingenii,

892 2234 926 2259 at
943 2227 1082 2259 istorum
1106 2227 1373 2271 (Epicureorum,
1397 2227 1453 2271 qui
1470 2234 1543 2259 tum
1562 2227 1672 2260 Athe-

893 2274 942 2305 nis
968 2273 1125 2305 vivebant
1137 2274 1159 2313 ,)
1185 2272 1403 2305 acutissimus.
1450 2275 1582 2306 Neidius
1610 2284 1672 2305 ex-

892 2320 995 2363 plicat
1019 2321 1177 2352 acriculus
1195 2331 1274 2362 per:
1301 2319 1356 2363 qui
1378 2319 1478 2351 facile
1499 2319 1670 2357 irascitur5

891 2365 964 2409 pari
985 2365 1087 2397 modo
1112 2367 1262 2407 Wolfius:
1287 2365 1341 2398 ein
1362 2365 1509 2405 kleines,
1535 2364 1671 2397 knurri-

891 2423 949 2455 ges
980 2410 1170 2443 Mtinnchen
1184 2436 1191 2450 ‚
1237 2411 1295 2443 das
1335 2411 1438 2444 leicht
1473 2411 1668 2443 aufbraust:

893 2469 976 2501 quae
1007 2457 1207 2501 significatio
1231 2457 1272 2490 ab
1294 2457 1359 2490 hoc
1380 2457 1457 2490 loco
1486 2456 1671 2488 abhorrere

893 2503 1036 2535 videtur.
1072 2504 1122 2535 De
1146 2502 1257 2535 forma
1279 2503 1376 2535 huius
1398 2501 1554 2535 adiectivi
1575 2513 1606 2532 v.
1626 2499 1671 2533 ad

893 2550 934 2581 Il.
952 2548 1003 2589 19,
1025 2546 1079 2582 45.
1130 2550 1178 2580 De
1196 2551 1332 2590 Zenone
1352 2548 1515 2591 Epicureo
1536 2559 1566 2578 v.
1588 2557 1671 2590 quos

892 2595 986 2627 locos
1011 2594 1155 2627 excitavi
1182 2594 1216 2626 in
1239 2595 1326 2627 libro
1357 2593 1388 2625 d.
1418 2595 1457 2626 de
1480 2595 1617 2625 ciceron.
1637 2594 1671 2626 in

889 2643 968 2682 phil.
992 2651 1068 2673 mer.
1090 2640 1146 2674 39.
1172 2640 1215 2672 ad
1236 2647 1305 2672 not.
1328 2639 1375 2680 7).

962 2689 1099 2728 formam
1121 2688 1253 2727 Epicuri
1273 2688 1356 2717 vitae
1380 2685 1424 2725 b.]
1461 2682 1584 2715 Iniuria
1604 2682 1670 2716 hoc

893 2732 1082 2776 exemplum
1106 2730 1325 2764 confunditur
1347 2740 1420 2761 curn
1444 2728 1505 2768 iis,
1537 2728 1572 2760 in
1593 2728 1672 2773 qui-

894 2778 955 2811 bus
976 2790 1015 2810 ex
1039 2789 1106 2810 uno
1129 2775 1339 2808 substantivo
1361 2774 1428 2806 duo
1451 2773 1592 2817 genitivi
1614 2774 1671 2808 di-

895 2836 1011 2856 versae
1045 2823 1182 2856 rationis
1206 2821 1278 2864 apti
1298 2826 1393 2852 sunt:
1431 2820 1474 2852 de
1497 2831 1561 2864 qua
1585 2832 1672 2853 cou-

894 2870 1081 2903 structione
1095 2881 1124 2901 v.
1140 2867 1182 2899 ad
1196 2866 1300 2905 11.15‚
1314 2866 1369 2899 ὃὸ.
1401 2866 1489 2898 Nam
1504 2866 1670 2909 genitivus

894 2917 1025 2956 Epicuri
1046 2926 1113 2946 non
1135 2911 1262 2956 pendet
1284 2923 1303 2943 a
1326 2912 1450 2953 forma,
1484 2911 1544 2944 sed
1566 2923 1586 2946 a
1607 2924 1670 2957 ge:-

895 2960 1007 2993 nitivis
1023 2962 1107 2993 vitae
1125 2961 1244 2991 beatae.
1281 2958 1334 2989 De
1351 2957 1574 2992 collocatione
1590 2971 1669 2993 ver-⁷

894 3005 1015 3039 borum
1036 3005 1117 3038 nihil
1138 3007 1173 3036 ut
1196 3015 1227 3035 v,
1252 3002 1296 3035 ad
1319 3003 1348 3035 Ι.
1371 3002 1414 3047 S,
1442 3002 1493 3038 16.

1240 3058 1339 3102 15*
