1811 3053
138 50 194 94 20
758 52 1108 87 PROLEGOMENA.

141 142 363 195 opinatum.
421 140 526 190 Ergo
550 137 626 175 ista
648 136 885 188 necopinata
911 150 993 175 non
1024 136 1174 175 habent
1195 142 1348 175 tantam
1373 136 1473 187 vim,
1513 143 1562 176 ut
1584 138 1717 191 aegri-

142 212 241 250 tudo
267 224 316 248 ex
343 209 392 247 iis
415 207 540 246 omnis
569 206 746 255 oriatur;
777 205 930 243 feriunt
950 205 1110 256 quidem
1132 205 1301 244 sortasse
1322 205 1507 258 gravius,
1537 206 1607 245 sed
1636 221 1718 246 non

141 281 182 318 id
206 279 403 326 efficiunt,
443 282 490 314 ut
518 288 581 322 ea,
613 287 713 324 quae
736 273 937 322 accidant,
968 274 1120 312 maiora
1143 273 1378 313 videantur:
1419 264 1522 326 quia*
1542 276 1720 315 recentia

141 354 255 395 sunt,
286 346 436 384 maiora
467 343 680 392 videntur,
710 356 813 392 non,
846 342 940 393 quia
969 343 1195 394 repentina.

254 416 407 465 Itaque,
439 411 628 463 quoniam
660 425 741 449 non
766 411 851 462 ipsa
883 410 1152 459 diuturnitas,
1194 409 1262 448 sed
1295 410 1485 462 cogitatio
1515 411 1724 462 diuturna,

140 484 242 523 nihil
271 496 350 520 esse
385 481 428 518 in
458 493 502 518 re
524 480 634 528 mali,
673 479 804 517 dolori
833 479 1033 517 medetur:
1075 485 1383 517 consentaneum
1410 486 1489 530 est,
1516 487 1582 530 ut,
1615 481 1725 531 quod

141 567 235 591 usus
264 551 398 597 docet,
429 549 473 587 id
492 549 648 586 ratione
674 549 806 586 statim
829 548 1138 599 praecipiamus.
1199 546 1357 600 Duplex
1379 554 1438 586 est
1463 554 1596 586 autem
1618 549 1724 587 ratio

142 621 228 659 veli
255 618 503 670 reperiendi,
536 631 625 655 nam
648 623 718 654 aut
742 617 868 667 ipsius
891 617 946 654 roi
976 623 1120 654 natura
1145 617 1272 667 qualis
1294 622 1332 654 et
1357 622 1507 667 quanta
1527 617 1581 654 sit
1600 631 1724 668 quae-

141 690 284 738 rimus,
328 693 399 725 aut
433 700 455 723 a
481 685 716 738 disputandi
747 685 968 723 subtilitate
996 685 1218 723 orationem
1249 685 1299 722 ad
1330 685 1509 737 exempla
1541 686 1724 724 traduci-

142 772 240 796 mus,
282 771 315 795 c.
336 759 405 795 23.
428 757 497 793 24.
557 754 769 792 Rel'ellitur
796 753 1033 802 Carneades,
1065 754 1153 804 qui,
1184 754 1434 805 propositam
1458 754 1727 792 necessitatem

142 824 386 865 conditionis
407 823 602 861 humanae
625 823 1113 873 commemorationemque
1134 823 1354 860 alienorum
1375 823 1569 860 malorum
1592 822 1642 860 ad
1664 823 1724 860 le-

140 894 313 933 vandam
344 892 631 940 aegritudinem
662 891 881 943 pertinere,
913 892 1093 943 negabat.
1136 905 1168 928 c.
1190 895 1259 929 25.
1287 889 1329 943 §.
1353 895 1420 930 59.
1440 894 1509 929 60.

255 963 334 1000 Iam
362 961 500 999 Cicero
520 960 629 998 redit
650 960 699 997 ad
725 960 960 997 sententiam
983 973 1106 1010 supra
1130 973 1151 996 a
1176 973 1215 997 se
1237 959 1507 1010 propositam,
1539 959 1722 1011 aegritu-

143 1031 248 1069 dinis
283 1043 457 1068 caussam
489 1029 639 1066 nullam
668 1028 783 1065 aliam
811 1041 908 1075 esse,
954 1027 1029 1064 nisi
1065 1027 1293 1078 opinionem
1321 1034 1359 1064 et
1380 1027 1576 1065 iudicium
1597 1027 1728 1079 magni

142 1099 363 1152 praesentis
390 1105 509 1148 atque
540 1096 721 1148 urgentis
753 1096 862 1134 mali:
904 1110 981 1146 qua
1009 1096 1167 1146 quidem
1191 1106 1330 1133 caussa
1353 1095 1571 1144 intellecta,
1602 1102 1728 1134 totam

145 1167 432 1220 aegritudinem
456 1166 571 1203 evelli
594 1179 721 1217 posse.
761 1163 803 1216 §.
825 1169 894 1203 61.
952 1164 1028 1202 Sed
1048 1165 1097 1202 ad
1119 1163 1222 1202 hanc
1243 1164 1473 1215 opinionem
1492 1164 1583 1201 mali
1605 1178 1728 1215 quum

144 1238 210 1275 illa
239 1237 355 1274 etiam
381 1235 520 1286 opinio
542 1234 722 1281 accessit,
754 1234 812 1271 ad
837 1234 1023 1284 officium
1045 1235 1270 1283 pertinere,
1301 1233 1420 1282 ferre
1445 1233 1558 1270 illud
1587 1247 1726 1284 aegre,

145 1306 254 1357 quod
271 1303 468 1342 accida-it
484 1318 494 1338 .·
525 1309 609 1340 tum
633 1302 802 1352 denique
827 1301 1001 1339 efficitur
1027 1301 1092 1338 illa
1118 1301 1250 1352 gravis
1271 1301 1534 1351 aegritudinis
1557 1308 1725 1352 pertur-

143 1375 266 1413 batio.
326 1371 515 1422 Exempla
545 1370 774 1408 ass'eruntur
801 1371 849 1407 de
881 1369 1084 1407 hominum
1111 1369 1243 1406 dolori
1275 1377 1312 1407 et
1335 1370 1466 1407 luctui
1492 1369 1728 1420 indulgendi

145 1441 420 1495 proclivitate,
462 1453 481 1477 e
513 1439 659 1489 quibus
695 1439 1004 1476 luculentissime
1032 1445 1221 1489 apparet,
1263 1438 1473 1476 voluntate
1507 1444 1546 1475 et
1575 1437 1729 1475 iudicio

145 1510 293 1561 suscipi
315 1508 622 1561 aegritudinem,
653 1521 765 1559 saepe
788 1514 898 1545 certo
926 1507 1113 1558 temporis
1138 1506 1268 1557 spatio
1296 1506 1521 1555 terminari,
1553 1512 1591 1544 et
1612 1506 1729 1543 aliam

146 1579 266 1618 animi
299 1578 643 1630 perturbationem
680 1576 755 1613 alia
790 1576 881 1614 tolli
912 1589 1040 1627 posse.
1106 1576 1213 1626 Ergo
1249 1575 1469 1627 aegritudo
1503 1577 1727 1626 opinionis,

146 1664 224 1687 ιιοιι
252 1657 427 1685 ›zaim-ae
453 1653 509 1683 esc
537 1647 708 1683 malum.
771 1644 891 1691 Quod
924 1644 978 1681 ita
1005 1657 1104 1691 esse,
1146 1644 1408 1681 confirmatur
1438 1643 1556 1680 etiam
1592 1644 1636 1691 a)
1668 1656 1728 1692 eo,

147 1717 256 1769 quod
283 1715 379 1753 nihil
402 1715 493 1766 plus
517 1714 622 1751 valet
645 1713 694 1750 ad
718 1713 948 1764 ponendum
969 1713 1169 1760 dolorem,
1202 1726 1318 1763 quam
1343 1725 1466 1763 quum
1489 1718 1548 1750 est
1568 1712 1728 1750 intelle-

147 1793 272 1834 ctum,
304 1783 407 1822 nihil
433 1782 572 1834 profici
597 1796 642 1819 eo
668 1787 706 1819 et
729 1782 882 1819 frustra
903 1794 983 1818 esse
1008 1788 1254 1832 susceptum,
1287 1781 1332 1829 b)
1359 1780 1480 1831 quod,
1512 1781 1582 1831 qui
1605 1781 1729 1818 multa

148 1854 228 1891 sint
253 1866 367 1904 saepe
396 1851 594 1903 perpessi,
627 1850 780 1887 facilius
806 1851 961 1899 serunt,
995 1849 1186 1900 quicquid
1214 1849 1380 1897 accidit,
1411 1848 1729 1899 obduruisseque

147 1935 226 1960 sese
253 1927 393 1958 contra
417 1921 621 1957 fortunam
644 1919 915 1967 arbitrantur,
946 1925 993 1956 ut
1017 1920 1103 1970 ipsa
1125 1917 1353 1969 defatigatio
1381 1917 1630 1955 miseriarum
1660 1931 1728 1955 ae-

147 1989 366 2043 gritudines
391 1988 559 2025 lembi-es
592 1987 732 2035 faciat,
770 1989 812 2034 c)
837 1987 946 2036 quod
969 1986 1246 2038 sapientissimi
1270 1986 1466 2035 homines,
1507 1999 1630 2036 quum
1660 1986 1727 2023 in-

147 2058 345 2108 telligant,
375 2070 414 2093 se
434 2056 614 2093 nondum
638 2056 854 2106 perfectam
879 2055 1111 2106 sapientiam
1140 2061 1373 2093 consecutos
1402 2068 1502 2103 esse,
1533 2061 1663 2092 tamen
1683 2054 1728 2092 in

146 2127 224 2165 hoc
245 2126 348 2163 malo
376 2124 624 2175 aegritudine
654 2137 735 2159 non
764 2130 1017 2174 premantur,
1048 2124 1142 2173 quia
1163 2123 1273 2160 nulla
1300 2123 1563 2161 admisceatur
1589 2123 1727 2174 opinio

147 2194 316 2234 officiosi
331 2193 496 2240 doloris,
513 2192 743 2241 luctumque
765 2197 802 2228 et
821 2203 1039 2228 maerorem
1058 2191 1137 2228 viri
1157 2204 1237 2228 esse
1257 2206 1338 2229 non
1359 2198 1517 2242 putent.
1540 2205 1574 2230 c.
1588 2194 1656 2230 28.
1669 2213 1727 2219 -

147 2263 427 2302 Subiiciuntur
454 2260 644 2312 quaedam
669 2261 718 2296 ad
746 2259 997 2296 refutandam
1028 2259 1263 2296 sententiam
1293 2273 1447 2307 eorum,
1486 2260 1556 2310 qui
1580 2260 1726 2298 ceden-

147 2333 241 2372 dum
272 2336 456 2369 censeant
486 2329 637 2376 dolori,
670 2329 782 2377 quia,
814 2341 936 2378 quum
963 2327 1014 2364 sit
1040 2326 1255 2375 naturalis,
1297 2334 1465 2364 naturae
1489 2328 1629 2366 obsisti
1650 2342 1725 2366 ne-

148 2407 286 2454 queat,
317 2400 484 2449 ideoque
508 2396 847 2434 consolationibus
869 2409 956 2433 eum
975 2394 1080 2432 nihil
1102 2395 1243 2432 levari.
1275 2409 1308 2433 c.
1331 2399 1398 2433 29.
1416 2399 1484 2434 50.
1501 2399 1570 2434 51.
1592 2396 1724 2448 princ.

262 2468 453 2519 Sequitur
478 2467 676 2516 completa
705 2466 935 2502 Stoicorum
956 2463 1142 2514 definitio
1163 2464 1471 2515 aegritudinis:
1501 2464 1722 2515 Aegritudo

149 2545 206 2577 est
231 2538 368 2589 opinio
389 2535 480 2573 mali
499 2533 734 2586 praesentis,
766 2539 804 2569 et
827 2532 985 2582 quidem
1006 2546 1159 2568 recens:
1189 2532 1298 2582 quod
1322 2533 1489 2570 verbum
1513 2532 1569 2570 sic
1590 2533 1723 2571 inter-

149 2614 382 2659 pretantur,
412 2611 460 2642 ut
478 2617 561 2640 non
587 2607 742 2639 tantum
768 2601 867 2638 illud
891 2613 1026 2638 recens
1053 2613 1134 2637 esse
1156 2600 1301 2649 velint,
1332 2601 1442 2651 quod
1465 2601 1603 2652 paullo
1633 2608 1725 2639 ante

151 2675 352 2724 acciderit,
383 2673 451 2712 sed
473 2670 664 2724 quamdiu
686 2670 727 2708 in
750 2669 820 2708 illo
842 2668 1006 2720 opinato
1032 2667 1133 2705 malo
1158 2669 1219 2706 vis
1244 2668 1434 2719 quaedam
1452 2669 1559 2718 insit,
1588 2675 1636 2707 ut
1656 2669 1723 2707 vi-

155 2749 240 2790 geat
258 2750 296 2781 et
316 2742 460 2782 habeat
480 2739 679 2793 quandam
699 2737 968 2785 viriditatem,
999 2736 1151 2774 tamdiu
1173 2736 1398 2789 appelletur
1421 2747 1572 2776 recenS.
1600 2735 1678 2789 §.7
1683 2743 1723 2777 5.
