1843 3085
204 63 285 107 128

198 160 284 196 erat
305 159 485 195 exortum
507 163 630 206 genus
649 148 888 200 Atticorum,
921 148 968 189 iis
990 148 1101 204 ipsis,
1135 149 1200 204 qui
1215 148 1253 190 id
1273 148 1384 204 sequi
1400 162 1444 191 se
1463 149 1759 206 profitebantur,

196 230 394 284 ignotum,
428 227 490 281 qui
507 226 581 266 iam
601 223 873 264 conticuerunt
892 236 1016 278 paene
1038 223 1085 263 ab
1105 223 1190 278 ipso
1212 224 1297 263 soro
1314 223 1441 264 irrisi:
1476 228 1518 265 4.
1548 223 1638 279 quid
1661 225 1765 266 futu-

740 68 905 102 LIBER
929 69 971 101 11.
999 68 1038 110 1,
1062 68 1096 103 4.
1119 67 1163 111 2,
1187 69 1219 102 5.

195 317 282 344 rum
306 309 483 357 putamus
499 330 509 349 ,
543 312 657 352 quum
680 296 856 337 adiutore
879 296 1041 352 popuIO,
1076 311 1150 351 quo
1172 296 1376 337 utebamur
1397 303 1536 348 antea,
1569 311 1672 338 nunc
1691 298 1764 339 mi·

197 377 299 417 nime
319 388 389 415 nos
411 373 463 413 uti
481 385 597 427 posse
618 370 845 411 videamus?
882 368 959 410 Est
976 370 1077 411 enim
1097 370 1338 425 philosophia
1355 371 1486 425 paucis
1506 377 1688 412 contenta
1705 371 1764 412 iu·

196 449 360 500 dicibuS,
392 445 677 487 multitudinem
699 444 874 485 consulto
895 443 977 499 ipsa
1000 444 1170 499 fugiens,
1204 443 1317 498 eique
1340 444 1414 499 ipsi
1437 452 1477 485 et
1495 451 1691 499 suspecta,
1725 451 1764 485 et

194 523 337 572 invisa,
365 527 406 561 ut
421 519 499 570 vel,
526 519 559 559 si
577 518 660 573 quis
681 517 903 558 universam
919 518 1014 559 velit
1028 517 1267 571 vituperare,
1301 518 1472 558 secundo
1490 517 1527 558 id
1546 519 1686 574 populo
1705 519 1762 559 fa-

195 610 286 637 cere
303 594 440 651 possit,
473 593 552 644 vel,
583 592 672 633 siin
692 605 792 642 eam,
821 605 932 645 quam
953 605 1022 631 nos
1041 591 1211 632 maxime
1229 591 1443 646 sequimur,
1472 598 1636 632 conetur
1652 592 1763 633 inva-

194 670 314 720 dere,
356 681 496 722 magna
525 665 668 706 habere
696 665 820 721 possit
855 664 1001 705 auxilia
1030 678 1053 706 a
1081 665 1319 719 reliquorum
1356 664 1671 721 philosophorum
1705 665 1762 706 di-

195 742 385 800 sciplinis.

306 814 364 857 ll.
407 812 496 855 Nos
524 819 652 853 autem
675 812 881 854 universae
911 812 1176 868 philosophiae
1199 811 1529 867 vituperatoribus
1556 811 1761 868 respondi-

194 904 280 932 mus
306 890 346 930 in
379 887 616 937 Hortensi03
660 900 729 941 pro
753 885 968 925 Academia
997 892 1123 926 autem
1147 899 1244 940 quae
1273 886 1435 926 dicenda
1458 892 1619 938 essent,
1663 886 1759 927 satis

193 970 375 1005 accurate
404 962 444 1001 in
466 960 714 1001 Academicis
742 965 922 1012 quattuor
950 958 1058 999 libris
1083 958 1278 1014 explicata
1301 959 1563 1010 arbitramur,
1606 960 1675 1000 sed
1700 966 1759 1000 ta-

192 1051 283 1079 men
307 1042 456 1076 tantum
481 1034 617 1084 abest,
650 1040 692 1073 ut
712 1031 830 1072 scribi
851 1038 987 1071 contra
1007 1046 1077 1072 nos
1102 1032 1267 1072 nolimus
1283 1063 1293 1083 ,
1327 1038 1368 1072 ut
1391 1031 1427 1072 id
1448 1032 1565 1073 etiam
1587 1033 1760 1074 maxime

194 1117 386 1166 optemus.
459 1106 505 1148 In
539 1107 623 1162 ipsa
662 1106 764 1147 enim
792 1104 961 1146 Graecia
996 1105 1235 1160 philosophia
1270 1112 1380 1146 tanto
1413 1105 1453 1146 in
1484 1105 1633 1147 honore
1661 1121 1760 1147 nuu-

192 1198 306 1239 quam
347 1182 507 1233 suisset,
550 1180 625 1221 nisi
667 1180 979 1220 doctissimorum
1019 1179 1332 1220 contentionibus
1373 1179 1759 1235 dissensionibusque

191 1257 397 1312 viguisset.
459 1261 501 1295 5.
537 1252 801 1307 Quamobrem
824 1253 961 1293 hortor
984 1266 1120 1292 omnes
1136 1284 1146 1303 ,
1188 1252 1251 1306 qui
1276 1253 1406 1292 facere
1430 1251 1468 1292 id
1492 1259 1677 1307 possunt,
1717 1260 1759 1294 ut

191 1332 305 1372 huius
327 1342 480 1384 quoque
506 1327 664 1382 generis
694 1327 844 1367 laudem
871 1326 945 1366 iam
968 1326 1167 1380 languenti
1192 1325 1386 1366 Graeciae
1416 1325 1583 1381 eripiant
1608 1333 1646 1367 et
1670 1340 1759 1382 per-

192 1406 321 1447 ferant
358 1403 398 1443 in
438 1402 536 1442 hanc
574 1400 732 1451 urbem,
778 1399 880 1440 sicut
918 1399 1087 1453 reliquas
1122 1413 1281 1451 omnes,
1325 1413 1423 1453 quae
1452 1399 1604 1453 quidem
1645 1407 1757 1441 erant

191 1477 435 1534 expetendae
453 1507 463 1526 ,
507 1473 634 1515 studio
658 1480 773 1527 atquc
798 1472 989 1513 industria
1019 1487 1088 1513 sua
1114 1473 1284 1514 maiores
1306 1472 1431 1513 nostri
1456 1473 1753 1515 transtulerunt.

192 1570 227 1596 et
241 1561 438 1605 elegantiam
461 1558 618 1592 orationis
640 1557 754 1589 sedulo
775 1557 957 1600 fugientem
992 1564 1046 1590 cto
1081 1559 1118 1589 de
1148 1559 1301 1590 Ciceronis
1327 1560 1360 1589 in
1383 1559 1611 1598 philosophiam
1641 1561 1757 1591 meritis

191 1621 231 1641 ac
253 1614 483 1650 respuentem,
517 1616 631 1637 verum
653 1603 859 1636 Atticismum
891 1614 954 1645 pu-
991 1602 1087 1645 p.51.
1135 1604 1185 1634 De
1199 1605 1394 1636 Academicis
1412 1606 1499 1635 libris
1517 1603 1754 1647 disputavimus

192 1654 345 1686 tabant.“
391 1653 529 1684 Neidius.
992 1647 1109 1680 eodem
1133 1648 1208 1679 loco
1232 1649 1317 1690 p.:‘)l
1334 1659 1381 1691 sq.

259 1708 355 1739 yenus
378 1696 559 1738 Atticorum]
600 1694 679 1727 Tria
708 1693 795 1737 apud
827 1699 955 1725 veteres

193 1744 410 1777 censebantur
439 1740 571 1773 dicendi
602 1751 740 1782 genera,
774 1741 955 1778 Asiaticum,

190 1792 336 1829 Atticum,
360 1789 526 1820 Rhodium.
561 1786 670 1817 Genus
689 1786 858 1816 Asiaticum
878 1795 955 1815 sen-

190 1835 370 1867 tentiarum
392 1831 578 1875 granditate
595 1837 628 1862 et
645 1830 815 1861 maiestate
833 1829 956 1861 verbo-

192 1892 281 1919 rum,
319 1879 460 1910 maxima
486 1876 619 1908 omnino
651 1876 822 1912 ubertate,
849 1873 953 1916 copia,

191 1931 320 1956 tumore
340 1923 423 1955 adeo
443 1929 476 1954 et
490 1921 702 1954 affectatione
721 1919 848 1961 insigne
865 1925 953 1957 erat3

191 1973 325 2002 Atticum
347 1974 462 2000 contra
485 1967 623 2009 simplex
647 1972 735 2003 erat,
760 1964 956 1996 tenuitatem

191 2014 354 2058 quandam
378 2025 416 2044 ac
434 2012 637 2043 ieiunitatem
660 2017 811 2050 sectans,
845 2009 956 2041 subtili

192 2066 227 2091 et
241 2070 352 2102 pressa
367 2058 516 2090 oratione
536 2056 692 2095 limatum,
716 2055 802 2087 omni
824 2054 955 2087 dicendi

154 2139 155 2142 Ἴ
192 2104 375 2136 festivitate
399 2115 437 2134 ac
458 2102 571 2144 lepore
591 2101 830 2142 verborumque
851 2112 952 2132 vene-

192 2150 281 2183 ribus
315 2148 502 2185 abstinen33
538 2148 693 2178 Rhodium
717 2146 859 2187 denique
882 2157 956 2176 me-

192 2194 283 2227 dium
302 2193 437 2226 tenebat
459 2193 544 2223 inter
565 2191 759 2223 Asianorum
782 2190 956 2222 abundan-

190 2240 271 2273 tiam
293 2246 326 2271 et
352 2238 535 2270 Atticorum
554 2236 760 2268 tenuitatem.

258 2287 299 2317 iis
327 2287 405 2325 ipsis
435 2302 480 2308 —-
508 2283 662 2322 ignotum]
697 2292 815 2324 quum,
852 2279 955 2313 attico

194 2342 314 2374 genere
339 2327 471 2361 dicendi
499 2338 534 2358 se
556 2326 698 2369 gaudere
720 2326 878 2365 dicentes,
903 2326 955 2357 ic-

191 2375 364 2409 iunitatem
384 2373 568 2406 Atticorum
589 2371 794 2402 imitarentur
808 2396 815 2409 ,
842 2382 955 2402 eorum

192 2422 260 2455 vim
282 2432 321 2452 ac
341 2419 442 2452 robur
462 2429 503 2449 ne
523 2416 746 2458 intelligerent
766 2416 908 2459 quidem.

259 2464 481 2507 conticuerunt]
503 2462 557 2493 Sic
569 2468 658 2493 recte
672 2460 787 2503 optimi
804 2461 878 2492 libri
893 2472 954 2503 pro

193 2511 282 2555 vulg.
305 2513 494 2543 conticuere:
517 2518 599 2550 quae
620 2506 726 2537 forma
747 2505 834 2548 apud
858 2505 955 2537 Cice-

193 2568 310 2589 ronem
331 2555 427 2587 valde
449 2552 546 2585 dubia
567 2557 627 2583 est.
660 2550 712 2581 Cf.
732 2550 819 2581 infra
840 2551 881 2582 V.
899 2550 953 2589 37,

196 2602 291 2641 107„
327 2600 381 2632 ubi
412 2599 512 2631 etiam
540 2596 690 2629 meliores
714 2594 789 2626 libri
814 2595 954 2626 sormam

191 2649 380 2679 reverterunt
397 2644 601 2689 praeferunt.
638 2642 679 2674 V.
698 2651 759 2672 nos
780 2640 814 2671 in
835 2640 892 2672 Gr.
913 2640 951 2671 L.

194 2692 224 2735 ᾗ.
237 2692 301 2730 52,
323 2693 355 2723 2.
380 2703 413 2734 p.
426 2690 479 2725 71.
505 2688 558 2721 ed.
574 2687 606 2721 2.

261 2733 292 2768 4.
328 2730 460 2768 secundo
480 2732 608 2776 populo]
632 2731 675 2763 H.
701 2742 730 2763 e.
753 2730 888 2762 favente
921 2735 955 2761 et

193 2781 357 2823 probante
375 2780 511 2824 populo.
559 2778 612 2810 Sic
632 2777 749 2808 Horat.
772 2776 834 2818 Ep.
853 2776 878 2807 Ι.
901 2774 953 2815 10,

195 2827 235 2859 9;
262 2837 393 2858 rumore
416 2826 569 2857 secundo.-
593 2822 648 2855 ubi
671 2834 702 2853 v.
726 2823 870 2861 Doeriny.

260 2873 294 2902 in
317 2872 400 2912 eam]
425 2868 639 2912 Disciplinam
661 2865 891 2899 academicam.

265 2914 342 2946 cap.
364 2917 404 2947 ΙΙ.
430 2917 464 2948 in
482 2913 656 2957 Hortensio]
692 2913 783 2952 Quae
814 2910 856 2942 de
887 2910 954 2943 hoc

194 2958 280 2992 libro
300 2959 440 2992 dicenda
460 2965 547 3001 sunt,
571 2958 710 2991 diximus
730 2956 766 2990 iu
788 2955 873 2989 libro
897 2955 953 2988 di-

1058 1694 1089 1724 5.
1116 1693 1256 1734 laudem]
1281 1694 1368 1724 Laus
1385 1704 1484 1736 saepe
1502 1692 1665 1736 significat
1685 1705 1756 1726 rem

989 1737 1155 1770 laudatam
1173 1737 1224 1770 vel
1240 1737 1448 1770 laudabilem.
1474 1739 1528 1770 Sic
1547 1739 1658 1781 paullo
1679 1745 1756 1782 post

989 1787 1148 1815 oratorum
1163 1785 1232 1814 laus
1253 1789 1302 1814 est
1322 1795 1372 1814 ars
1387 1783 1518 1815 (licendi
1534 1783 1631 1815 laude
1644 1783 1754 1827 digna.

991 1829 1044 1860 Sic
1062 1828 1149 1860 infra
1170 1827 1202 1866 9,
1227 1828 1288 1860 22:
1314 1828 1386 1859 Nec
1407 1829 1577 1872 quisquam
1596 1841 1614 1861 e
1633 1829 1752 1861 nostris

991 1873 1094 1917 spolia
1119 1872 1207 1916 cepit
1231 1875 1386 1905 laudibus.

1055 1921 1246 1950 ila—venit
1261 1921 1302 1950 ad
1317 1928 1485 1958 summum,
1504 1919 1551 1962 ut]
1570 1919 1696 1952 Vocula
1709 1922 1755 1952 ita

989 1975 1055 1996 non
1078 1963 1119 1995 ad
1140 1963 1239 1995 verba
1263 1965 1356 1996 ducta
1376 1966 1415 1995 ab
1433 1966 1561 2004 humili,
1593 1964 1651 1996 sed
1674 1971 1751 1996 tan-

988 2016 1058 2041 tum
1074 2009 1115 2040 ad
1127 2020 1193 2052 seq.
1209 2012 1242 2040 ut
1252 2008 1428 2040 referenda
1444 2015 1502 2040 est.
1531 2010 1580 2041 De
1592 2009 1649 2041 illo
1663 2012 1708 2041 ita
1720 2022 1750 2042 v.

989 2066 1049 2087 nos
1063 2054 1095 2085 in
1110 2055 1166 2086 Gr.
1182 2055 1218 2085 L.
1233 2056 1259 2094 ἦ.
1276 2051 1347 2086 142.
1360 2053 1438 2085 Not.
1454 2051 1503 2086 14.
1519 2065 1552 2096 p.
1562 2053 1638 2088 374.
1653 2054 1704 2086 ed.
1718 2055 1750 2088 2.

1056 2099 1205 2141 senescat]
1234 2094 1379 2130 Verbum
1401 2101 1576 2131 senescendi
1599 2099 1651 2131 vel
1675 2110 1753 2132 con-

989 2147 1162 2177 senescendi
1184 2144 1325 2186 eleganti
1347 2143 1541 2187 metaphora
1561 2144 1682 2177 dicitur
1710 2144 1752 2176 de

988 2190 1103 2228 rebus,
1131 2201 1213 2232 quae
1235 2189 1322 2231 prius
1344 2200 1472 2220 summo
1491 2189 1602 2221 studio
1624 2190 1664 2221 ab
1685 2189 1750 2222 ho-

989 2235 1128 2266 miuibus
1152 2234 1258 2265 cultae
1289 2241 1321 2265 et
1343 2234 1513 2275 perfectae
1534 2245 1663 2267 omnem
1684 2235 1752 2267 vim

990 2287 1088 2323 atque
1116 2279 1261 2320 vigorem
1292 2278 1459 2310 amittunt.
1506 2279 1562 2311 Sic
1590 2280 1632 2312 de
1659 2282 1750 2312 Orat.

989 2326 1029 2356 ΙΙ.
1047 2327 1086 2363 2,
1112 2324 1152 2358 7:
1187 2330 1223 2355 ut
1242 2323 1372 2355 laudem
1394 2335 1523 2362 eorum,
1559 2324 1624 2356 iam
1644 2336 1752 2368 prope

987 2373 1207 2410 senescentem,
1243 2375 1401 2412 quantum
1430 2380 1491 2411 ego
1522 2380 1673 2412 possem,
1708 2370 1750 2402 ab

990 2414 1157 2447 oblivione
1177 2414 1347 2446 hominum
1367 2420 1465 2457 atque
1481 2425 1501 2446 a
1521 2414 1652 2447 silentio
1673 2414 1748 2446 vin-

989 2460 1144 2492 dicarem.
1202 2459 1251 2490 Cf.
1284 2461 1442 2492 Bremium
1469 2458 1511 2490 ad
1543 2460 1641 2492 Corn.
1661 2461 1749 2503 Nep.

989 2505 1092 2537 Alcib.
1109 2506 1150 2542 V,
1174 2504 1206 2538 3.
1231 2516 1264 2547 p.
1282 2504 1356 2537 111.
1380 2511 1412 2535 et
1430 2506 1585 2536 Kritzium
1605 2505 1648 2537 ad
1671 2505 1749 2538 Sall.

991 2550 1060 2583 Cat.
1078 2550 1158 2588 XX,
1186 2549 1237 2582 10.
1294 2549 1349 2581 Sic
1372 2548 1506 2589 Graeci,
1540 2555 1576 2581 ut
1596 2549 1747 2593 Thucyd-

988 2596 1032 2626 Vi
1044 2620 1052 2632 ‚
1080 2597 1138 2627 15:
1164 2592 1293 2628 πάντων
1312 2592 1373 2637 τήν
1392 2592 1582 2638 ἐπιστήμην
1600 2593 1750 2638 ἐγγηρά-

988 2640 1118 2672 σεσῧαι.

1052 2686 1128 2724 phil.
1149 2682 1311 2726 nascatur]
1348 2682 1580 2715 Coniunctivus
1601 2688 1751 2717 nascatur

988 2728 1112 2772 pendet
1133 2740 1160 2763 ,a
1185 2727 1397 2771 praecedenti
1423 2731 1457 2759 ut
1474 2730 1560 2768 iam,
1585 2729 1676 2772 quasi
1700 2729 1748 2761 sic

987 2774 1045 2806 sit:
1071 2775 1178 2816 Atque
1199 2779 1365 2804 oratorum
1385 2771 1517 2816 quidem
1537 2773 1606 2805 laus
1626 2774 1671 2806 ita
1687 2785 1749 2807 ve-

986 2819 1036 2850 nit
1054 2818 1096 2850 ad
1119 2829 1298 2856 summum,
1324 2823 1360 2848 ut
1379 2816 1444 2848 iam
1466 2824 1616 2850 senescat
1635 2818 1748 2851 brevi-

987 2875 1050 2908 que
1070 2870 1222 2907 tempore
1245 2862 1288 2894 ad
1310 2862 1446 2894 nihilum
1470 2869 1607 2895 ventura
1631 2864 1747 2896 videa-

986 2915 1058 2947 ἰω-ς
1095 2908 1210 2941 contra
1232 2907 1279 2947 fit,
1305 2913 1341 2940 ut
1363 2907 1480 2940 eodem
1501 2914 1651 2952 tempore
1669 2907 1747 2952 phi-

985 2953 1137 2999 losophia
1154 2959 1317 2993 nascatur,
1336 2963 1473 2997 eamque
1493 2952 1598 2987 latino
1619 2964 1676 2987 ore
1693 2953 1745 2986 lo-
