1859 3149
664 35 834 70 mann
858 35 902 71 V.
926 33 970 78 3,
994 33 1029 70 7.
1054 33 1090 70 8.
1601 28 1689 76 273

68 125 158 174 ut,
201 117 310 177 quod
327 125 408 161 tam
429 117 550 175 longe
576 124 687 160 retro
710 117 913 174 respicere
937 132 1018 159 non
1041 125 1211 174 possunt
1243 131 1320 161 nec
1354 131 1452 171 eos,
1493 132 1522 161 a
1541 121 1683 176 quibus

67 195 152 241 vita
181 195 387 239 bominum
417 194 611 238 instructa
642 193 781 250 primis
810 193 888 246 sit,
922 193 1047 236 fuisse
1079 193 1336 251 philosophos
1366 194 1629 239 arbitrantur.

183 268 263 315 ΙΙΙ.
297 276 341 314 7.
374 266 506 326 Quam
529 283 614 312 rem
636 268 954 326 antiquissimam
975 264 1106 325 (μιαί
1120 270 1346 323 videamus,
1378 285 1526 315 nomeu
1552 278 1685 316 tamen

0 395 6 399 ⁴
66 360 160 391 osse
182 345 420 390 eonfitemur
443 359 604 387 recens.
666 343 771 386 Nam
797 345 1034 401 sapientiam
1059 346 1217 401 quidem
1255 346 1380 403 ipsam
1416 347 1505 403 quis
1538 362 1686 405 negare

68 428 202 481 potest
226 436 309 464 non
334 421 452 464 modo
475 434 523 463 re
548 434 640 463 esse
666 420 868 476 antiquam
885 452 896 472 ,
931 434 1070 462 verum
1094 421 1214 463 etiam
1238 422 1429 464 nomine?
1459 438 1561 479 quae
1583 425 1686 467 divi-

66 511 208 542 narum
230 497 574 554 humanarumque
605 511 766 548 reruni,
816 503 898 538 tum
923 496 1125 538 initiorum
1153 511 1464 555 caussarumque
1491 501 1686 557 cuiusque

65 573 127 618 rei
152 574 385 631 cognitione
418 573 495 615 hoc
517 571 826 629 pulcherrimum
852 586 997 614 nomen
1027 573 1129 629 apud
1164 574 1350 630 antiquos
1375 577 1680 631 assequebatur.

67 646 212 706 ltaque
246 656 289 692 et
315 649 407 692 illos
429 655 607 705 septem,
655 648 720 704 qui
755 662 779 689 a
802 647 973 690 Graecis
998 650 1144 699 σοφοί,
1190 650 1394 707 sapientes
1417 665 1440 692 a
1469 652 1618 694 nostris
1645 660 1685 696 et

66 724 318 769 habebantur
338 731 380 767 et
400 724 731 775 nominabantur,
770 731 810 766 et
831 724 965 766 multis
990 732 1083 766 ante
1103 725 1253 767 seculis
1276 724 1534 783 Lycurgum,
1569 729 1684 772 cuius

64 800 312 860 temporibus
336 799 542 843 Homerus
567 800 686 842 etiam
712 800 836 842 ruisse
859 808 953 842 ante
977 800 1077 842 hanc
1104 799 1252 844 Urbem
1278 803 1478 845 conditam
1499 804 1683 860 traditur,

65 884 108 922 et
140 877 219 920 iam
254 876 430 919 heroicis
467 875 664 918 aetatibus
701 874 860 919 Ulixem
891 884 931 918 et
962 875 1183 919 Nestorem
1222 878 1449 935 accepimus
1489 886 1530 922 et
1556 879 1682 923 fnisse

65 960 108 997 et
126 951 285 996 habitos
312 965 406 995 esse
425 951 644 1008 sapientes.
708 958 750 994 8.
784 951 876 994 Nec
899 967 996 994 vero
1015 953 1131 994 Atlas
1159 954 1363 996 sustinere
1385 955 1565 1009 caelum,
1606 970 1682 999 uec

62 1026 332 1072 Prometheus
354 1028 498 1070 affixus
520 1024 707 1070 Caucaso
724 1060 734 1078 ‚
782 1042 855 1070 nec
880 1029 1061 1070 stellatus
1085 1026 1274 1086 Cepheus
1299 1045 1388 1072 cum
1413 1045 1569 1084 uxore,
1612 1045 1683 1088 ge-

64 1118 193 1159 nero,
241 1104 321 1148 fitia
345 1104 599 1157 traderetur,
648 1103 724 1146 nisi
750 1103 983 1146 caelestium
1013 1104 1147 1145 divina
1173 1105 1350 1160 cognitio
1372 1121 1519 1149 nomen
1540 1121 1683 1150 eorum

62 1180 113 1224 ad
154 1193 336 1224 errorem
380 1180 535 1223 fabulae
577 1180 840 1222 traduxisset.
905 1180 944 1221 A
985 1179 1128 1235 quibus
1169 1181 1275 1223 ducti
1302 1182 1491 1240 deinceps
1521 1197 1679 1238 omnes,

63 1255 132 1314 qui
162 1256 203 1299 in
229 1269 363 1309 rerum
390 1256 727 1314 contemplatione
751 1256 880 1297 studia
906 1255 1130 1312 ponebant,
1178 1257 1384 1313 sapientes
1414 1266 1455 1300 et
1480 1258 1684 1302 habeban-

64 1338 131 1375 tur
159 1339 202 1375 et
227 1331 559 1384 nominabantur,
607 1332 724 1388 idque
749 1346 888 1373 eorum
913 1346 1059 1373 nomen
1083 1346 1209 1388 usque
1243 1333 1292 1374 ad
1316 1331 1575 1390 Pythagorae
1598 1350 1683 1377 ma-

41 1407 178 1452 ·uavit
204 1396 375 1450 aetatem
392 1441 404 1462 ,
437 1422 553 1465 quem
570 1441 581 1461 ‚
627 1415 669 1450 ut
693 1408 833 1450 scribit
855 1407 1013 1449 auditor
1036 1405 1240 1460 Platonis,
1284 1407 1477 1452 Ponticus
1501 1407 1683 1454 Heracli·

65 1482 163 1539 des,
190 1482 275 1526 ‘vir
297 1483 439 1527 doctus
464 1484 504 1526 in
533 1484 693 1542 primis,
739 1481 966 1525 Phliuntem
995 1484 1127 1526 serunt
1158 1484 1345 1538 venisse,
1393 1499 1564 1544 eumque
1592 1502 1683 1531 cum

0 1546 10 1555 ”
57 1544 252 1612 Leonte,
302 1559 482 1618 principe
513 1558 808 1612 Phliasiorum,
856 1560 972 1601 docte
1006 1567 1046 1601 et
1077 1560 1239 1617 copiose
1280 1562 1522 1605 disseruisse
1560 1577 1683 1619 quae·

7 1648 17 1654 ·
65 1635 173 1678 dam.
243 1632 372 1679 Cuius
399 1635 602 1692 ingenium
635 1643 675 1678 et
700 1636 966 1692 eloquentiam
1003 1651 1123 1692 quum
1156 1637 1373 1680 admiratus
1408 1646 1520 1681 esset
1545 1636 1680 1693 Leon,

11 1703 15 1705 i
65 1710 318 1769 quaesivisse
349 1724 405 1754 ex
438 1725 513 1764 eo,
561 1726 639 1769 qua
675 1713 848 1754 maxime
882 1719 969 1754 arte
1004 1712 1251 1765 confideret,
1297 1720 1338 1754 at
1372 1713 1507 1766 illum,
1552 1721 1680 1757 artem

64 1786 223 1845 quidem
243 1801 290 1830 se
312 1787 419 1830 seire
439 1787 612 1840 nullam,
646 1788 717 1830 sed
740 1801 833 1830 esse
852 1788 1162 1844 philosophum
1175 1804 1192 1836 ,-
1222 1788 1457 1831 admiratum
1480 1787 1681 1833 Leontem

68 1883 114 1920 'nb
134 1884 207 1920 h-l.
227 1885 330 1932 plane
360 1885 508 1919 alienum
531 1892 605 1924 θεῖς
638 1897 716 1918 nam
739 1885 767 1918 si
788 1896 855 1930 po·
890 1885 973 1918 baut
1009 1898 1119 1918 rerum
1155 1886 1387 1930 cognitionem
1403 1913 1413 1929 ,
1449 1887 1542 1932 digni
1567 1895 1677 1929 erant,

48 1931 189 1968 *tub-set
220 1943 321 1975 quun
341 1952 388 1959 —
413 1937 498 1973 tum,
535 1932 619 1965 haec
644 1932 717 1965 sere
749 1932 855 1965 exiret
892 1932 948 1977 qui
976 1933 1146 1977 sapientes
1173 1933 1449 1977 appellarentur3
1485 1934 1545 1967 sed
1575 1943 1678 1968 vetu-

66 1978 256 2024 mteutiaq·
293 1990 379 2024 quae
411 1983 439 2012 et
463 1978 654 2011 divinarum
688 1979 855 2012 humana-
890 1978 988 2012 statis
1009 1979 1123 2012 studio
1145 1991 1197 2012 res
1217 1980 1454 2014 memorabiles
1474 1981 1597 2014 sabulis
1620 1981 1678 2015 in-

10 2055 13 2057 ,
66 2036 209 2071 nmque
247 2036 383 2065 rerum,
426 2029 455 2058 et
492 2035 566 2058 vero
601 2027 699 2058 etium
735 2025 855 2058 initio-
891 2025 1052 2059 volvendi
1078 2026 1205 2059 sactum
1227 2034 1298 2066 est,
1325 2034 1361 2061 ut
1382 2039 1452 2060 non
1473 2027 1679 2072 sapientium

66 2082 142 2107 nm
160 2090 208 2097 —
226 2071 445 2116 cognitione:
471 2082 537 2116 qua
560 2071 713 2105 iunctura
734 2079 856 2116 poste-
891 2073 1026 2106 nomine
1041 2072 1272 2113 afficerentur,
1297 2073 1359 2106 sed
1378 2074 1468 2108 inter
1488 2074 1600 2109 sidera
1619 2086 1679 2108 re-

65 2117 135 2153 tius
157 2117 324 2160 orationis
344 2117 532 2151 membrum
553 2118 681 2151 maiore
695 2118 727 2150 vi
748 2118 855 2151 effer·
891 2119 1069 2152 ferrentur.
1105 2119 1158 2151 Cf.
1179 2119 1252 2152 lud.
1276 2119 1397 2154 histor.
1420 2132 1452 2153 v.
1471 2123 1573 2163 Atlas,
1596 2124 1678 2156 Pro-

32 2194 38 2203 .
66 2171 183 2204 τοίω-ς
213 2171 250 2198 ut
273 2163 366 2210 prius
392 2163 556 2198 orationis
582 2165 770 2198 membrum
796 2165 856 2197 Ci-
889 2167 1049 2206 metheus,
1075 2167 1226 2207 Cepheus.

68 2223 150 2246 cero
186 2217 350 2256 tanquam
388 2211 608 2256 praecipuum
624 2237 632 2249 ,
685 2212 855 2256 posterius
958 2214 1117 2255 stellatus{
1157 2224 1269 2257 „pro:
1305 2213 1396 2246 inter
1417 2212 1530 2247 sidera
1551 2213 1678 2248 relatus

67 2264 230 2304 tunquam
242 2257 512 2291 additamentum
531 2257 722 2303 significare
736 2258 856 2292 voluit.
891 2266 926 2292 et
948 2259 1041 2292 sidus
1067 2260 1175 2292 faetus
1190 2284 1199 2298 ‚
1226 2260 1434 2293 Graecorum
1458 2272 1574 2301 more,
1599 2261 1678 2306 qui-

35 2317 44 2327 ·
68 2305 127 2339 Sic
146 2315 250 2349 saepe
270 2309 341 2339 hm
361 2303 498 2338 dicitur.
530 2305 574 2339 N.
595 2306 637 2338 D.
659 2306 684 2338 1.
708 2304 769 2345 16,
787 2304 853 2339 43:
891 2305 951 2338 bus
976 2306 1043 2339 hoc
1061 2305 1230 2350 signifieat
1249 2307 1573 2351 καταστερισθείςέ*
1598 2310 1678 2342 rur-

69 2362 146 2386 αιιιι
168 2355 347 2396 poetarum
369 2358 484 2387 antem
509 2357 626 2385 crore
650 2351 857 2395 coniungere
890 2355 988 2386 nebus
1014 2352 1172 2385 Adverss.
1193 2353 1276 2391 vn,
1300 2353 1352 2387 16.

10 2396 21 2413 ⁸
67 2397 152 2432 lieet
171 2404 333 2442 portenta
347 2409 524 2443 magorum
542 2397 856 2443 Aegyptiorumque
961 2401 1160 2443 Heraclides]
1188 2400 1229 2431 V.
1258 2399 1365 2432 indic.
1390 2399 1470 2432 hist.

68 2443 104 2478 iu
127 2437 398 2498 eodempere
418 2444 641 2485 dementiam,
665 2449 733 2496 ῳπι
752 2445 856 2478 etiam
959 2445 1108 2491 eumque]
1145 2446 1364 2480 constructio
1384 2446 1524 2479 relativa
1545 2443 1680 2479 transiit

19 2494 30 2504 ⁸
68 2490 162 2536 vulgi
194 2503 217 2525 o
243 2491 385 2525 'monem
431 2490 531 2525 Plura
559 2490 706 2525 contuht
726 2494 858 2525 Sti'tren-
891 2492 925 2525 in
944 2491 1258 2526 demonstrativam.
1295 2492 1339 2525 de
1359 2495 1452 2526 Orat.
1465 2494 1507 2525 ΙΙ.
1521 2493 1575 2530 74,
1588 2491 1676 2525 299:

70 2538 161 2581 hm.
187 2550 208 2572 u
256 2549 306 2571 or.
332 2549 396 2583 pro
417 2537 520 2572 Arch.
542 2536 718 2583 p.179sq.
890 2538 1163 2579 Themistocles,
1198 2542 1243 2572 ad
1270 2550 1361 2582 quem
1392 2538 1528 2583 quidam
1557 2538 1680 2571 doctus

139 2586 271 2629 xum]
296 2584 392 2624 Bias,
421 2584 540 2625 Chilo,
569 2584 760 2626 Cleobulus,
782 2584 858 2618 Pit·
891 2585 996 2618 homo
1018 2604 1065 2610 -—
1087 2586 1268 2619 accessisse
1289 2585 1432 2627 dicitur,
1461 2587 1550 2627 eique
1570 2591 1679 2616 artem

69 2635 189 2672 hcm,
211 2631 419 2672 Perhader,
448 2630 551 2669 Solo,
577 2630 716 2664 Thales.
893 2631 1075 2665 memoriae
1106 2652 1150 2657 —-
1185 2631 1354 2676 pollicitus
1389 2643 1462 2664 esse
1496 2643 1533 2663 se
1567 2629 1678 2662 tradi-

61 2714 67 2721 ·
138 2677 268 2724 mlix]
314 2681 498 2723 ,,γενεαίς,
545 2677 859 2713 Meuschenalter.“
892 2685 1018 2711 turum.
1069 2679 1123 2711 Cf.
1147 2679 1236 2711 infra
1263 2690 1291 2711 c.
1310 2677 1354 2718 6,
1376 2677 1428 2711 17.
1478 2678 1518 2710 V.
1550 2687 1611 2708 nos
1641 2675 1678 2709 in

74 2722 169 2766 Wolf.
896 2725 955 2758 Gr.
978 2726 1019 2758 L.
1043 2725 1071 2762 ⁶.
1089 2723 1171 2763 145,
1200 2723 1252 2758 14.
1276 2721 1391 2767 p.394
1402 2734 1453 2766 sq.

142 2769 315 2816 um]
347 2770 535 2804 Homerum
556 2770 733 2815 aequalem
756 2770 860 2804 fuisse
964 2765 1178 2813 admiratum]
1216 2769 1365 2802 Verbum
1401 2770 1590 2802 admirandi
1612 2767 1681 2801 du-

74 2813 254 2867 Iayptjrgi,
297 2817 539 2852 nonnullorum
573 2817 640 2850 fuit
675 2817 862 2863 antiquitus
896 2817 1031 2870 plicem·
1056 2818 1124 2850 vim
1158 2816 1263 2867 habet
1297 2815 1365 2868 boc
1384 2814 1486 2868 loco..
1533 2814 1681 2849 Primum

72 2871 202 2941 opugn-
214 2908 278 2942 Noe
310 2919 386 2943 vero
412 2912 517 2954 Atlas]
551 2910 730 2943 Sententia
763 2909 862 2943 huius
896 2876 1059 2952 ΣΞὲ-ιιίἱαιιιτιι
1091 2862 1203 2950 ξιῗιῐιξζδ
1212 2871 1509 2941 41άηῖἱῖῖῴᾝῖ
1510 2865 1602 2942 '223⁸
1616 2864 1684 2942 ‘gt

72 2950 145 2986 lod
177 2951 265 2986 haec
297 2961 370 2987 est:
413 2956 532 2997 Atlas,
570 2957 792 2990 Prometheus
828 2963 864 2989 et
898 2963 1071 2989 nostrum:
1096 2955 1309 2995 bena-undem„-
1334 2960 1407 2986 tum
1428 2953 1463 2986 in
1482 2954 1681 2988 hisverbis:

6 3016 9 3021 ·
75 2997 234 3044 Cepheus
264 3007 411 3045 propter
443 3001 596 3036 divinam
621 3015 687 3048 qua
714 3001 862 3035 excelle·
898 3001 1102 3034 admiratum
1114 3002 1288 3034 novitatem
1299 3002 1436 3034 nominis
1447 3007 1499 3034 est
1511 3008 1683 3035 nostrum:

1299 3062 1352 3099 18
