1843 3085
195 51 278 96 120

194 142 323 199 potius
337 141 545 199 putabant3
575 141 701 195 isque,
721 139 787 195 qui
803 140 876 180 hoc
887 138 1083 195 Diagorae
1101 139 1214 190 dixit,
1237 150 1490 194 permagnum
1506 136 1756 189 existimans,

195 222 278 259 tres
302 215 595 273 Olympionicas
614 229 692 255 una
715 228 736 255 c
760 214 874 254 domo
896 213 1051 269 prodire
1066 245 1076 265 ,
1117 212 1292 253 cunctari
1315 212 1422 252 illum
1448 210 1591 252 diutius
1617 211 1659 252 in
1680 211 1762 254 vita

196 290 376 331 fortunae
400 290 591 330 obiectum
615 288 749 329 inutile
772 287 930 343 putabat
949 288 1037 343 ipsi.
1089 286 1178 342 Ego
1199 293 1328 327 autem
1354 285 1423 325 tibi
1449 285 1602 339 quidem
1617 316 1628 336 ,
1661 285 1763 340 quod

196 363 293 405 satis
318 370 445 414 esset,
487 362 620 417 paucis
642 361 775 403 verbis
790 393 800 412 ,
834 368 876 402 ut
897 361 988 402 mihi
1011 361 1196 410 videbar,
1229 359 1523 414 responderam.

718 56 1228 102 LIBER1.47,112.113.

1585 354 1763 400 Conces-

197 450 309 478 seras
333 436 433 477 enim
451 468 461 488 ,
495 436 600 476 nullo
626 435 665 475 in
696 436 797 476 malo
823 442 997 476 mortuos
1025 449 1143 485 esse,
1187 433 1255 474 sed
1281 432 1329 473 ob
1355 446 1439 472 eam
1468 446 1645 473 caussam
1671 447 1765 473 con-

196 510 324 561 tendi,
366 517 408 550 ut
431 510 537 565 plura
560 509 727 550 dicerem
744 541 754 560 ,
788 509 888 563 quod
911 509 948 549 in
976 508 1168 549 desiderio
1191 515 1230 548 et
1254 508 1358 547 luctu
1383 506 1480 547 haec
1503 514 1564 547 est
1586 506 1766 547 consola-

197 583 251 623 tio
277 583 463 624 maxima.
514 582 705 623 Nostrum
728 583 830 623 enim
856 590 895 623 et
913 589 1045 623 nostra
1075 595 1215 622 caussa
1240 586 1462 635 susceptum
1486 579 1660 620 dolorem
1683 593 1767 620 mo-

196 656 281 697 dice
304 657 407 697 serre
431 657 616 698 debemus
631 688 642 708 ,
690 670 738 697 ne
762 663 916 696 nosmet
937 656 1041 711 ipsos
1063 669 1193 696 amare
1215 655 1434 695 videamur.
1497 651 1569 706 Illa
1595 653 1765 708 suspicio

194 729 431 772 intolerabili
463 731 597 771 dolore
626 731 799 782 cruciat,
843 731 876 770 si
911 731 1114 784 opinamur
1142 743 1237 779 eos,
1283 728 1420 782 quihus
1452 727 1579 768 orbati
1612 741 1764 778 sumus,

200 817 288 844 esse
318 818 404 844 cum
431 803 559 858 aliquo
585 817 703 844 sensu
730 804 772 845 in
796 804 844 844 iis
874 804 983 844 malis
1002 835 1012 855 ,
1059 803 1196 858 quibus
1225 802 1340 856 vulgo
1370 801 1593 856 opinantur.
1654 800 1769 841 Hanc

199 884 387 918 excutere
406 878 627 932 opinionem
647 878 821 919 mihimet
840 878 946 919 volui
964 877 1166 927 radicitus,
1186 889 1311 930 eoque
1332 875 1384 915 fui
1406 876 1574 915 fortasse
1597 874 1767 929 longior.

312 949 490 992 XLVII.
534 957 629 992 112.
663 951 720 991 A.
754 951 817 992 Tu
844 951 1027 1005 longior?
1070 965 1147 990 non
1176 949 1268 989 mihi
1297 949 1465 1003 quidem.

202 1037 292 1079 pars
321 1025 510 1066 orationis
539 1033 627 1065 tuac
658 1025 844 1076 faciebat,
886 1031 927 1064 ut
953 1024 1051 1065 mori
1079 1036 1287 1078 cuperem,
1330 1021 1548 1076 posterior,
1588 1027 1632 1061 ut
1657 1021 1771 1061 modo

1526 946 1645 988 Prior
1669 947 1773 988 enim

200 1110 280 1137 non
306 1097 472 1150 nollem,
519 1100 632 1140 modo
664 1113 743 1139 non
769 1098 1014 1149 laborarem,
1061 1097 1166 1138 omni
1190 1103 1320 1137 autem
1343 1095 1520 1136 oratione
1548 1094 1639 1134 illud
1665 1101 1772 1134 certe

1428 1168 1492 1210 M.
1523 1166 1631 1208 Num
1656 1167 1776 1222 igitur

202 1244 320 1285 etiam
346 1245 545 1287 rhetorum
569 1247 761 1301 epilogum
783 1245 1080 1286 desideramus?
1122 1258 1171 1284 an
1196 1243 1294 1283 lianc
1321 1242 1396 1282 iam
1426 1249 1548 1282 artem
1572 1241 1685 1297 plane
1709 1256 1774 1283 re-

203 1317 439 1373 linquimus?

203 1170 419 1225 perfectum
448 1179 533 1224 est,
578 1180 620 1213 ut
649 1179 812 1213 mortem
838 1186 917 1212 non
948 1172 1131 1212 ducerem
1162 1171 1201 1211 in
1228 1169 1354 1210 malis.

506 1320 558 1361 A.
591 1319 654 1360 Tu
678 1334 774 1360 vero
802 1319 916 1359 istam
944 1333 992 1358 ne
1012 1317 1217 1371 reliqueris
1233 1348 1243 1367 ,
1290 1330 1402 1370 quam
1428 1329 1584 1371 semper
1608 1315 1772 1368 ornasti,

205 1399 246 1433 et
269 1393 420 1447 quidem
448 1394 559 1446 iure,
601 1394 666 1434 illa
691 1393 792 1433 enim
824 1399 888 1443 te,
935 1405 1070 1432 verum
1102 1391 1134 1432 si
1162 1391 1265 1445 loqui
1290 1390 1493 1441 volumus,
1541 1397 1768 1430 ornaverat.

208 1463 290 1507 Sed
330 1467 483 1521 quinam
525 1474 586 1508 est
626 1467 701 1508 iste
742 1466 947 1520 epilogus?
989 1479 1087 1506 aveo
1129 1465 1231 1505 enim
1269 1463 1402 1503 audire
1419 1495 1429 1514 ,
1475 1463 1652 1517 quicquid
1695 1470 1771 1504 est.
1827 1509 1834 1514 „

211 1545 309 1580 115.
344 1541 411 1581 M.
443 1540 620 1582 Deorum
646 1540 918 1580 immortalium
949 1539 1090 1580 iudicia
1119 1538 1248 1578 solent
1278 1537 1317 1577 in
1345 1536 1488 1577 scholis
1519 1538 1696 1592 proferre
1730 1536 1778 1577 de

208 1620 361 1666 morte3
395 1628 468 1655 nec
487 1628 582 1657 vero
606 1628 653 1655 ea
675 1614 822 1668 fingere
844 1612 942 1667 ipsi,
976 1613 1045 1653 sed
1069 1611 1269 1652 Herodoto
1291 1618 1451 1651 auctore
1474 1610 1638 1665 aliisque
1660 1609 1778 1666 pluri-

275 1723 384 1753 inutile
398 1726 529 1762 putabat
546 1723 620 1766 ipsi]
645 1724 752 1755 Inutile
769 1721 973 1763 interpreta—

210 1772 264 1798 tur
286 1768 413 1807 Wolfius
433 1770 625 1808 hemminch,
648 1769 829 1808 yefc'thrlich.
876 1768 974 1797 Mose-

207 1821 264 1844 rus
286 1812 482 1845 vocabulum
512 1814 559 1845 sic
588 1825 648 1856 per
672 1809 829 1854 λιτότητα
850 1811 975 1842 dictum

212 1868 283 1888 esse
315 1857 486 1898 observat,
523 1870 630 1902 comp.
666 1857 730 1889 Off.
752 1858 792 1888 ΙΙ.
817 1854 875 1895 1-1,
909 1854 972 1889 -19ε

212 1901 404 1934 seditiosum
425 1911 457 1935 et
476 1904 625 1935 inutilem
646 1903 770 1943 civem,
796 1902 830 1934 C.
847 1901 976 1934 Norba-

212 1957 310 1984 num,
335 1947 368 1978 in
390 1948 545 1981 iudicium
569 1948 713 1981 vocavit.

280 1994 363 2031 quod
395 1997 472 2025 scitis
503 1998 596 2034 esset,
631 1997 742 2034 paucis
775 1995 874 2025 verbis
898 1992 977 2035 eto]

214 2036 308 2068 Haec
325 2037 425 2069 verba
443 2038 489 2070 ita
505 2039 716 2081 explicanda:
742 2040 810 2080 Ego
827 2038 871 2075 id,
890 2038 980 2081 quod

215 2080 327 2124 paucis
352 2082 459 2114 verbis
483 2083 682 2125 respondere
708 2085 757 2123 (ut
780 2083 859 2114 mihi
883 2083 979 2114 vide-

215 2125 287 2166 bar)
312 2126 389 2157 satis
415 2134 505 2166 erat,
543 2128 800 2171 responderam,
836 2128 909 2165 vel,
943 2134 980 2159 ut

217 2170 289 2203 aliis
311 2171 420 2203 verbis
443 2179 537 2211 utar,
563 2185 641 2215 ego,
669 2185 749 2215 quae
769 2172 847 2204 mihi
869 2173 979 2215 paucis

215 2216 326 2248 verbis
350 2217 552 2250 absolvenda
576 2218 791 2257 videbantur,
831 2225 980 2249 mortuos

216 2261 342 2294 scilicet
363 2262 453 2294 nullo
483 2263 517 2294 in
541 2263 627 2295 malo
651 2275 741 2299 esse3
779 2275 852 2294 nam
877 2262 911 2294 id
934 2263 980 2294 ita

217 2318 289 2338 esse
312 2307 412 2339 modo
436 2319 662 2343 concesseras;
690 2308 817 2339 uberius
843 2308 884 2339 ob
910 2320 981 2340 eam

219 2363 365 2384 caussam
385 2353 539 2396 exposui,
575 2352 664 2396 quod
692 2353 724 2384 in
750 2353 915 2384 desiderio
948 2360 981 2384 et

219 2396 309 2429 luctu
339 2398 423 2429 haec
451 2404 500 2429 est
532 2398 715 2430 consolatio
748 2398 908 2435 maxima,
946 2405 983 2428 ut

218 2442 378 2481 sciamus,
405 2443 494 2475 nullo
517 2443 552 2474 in
574 2443 661 2474 malo
684 2450 832 2474 mortuos
855 2454 936 2474 esse.

285 2490 318 2520 in
339 2490 378 2520 iis
401 2491 504 2529 malis,
527 2487 650 2530 quibus]
677 2489 717 2518 V.
741 2487 783 2518 ad
805 2487 900 2525 c.39‚
926 2484 979 2519 94.

290 2533 369 2566 CAP.
384 2535 521 2566 XLVII.
549 2534 621 2565 112.
665 2531 832 2574 Epilogus,
858 2532 911 2574 qui
931 2543 982 2562 se-

219 2576 349 2621 quitur,
385 2590 425 2611 eo
452 2578 586 2611 consilio
619 2577 749 2608 videtur
781 2589 800 2608 a
826 2576 982 2608 Cicerone

219 2623 285 2655 toti
306 2623 522 2667 disputationi
544 2623 689 2655 adiectus
711 2633 780 2653 esse
794 2646 801 2660 ,
827 2627 863 2651 ut
886 2621 980 2652 aucli—

219 2668 301 2699 toris
320 2669 461 2701 animum
481 2669 515 2701 in
532 2668 580 2710 iis,
601 2679 683 2712 quae
702 2666 743 2698 de
763 2672 983 2697 contemnen-

220 2712 263 2745 da
296 2721 404 2746 morte
437 2715 526 2747 dicta
559 2720 671 2753 erant,
711 2711 920 2744 confimiaret
950 2717 983 2742 et

220 2759 462 2792 corroboraret.

286 2807 370 2837 omni
389 2810 493 2838 aulem
513 2803 664 2847 oratione]
684 2801 747 2834 Alii
760 2800 909 2833 nonnulli
925 2800 985 2832 ha-

219 2846 301 2879 bent
331 2853 469 2882 ratione:
510 2849 598 2894 quod
633 2847 801 2892 „quamvis
837 2846 870 2877 in
905 2857 984 2888 spe-

222 2890 304 2923 ciem
323 2894 495 2935 probabile
517 2895 686 2932 videatur,
708 2899 819 2925 tamen
836 2891 985 2933 ineptum

221 2941 281 2968 est.
337 2939 415 2971 Non
451 2940 536 2972 enim
572 2939 653 2972 dicit
686 2940 835 2971 Marcum
867 2935 986 2969 adole-

1008 1731 1101 1752 scens
1122 1718 1210 1751 omni
1230 1721 1349 1751 ratione
1368 1724 1400 1748 et
1422 1718 1511 1749 omni
1532 1729 1652 1761 genere
1671 1729 1774 1760 argu-

1008 1773 1196 1797 mentorum
1209 1776 1246 1795 ac
1260 1763 1493 1806 probationum
1506 1763 1665 1802 docuisse,
1685 1774 1773 1795 rnor-

1007 1817 1073 1842 tem
1095 1821 1162 1842 non
1186 1821 1256 1841 esse
1279 1807 1462 1839 ducendam
1481 1808 1513 1840 in
1531 1808 1645 1845 malis3
1671 1819 1774 1851 quan-

1011 1867 1105 1899 quam
1128 1855 1193 1887 hoo
1215 1865 1344 1898 quoque
1368 1854 1493 1884 fuctum
1515 1861 1585 1892 est3
1623 1853 1682 1885 sed
1705 1864 1779 1884 eum

1010 1901 1044 1932 in
1065 1908 1137 1932 tota
1154 1903 1290 1932 oratione
1310 1899 1375 1930 hoo
1389 1904 1556 1941 spectasse
1573 1905 1672 1942 atque
1693 1898 1778 1930 adeo

1011 1945 1211 1989 perfecisse,
1248 1951 1284 1975 ut
1307 1955 1395 1976 mors
1425 1955 1491 1976 non
1517 1950 1603 1975 esset
1628 1943 1780 1975 ducenda

1013 1992 1047 2023 in
1069 1991 1199 2023 malis.“

1080 2039 1250 2077 perfectum
1275 2038 1336 2075 est,
1360 2038 1394 2066 ut
1417 2053 1459 2058 —-
1484 2033 1641 2077 ducerem]
1667 2035 1692 2064 E
1714 2044 1782 2064 no-

1014 2089 1100 2113 strae
1123 2082 1252 2122 liuguae
1286 2080 1414 2111 ratione
1434 2086 1611 2122 »exspectes
1643 2081 1780 2117 ducam,·

1015 2139 1089 2159 nam
1115 2127 1246 2158 auditor
1267 2125 1354 2157 hanc
1375 2124 1563 2168 opinionem
1584 2135 1650 2156 nou
1674 2123 1782 2155 solum

1015 2172 1190 2203 imbiberat
1209 2178 1338 2209 mente,
1364 2170 1423 2201 sed
1444 2169 1542 2201 etiam
1561 2176 1652 2209 tum,
1682 2180 1780 2212 quum

1015 2218 1098 2248 haec
1126 2217 1226 2248 verba
1261 2216 1411 2254 dicebat,
1458 2215 1596 2247 firmiter
1625 2214 1781 2253 tenebat3

1016 2270 1050 2294 at
1070 2275 1100 2293 v.
1126 2261 1292 2293 Atlnotata
1317 2261 1350 2291 in
1375 2272 1402 2293 e.
1418 2258 1458 2297 -1,
1482 2261 1514 2294 7.

1087 2307 1158 2340 113.
1206 2309 1239 2337 in
1271 2305 1394 2348 scholis]
1429 2306 1472 2336 H.
1492 2316 1519 2336 e.
1545 2303 1784 2347 disputationi-

1016 2353 1075 2384 bus
1101 2352 1142 2382 ‹le
1165 2350 1384 2394 philosophia.
1432 2351 1471 2380 V.
1496 2349 1538 2381 ad
1560 2361 1587 2381 c.
1606 2348 1647 2389 4,
1673 2351 1706 2382 ὅ.

1084 2399 1236 2435 Herodolo
1261 2395 1399 2439 auctore]
1430 2395 1503 2426 Lib.
1520 2397 1553 2433 Ι,
1578 2394 1632 2428 31.

1085 2445 1198 2483 Aryiae
1213 2441 1394 2484 sacerdotis]
1419 2440 1476 2471 Cui
1495 2451 1615 2472 nomen
1634 2445 1705 2471 erat
1721 2438 1785 2482 Cy-

1017 2487 1149 2530 dippae.
1197 2487 1237 2517 V.
1266 2486 1387 2517 Herod.
1407 2485 1429 2517 l.
1450 2485 1482 2516 d.

1085 2532 1167 2575 Bito]
1194 2531 1301 2573 Vulgo
1325 2531 1410 2563 male
1432 2532 1522 2563 Biton
1542 2529 1672 2573 legitur.
1703 2530 1785 2560 Earn

1019 2577 1104 2608 enim
1120 2577 1231 2607 Cicero
1251 2583 1440 2608 constanter
1455 2576 1526 2607 fere
1539 2581 1649 2606 servat
1666 2574 1784 2617 legem,

1019 2629 1054 2652 ut
1085 2622 1286 2653 Graecorum
1327 2620 1460 2653 nomina
1493 2620 1629 2662 propria
1661 2620 1694 2651 in
1728 2630 1784 2658 ων,

1019 2677 1157 2709 quorum
1189 2666 1351 2706 genitivus
1384 2664 1437 2695 vel
1471 2664 1504 2695 in
1536 2675 1626 2702 ονος,
1663 2664 1715 2696 vel
1751 2663 1786 2695 in

1020 2721 1101 2747 ωνος
1131 2710 1346 2748 terminatur,
1381 2709 1414 2740 in
1439 2708 1643 2740 nominativo
1666 2709 1787 2741 termi-

1018 2762 1075 2786 net
1099 2754 1132 2785 in
1156 2765 1195 2794 ο,-
1230 2765 1369 2797 quorum
1400 2760 1509 2784 autem
1538 2754 1700 2796 genitivus
1733 2753 1787 2786 vel

1017 2800 1051 2831 in
1073 2811 1162 2837 οντες
1183 2799 1235 2830 vel
1259 2799 1291 2831 iu
1321 2810 1422 2836 ωντος
1453 2798 1542 2837 exit,
1574 2799 1608 2830 in
1631 2798 1787 2831 nomina-

1019 2845 1088 2876 tivo
1110 2844 1265 2876 terminet
1284 2844 1317 2875 in
1337 2855 1384 2876 on.
1419 2844 1510 2875 Infra
1531 2842 1625 2877 edm.
1646 2844 1693 2876 in.
1715 2846 1786 2876 Ari-

1019 2892 1137 2931 stoyito.
1162 2890 1217 2921 ΙΙΙ.
1236 2889 1286 2929 18,
1311 2887 1373 2922 39:
1408 2891 1543 2921 Telamo.
1563 2886 1628 2927 24,
1653 2889 1708 2922 58.
1730 2887 1786 2926 26,

1019 2934 1096 2969 62:
1123 2940 1322 2976 Ayamemuo.
1345 2935 1399 2966 IV.
1414 2934 1445 2974 8,
1462 2934 1513 2968 17.
1546 2937 1589 2966 At
1610 2935 1636 2966 1.
1657 2934 1712 2974 325,
1731 2932 1786 2967 92.
