1859 3149
1593 61 1679 106 283

78 158 118 202 id
138 158 321 215 quidem3
364 157 435 199 sed
458 156 555 198 nihil
577 156 756 212 intelligo
784 155 859 198 dici
884 156 1060 212 potuisse
1089 153 1354 197 constantius.
1419 149 1465 194 Si
1488 152 1593 194 enim
1617 161 1676 196 tot

79 241 174 276 sunt
196 233 240 276 in
260 247 428 290 corpore
448 233 575 284 bona,
611 239 668 274 tot
692 239 808 274 extra
833 245 977 287 corpus
1001 231 1042 271 in
1066 244 1162 272 casu
1185 236 1302 285 atque
1322 229 1508 280 fortuna3
1541 243 1676 271 nonne

649 74 823 109 LIBER
848 75 889 110 V.
912 72 955 116 9,
979 71 1035 108 26.
1059 71 1117 107 27.

79 315 391 351 consentaneum
424 314 512 360 est,
555 307 640 364 plus
664 308 861 348 fortunam
880 338 890 358 ‚
935 319 1036 361 quae
1057 304 1213 346 domina
1237 318 1371 346 rerum
1396 303 1450 345 sit
1477 310 1518 346 et
1539 310 1677 346 exter-

82 398 220 426 narum
253 383 359 426 etad
383 397 527 440 corpus
557 382 836 440 pertinentium
854 414 864 434 ,
911 395 1026 437 quam
1050 379 1257 421 consilium
1282 379 1445 421 valere?
1504 385 1576 421 26.
1610 378 1678 420 An

79 459 274 501 malumus
299 457 516 516 Epicurum
550 458 724 500 imitari?
769 457 834 513 qui
864 456 984 498 multa
1017 455 1220 512 praeclare
1249 467 1368 510 saepe
1398 453 1514 506 dicit3
1561 468 1677 510 quam

1519 527 1680 572 Laudat

486 607 717 664 Philosophi
740 609 776 650 id
801 608 983 664 quidem3
1017 608 1085 649 sed
1109 607 1142 648 si
1167 605 1359 649 Socrates
1384 611 1452 647 aut
1469 604 1680 647 Antisthe-

79 698 153 726 nes
175 685 350 738 diceret,
384 699 462 726 non
483 684 516 726 is
530 716 540 736 ,
575 684 639 740 qui
658 684 774 726 linem
796 684 990 726 bonorum
1010 683 1253 738 voluptatem
1270 694 1360 722 esse
1383 680 1545 722 dixerit.
1592 679 1680 722 Ne-

79 535 183 576 enim
213 534 289 576 sibi
323 541 553 576 constanter
587 533 953 589 convenienterque
985 532 1110 584 dicat,
1163 545 1243 572 non
1274 529 1443 571 laborat.

80 615 239 652 tenuem
262 610 425 652 victum.

78 767 172 815 gat,
218 774 438 816 quenquam
460 759 629 801 iucunde
654 773 773 816 posse
796 759 959 810 vivere,
1004 758 1079 799 nisi
1106 758 1209 799 idem
1237 757 1430 807 honeste,
1475 756 1680 812 sapienter

78 835 260 892 iusteque
287 836 414 878 vivat.
475 833 588 876 Nihil
617 834 806 890 gravius,
855 834 951 876 nihil
977 833 1221 891 philosophia
1246 831 1425 888 dignius,
1472 831 1549 872 nisi
1575 831 1679 873 idem

1574 905 1680 961 Quid

79 986 244 1039 melius,
284 1000 423 1042 quam,
457 987 652 1028 fortunam
675 985 862 1040 exiguam
885 984 1132 1026 intervenire
1156 983 1353 1041 sapienti?
1397 982 1468 1024 sed
1493 982 1567 1023 hoc
1591 983 1679 1024 isne

78 910 154 953 hoc
183 911 311 968 ipsum
339 911 533 962 honeste,
579 910 804 966 sapienter,
850 910 955 951 iuste
982 910 1028 951 ad
1056 909 1297 966 voluptatem
1320 908 1507 948 referret.

80 1061 189 1113 dicit,
223 1061 304 1117 qui,
339 1076 456 1117 quum
479 1060 655 1103 dolorem
678 1075 756 1101 nou
775 1060 891 1101 modo
914 1059 1130 1101 maximum
1151 1060 1319 1111 malum,
1353 1057 1423 1100 sed
1446 1057 1573 1098 solum
1598 1071 1681 1098 ma-

78 1135 157 1177 lum
178 1137 296 1178 etiam
314 1136 485 1188 dixerit,
520 1143 603 1178 toto
622 1149 791 1192 corpore
809 1135 974 1192 opprimi
994 1135 1119 1192 possit
1135 1134 1337 1176 doloribus
1355 1132 1562 1174 acerrimis
1580 1139 1679 1185 tum,

80 1225 198 1267 quum
217 1211 390 1254 maxime
410 1218 549 1253 contra
572 1213 770 1252 fortunam
797 1211 1017 1266 glorietur?
1077 1217 1148 1252 27.
1184 1207 1302 1264 Quod
1325 1209 1426 1250 idem
1451 1208 1681 1250 melioribus

81 1286 198 1328 etiam
229 1286 364 1329 verbis
397 1285 681 1347 Metrodorus:
731 1285 961 1342 Occupat-i
993 1291 1057 1338 tc,
1100 1285 1249 1341 inquit,
1291 1284 1480 1340 fortzma
1492 1316 1507 1336 ‚
1551 1288 1683 1340 atque

81 1363 205 1417 cepi;
249 1347 649 1419 orienesquea-ditus
674 1367 770 1404 tuos
796 1362 1046 1413 interclusi,
1090 1366 1136 1403 nt
1162 1360 1223 1402 ad
1244 1374 1310 1402 me
1329 1360 1573 1415 adspirare
1593 1372 1683 1402 non

75 1451 247 1494 posses.
317 1436 555 1490 Praeclare,
603 1437 637 1479 si
669 1437 809 1479 Aristo
840 1435 966 1480 Chius
998 1444 1066 1478 aut
1097 1436 1131 1477 si
1165 1434 1327 1478 Stoicus
1361 1434 1476 1477 Zeno
1512 1435 1679 1487 diceret,

81 1513 171 1570 qui,
217 1513 294 1556 nisi
319 1514 422 1570 quod
443 1520 555 1570 turpe
580 1520 709 1565 esset,
744 1513 840 1554 nihil
865 1513 1009 1554 malum
1032 1513 1210 1554 (luceret.
1276 1510 1344 1552 Tu
1368 1525 1493 1562 vero,
1525 1508 1683 1552 Metro-

83 1588 207 1642 dore‚
241 1589 306 1646 qui
322 1594 439 1631 omne
459 1588 605 1630 bonum
624 1589 665 1630 in
688 1588 912 1631 visceribus
936 1588 1195 1644 medullisque
1218 1586 1445 1629 condideris
1463 1593 1503 1628 et
1522 1585 1685 1628 definie-

901 1727 1003 1761 dicit:
1028 1727 1119 1772 quod
1138 1738 1206 1760 non
1228 1732 1401 1770 exspectes
1422 1725 1464 1758 ab
1484 1735 1536 1765 eo,
1563 1723 1620 1769 qui
1638 1723 1682 1757 fi-

84 1738 206 1775 graece
229 1727 464 1771 appellabatur
484 1725 628 1773 τροχός,
660 1727 708 1762 uti
734 1734 865 1761 constat

646 1770 655 1782 ’
901 1787 977 1807 nem
1000 1774 1166 1807 bonorum
1196 1773 1405 1816 voluptatem
1437 1783 1507 1803 esse
1539 1770 1681 1809 dixerit;

85 1785 126 1806 ex
141 1772 374 1818 Aristophanis
397 1774 600 1815 comoediis,
636 1771 777 1818 ὄργανον
801 1777 866 1819 βα·-

85 1818 288 1854 σανιστικόν.

153 1868 295 1910 omnino]
331 1866 548 1911 simpliciter,
574 1866 708 1899 disertis
733 1866 864 1902 verbi53

86 1912 271 1957 opponitur
296 1912 573 1945 antecedentibus
598 1917 731 1954 putatur
755 1914 867 1945 dicere.

89 1958 124 1991 C.
148 1957 252 1992 Acad.
283 1959 324 1990 ΙΙ.
350 1958 392 1998 3,
416 1958 455 1992 9:
497 1959 585 1990 Nam
621 1958 712 2002 quod
749 1958 868 1990 dicunt

87 2006 233 2045 omnino,
266 2016 301 2036 se
332 2005 468 2037 credere
500 2004 549 2045 ei,
588 2016 686 2049 quern
718 2004 868 2037 iudicent

88 2050 191 2082 fuisse
213 2050 422 2093 sapientem3
447 2051 638 2094 probarem,
665 2050 692 2082 si
711 2050 868 2094 idipsum

87 2096 187 2130 rudes
211 2102 245 2128 et
264 2095 395 2130 indocti
416 2097 564 2129 iudicare
586 2097 786 2141 potuissent.

160 2143 217 2175 25.
238 2144 373 2176 Possum
394 2145 491 2185 iyitur
511 2163 555 2168 -—
569 2145 600 2187 ?]
640 2144 688 2175 De
713 2142 868 2186 graviore

88 2188 356 2232 interrogatione
384 2189 456 2221 sine
488 2189 652 2233 particula
676 2189 868 2233 interroga—-

89 2234 158 2267 tiva
182 2235 314 2278 prolata
338 2248 369 2268 v.
393 2246 455 2268 nos
479 2235 511 2267 in
529 2237 677 2268 Gramm.
690 2237 729 2268 L.
749 2237 779 2271 G.
794 2237 868 2269 1513.

89 2281 173 2314 Not.
191 2281 243 2315 10.
261 2293 296 2325 p.
309 2278 388 2314 444.
412 2281 464 2313 ed.
481 2283 513 2314 2.
750 2275 761 2280 ”

162 2330 302 2361 Vexatur
330 2327 429 2372 idem]
470 2329 669 2372 Praegresso
703 2327 868 2361 vocabulo

87 2374 242 2414 primum,
259 2373 353 2417 sequi
366 2373 510 2406 debebat
524 2376 636 2407 deinde
648 2385 657 2406 :
679 2386 763 2418 quae
777 2381 870 2406 stru-

92 2425 205 2451 cturae
230 2419 434 2463 permutatio
455 2432 474 2452 a
497 2421 723 2464 grammaticis
749 2419 871 2464 appel-

90 2464 179 2498 latur
211 2465 512 2509 anantapodoton,
551 2466 593 2498 de
620 2478 683 2510 qua
712 2467 816 2509 figura
838 2478 871 2500 v.

93 2522 179 2556 quae
202 2511 415 2555 exposuimus
445 2524 546 2556 supra
580 2512 623 2545 ad
650 2513 705 2544 lll.
731 2512 792 2551 17,
815 2511 872 2545 36.

93 2564 127 2589 et
142 2558 197 2590 lV.
210 2557 265 2597 35,
280 2554 337 2592 74.
373 2558 582 2590 Vocabulum
600 2561 685 2590 idem
705 2558 872 2602 quodam-

92 2603 196 2636 modo
218 2603 414 2637 adverbium
432 2606 545 2637 deinde
561 2617 594 2638 v.
612 2607 685 2637 item
705 2604 798 2649 quasi
816 2604 872 2636 in-

95 2649 247 2682 volutum
270 2649 384 2682 habet.

165 2697 352 2729 Callisthene
381 2696 453 2741 suo]
489 2697 528 2728 V.
551 2689 650 2741 supr'a
674 2696 717 2729 ad
737 2698 795 2729 ΙΙΙ.
821 2697 872 2737 10,

95 2738 152 2772 21.
206 2741 259 2774 cf.
291 2741 398 2776 Indic.
428 2742 507 2775 hist.
538 2743 572 2775 in
605 2745 808 2777 Callisthenes
840 2750 875 2775 et

97 2786 336 2826 Theophrastus.

147 2833 264 2882 ‘vitam
295 2835 390 2879 regit]
428 2836 489 2868 Est
521 2835 669 2869 senarius
703 2834 874 2874 iambicus,

100 2886 157 2929 qul
179 2887 297 2920 graece
316 2880 422 2913 sic-se
444 2881 567 2914 habet:
599 2879 702 2926 Τύχη
725 2879 767 2915 τὰ
789 2882 876 2923 &vn-

99 2932 166 2955 των
189 2920 381 2966 πράγματ’,
408 2923 471 2961 οὐκ
494 2925 665 2972 εὐβουλία.

167 2966 224 3001 26.
258 2979 356 3010 quam
375 2974 474 3015 enim]
501 2973 749 3006 Sententiarum
774 2982 876 3003 nexus

100 3011 156 3045 hic
179 3019 250 3046 est:
275 3015 439 3059 Epicurus
458 3018 564 3051 multa
583 3018 755 3062 praeclare
777 3028 877 3061 saepe

901 1833 963 1853 uec
983 1828 1096 1852 tamen
1118 1819 1153 1851 id
1172 1819 1292 1851 mirum
1312 1817 1418 1849 videri
1440 1816 1561 1855 debet3
1585 1827 1686 1858 quam

901 1870 983 1900 enim
998 1869 1172 1899 constanter
1190 1867 1288 1905 dicat,
1305 1875 1368 1896 non
1382 1866 1517 1896 laborat.
1544 1865 1593 1896 De
1610 1863 1683 1896 elli-

901 1912 994 1957 ptiro
1014 1924 1072 1943 usu
1094 1911 1278 1955 particulae
1295 1913 1375 1942 enim
1399 1922 1429 1941 V.
1450 1908 1493 1941 ad
1517 1911 1539 1942 Ῐ.
1557 1909 1598 1948 (i,
1629 1908 1681 1942 ll.

973 1961 1118 1991 Socrates
1139 1962 1196 1989 aut
1219 1958 1412 1990 Antisthenes
1433 1955 1563 2000 diceret]
1596 1954 1686 1996 Quid

903 2004 1104 2037 discriminis
1135 2004 1178 2035 sit
1209 2003 1298 2035 inter
1331 2002 1473 2034 duorum
1499 2000 1684 2042 nominum,

905 2063 989 2096 quae
1007 2062 1068 2094 per
1091 2049 1335 2082 aut-disiuncta
1354 2055 1442 2085 sunt,
1470 2059 1544 2080 cum
1565 2048 1686 2091 singu-

904 2097 965 2130 lari
981 2105 1036 2130 aut
1052 2096 1173 2141 plurali
1186 2096 1290 2128 verbo
1306 2094 1580 2127 consociatorum
1599 2106 1686 2127 con-

903 2144 1134 2182 structionem,
1160 2141 1372 2186 exposuimus
1388 2140 1422 2173 in
1437 2141 1496 2173 Gr.
1512 2141 1552 2173 L.
1567 2143 1595 2186 ᾗ.
1610 2139 1686 2174 103.

905 2191 986 2223 Not.
1004 2190 1035 2225 7.
1061 2202 1093 2233 p.
1111 2188 1185 2222 144.
1208 2188 1260 2220 ed.
1277 2190 1308 2221 2.

974 2239 1073 2277 Neyat
1091 2245 1269 2276 quenquam
1292 2233 1443 2278 iucunde]
1461 2232 1557 2277 Diog.
1573 2233 1686 2265 Laert.

905 2283 957 2317 X.
984 2282 1048 2315 140
1060 2293 1109 2325 sq.
1145 2278 1207 2314 οὐκ
1242 2279 1333 2314 ἔστιν
1363 2277 1481 2321 ἡδέως
1518 2279 1578 2323 ζῆν
1605 2274 1686 2312 ἄνευ

904 2329 962 2362 τοῦ
988 2327 1160 2371 φρονίμως
1194 2326 1254 2360 καὶ
1290 2326 1407 2364 καλῶς
1439 2328 1498 2360 καὶ
1520 2324 1684 2362 δικαίως·

905 2371 988 2409 οὐδὲ
1012 2373 1186 2417 φρονίμως
1208 2372 1267 2407 καὶ
1289 2372 1424 2412 καλῶς,
1461 2371 1520 2406 καὶ
1543 2369 1687 2409 δικαίως

905 2416 985 2455 ἄνευ
1013 2420 1072 2454 τοῦ
1094 2416 1221 2462 ἡδέως.

975 2469 1137 2508 fortunam
1159 2468 1311 2507 exiguam
1331 2465 1517 2497 intervenire
1535 2460 1687 2504 sapienti]

905 2512 1029 2545 Iisdem
1065 2511 1176 2544 verbis
1209 2511 1314 2543 utitur
1346 2513 1473 2542 Seneca
1507 2508 1548 2540 de
1573 2508 1686 2539 Const.

908 2561 985 2602 Sap.
1010 2570 1037 2590 c.
1059 2559 1121 2591 15:
1148 2557 1331 2600 Epicurus:
1356 2557 1463 2595 Raro,
1488 2553 1610 2598 inquit,
1634 2562 1689 2585 sa-

905 2607 1004 2647 pienti
1035 2606 1199 2637 intervenit
1229 2605 1378 2644 fortuna,
1413 2601 1446 2632 h.
1469 2612 1497 2632 e.
1535 2598 1690 2642 exiguam

909 2651 975 2683 vim
998 2651 1101 2683 habet
1122 2650 1156 2682 in
1178 2649 1377 2692 sapientem.
1394 2646 1492 2689 Diog.
1511 2647 1615 2678 Laert
1639 2644 1688 2684 X,

911 2694 996 2730 144:
1034 2699 1177 2742 βραχεῖα
1200 2694 1297 2737 σοφῷ
1328 2691 1417 2736 τύχη
1448 2689 1689 2734 παρεμπίπτει.

978 2743 1034 2777 27.
1061 2743 1223 2781 Occupavi
1245 2739 1288 2783 te]
1327 2739 1475 2770 Graece:
1506 2734 1690 2779 προκατεί-

911 2788 1047 2832 λημμαί
1069 2799 1118 2826 σε,
1145 2781 1174 2820 ei
1196 2782 1307 2829 τύχη,
1332 2783 1392 2818 καὶ
1410 2782 1521 2817 πᾶσαν
1541 2780 1604 2826 τήν
1625 2780 1689 2826 σήν

910 2831 1099 2878 ἀφῄρημαι
1139 2831 1356 2874 παρείςδυσιν
1396 2828 1486 2872 apud
1518 2827 1688 2861 Plutarch.

910 2880 989 2922 περὶ
1021 2877 1172 2920 ἇῖυμίας
1204 2888 1236 2920 p.
1260 2874 1338 2910 476.
1405 2876 1455 2907 De
1488 2873 1690 2918 imperfecto

908 2936 1016 2967 posses
1037 2935 1115 2956 vere
1137 2921 1350 2955 ciceroniano
1372 2933 1404 2954 v.
1425 2920 1469 2953 ad
1491 2922 1517 2953 Ι.
1541 2917 1584 2962 4,
1608 2920 1640 2955 7.

981 2970 1168 3011 Metrodoro]
1195 2969 1246 3000 De
1264 2966 1455 3001 Metrodori
1469 2966 1636 3000 sententia
1656 2979 1687 3000 v.

913 3017 1085 3049 Adnotata
1108 3014 1144 3047 in
1169 3015 1211 3047 ΙΙ.
1234 3013 1276 3053 6,
1302 3014 1353 3049 17.
