1859 3149
557 64 728 97 mnne
754 64 812 99 111.
836 61 903 104 23,
928 60 985 96 57.
1011 58 1076 103 24,
1101 59 1157 95 58.
1569 51 1654 96 205

284 166 287 169 ¹
329 148 452 200 Saepe
479 152 539 185 est
565 148 678 185 etiam
705 144 778 185 seih
800 146 963 198 palliolo
992 145 1146 184 sordido
1174 144 1375 196 saptentia-

57 222 192 279 Quum
217 221 321 264 enim
348 219 589 278 paupertatis
620 233 699 260 una
721 219 938 274 eademque
970 219 1022 260 sit
1051 219 1138 270 vis,
1186 217 1370 273 quidnam
1403 215 1478 258 dici
1504 223 1651 272 potest,

58 297 311 354 quamobrem
333 293 383 354 C.
403 293 589 336 Fabricio
612 293 827 335 tolerabilis
848 308 895 334 ea
916 294 1047 344 fuerit,
1072 293 1136 334 alii
1158 299 1307 348 negent
1326 305 1370 333 se
1390 292 1493 333 ferre
1509 292 1655 348 posse?

58 379 130 415 57.
173 370 276 413 Huic
307 369 429 426 igitur
459 369 574 410 alteri
605 368 743 424 generi
776 367 916 409 similis
948 375 1010 409 est
1037 382 1086 409 ea
1113 368 1215 409 ratio
1246 367 1502 418 consolandi,
1552 378 1655 422 quae

58 447 175 489 docet
202 445 371 488 humana
404 457 519 496 esse,
565 457 665 498 quae
690 443 922 484 acciderint.
983 441 1080 483 Non
1113 443 1217 484 enim
1254 443 1380 484 solum
1417 443 1454 483 id
1480 443 1658 484 eontinet

57 536 106 564 ea
128 519 362 577 disputatio,
407 526 450 560 ut
473 518 736 574 cognitionem
762 518 903 558 afferat
931 517 1091 572 generis
1116 517 1300 569 humani3
1347 518 1418 559 sed
1440 518 1653 573 significat,

58 595 281 638 tolerabilia
312 608 426 644 esse,
461 607 561 649 quae
593 600 633 634 et
663 593 825 633 tulerint
857 600 895 633 et
928 593 1058 633 serant
1089 592 1229 634 ceteri.

170 666 337 711 XXIV.
399 666 463 709 De
486 657 715 724 paupertate
735 669 887 723 agitur:
924 667 1031 708 multi
1053 667 1248 723 patientes
1270 680 1462 722 pauperes
1486 682 1659 711 comme-

61 751 282 786 morantur.
343 740 408 784 De
436 743 726 784 contemnendo
762 743 939 784 honore:
985 742 1094 784 multi
1131 741 1356 783 inhonorati
1386 744 1658 798 proferuntur,

63 819 277 875 etquidem
299 824 460 875 propter
480 817 517 858 id
542 818 668 872 ipsum
690 817 914 868 beatiores,
949 831 1190 872 eorumque,
1225 817 1290 872 qui
1316 818 1510 873 privatum
1537 820 1660 861 otium

62 893 234 950 negotiis
259 892 424 949 publicis
453 893 747 943 antetulcrunt,
795 893 1026 934 nominatim
1056 893 1138 933 vita
1167 892 1370 946 laudatur,
1415 908 1489 935 nee
1522 895 1664 936 siletur

64 968 158 1010 illud
188 967 451 1024 potentissimi
481 967 585 1022 regis
615 976 894 1024 anapaestum,
939 968 1003 1023 qui
1030 968 1162 1009 laudat
1191 982 1327 1009 senem
1355 975 1394 1010 et
1420 970 1663 1012 fortunatum

64 1056 155 1085 esse
184 1042 301 1094 dicit,
345 1042 447 1097 quod
471 1028 661 1097 inglorius
697 1043 748 1083 sit
770 1050 888 1097 atque
910 1043 1094 1097 ignobilis
1130 1044 1176 1083 ad
1198 1057 1423 1099 supremum
1447 1044 1548 1086 diem
1573 1059 1663 1101 per-

64 1125 273 1159 venturus.
336 1123 407 1158 58.
444 1114 638 1158 Similiter
668 1117 1024 1159 commemorandis
1060 1118 1252 1173 exemplis
1285 1118 1474 1160 orbitates
1506 1135 1662 1176 quoque

64 1192 230 1234 liberum
257 1192 558 1248 praedicantur,
605 1205 844 1246 eorumque,
890 1193 954 1247 qui
971 1193 1132 1246 gravius
1161 1194 1312 1244 ferunt,
1346 1194 1474 1234 luctus
1495 1194 1661 1236 aliorum

65 1266 258 1322 exemplis
278 1267 507 1318 leniuntur:
550 1267 607 1308 sie
630 1267 834 1322 perpessio
861 1275 1087 1308 ceterorum
1112 1267 1228 1318 facit,
1263 1275 1306 1308 ut
1326 1281 1398 1319 ea,
1433 1283 1533 1324 quae
1560 1270 1665 1312 acci·

1603 1343 1665 1387 Ita

65 1416 109 1457 fit
131 1415 279 1457 sensim
302 1417 589 1471 cogitantibus,
641 1423 704 1468 ut,
750 1424 935 1471 quantum
966 1417 1016 1457 sit
1039 1417 1228 1458 ementita
1253 1417 1410 1472 opinio,
1458 1427 1661 1475 appareat.

68 1489 204 1546 Atque
234 1490 309 1532 hoe
339 1491 513 1559 idem'et
543 1490 710 1532 Telamo
742 1492 806 1533 ille
839 1492 1036 1533 declarat:

430 1569 518 1619 Ego
548 1582 660 1620 quum
687 1570 827 1619 genui,

65 1341 217 1392 derint,
258 1342 381 1382 multo
405 1342 582 1392 minora,
618 1356 731 1396 quam
760 1348 904 1396 quauta
927 1342 1005 1382 sint
1032 1342 1283 1393 existimata,
1317 1343 1540 1384 videantur.

47 1645 111 1687 ..et
139 1638 346 1682 Theseus:

3 1714 6 1716 ’
431 1715 602 1757 Εαΐύιάε
632 1732 773 1757 mecum
804 1719 1083 1757 cdmmentabar
1113 1719 1299 1766 miserias,

71 1795 113 1831 et
132 1786 423 1846 Anaxagoras:
467 1790 669 1833 Sciebam
706 1807 771 1834 mc
788 1794 991 1848 yeyzzec‘sse
1015 1793 1255 1833 mortalem.
1317 1791 1369 1832 Hi
1399 1793 1502 1834 enim
1529 1808 1669 1837 omnes

71 1863 137 1906 diu
156 1865 377 1920 cogitantes
399 1865 445 1906 de
468 1866 586 1907 rebus
607 1866 785 1907 humanis
805 1867 1100 1921 intelligebant,
1136 1881 1204 1907 eas
1226 1881 1472 1922 nequaquam
1496 1883 1566 1924 pro
1585 1869 1668 1925 opi-

73 1938 192 1981 nione
217 1939 326 1994 vulgi
355 1953 446 1980 esse
474 1941 810 1982 extimescendas.

142 2024 222 2056 cn.
243 2025 375 2056 XXIV.
401 2027 446 2056 De
463 2030 651 2066 paupertate
671 2027 790 2071 aqitur]
818 2027 853 2059 Si

74 2069 118 2102 de
141 2066 341 2114 paupertate
367 2070 486 2113 agitur.
534 2073 573 2105 V.
601 2071 726 2105 Adnot.
750 2073 784 2104 in
809 2074 850 2105 IL

76 2114 138 2156 12,
162 2119 216 2148 ἐι-5.

142 2163 225 2202 reyis
241 2163 463 2203 anapaestum]
485 2165 743 2205 Agamemnonis
762 2165 853 2210 apud

76 2205 229 2250 Euripid.
254 2207 361 2251 Iphig.
387 2207 420 2239 in
447 2208 520 2240 Aul.
548 2222 578 2241 v.
599 2211 658 2243 15:

427 2253 532 2296 Ζηλῶ
559 2266 615 2293 σε,
641 2255 748 2299 γέρον,

170 2296 275 2340 Ζηλῶ
301 2295 332 2333 δ’
356 2295 487 2342 α’νδρῶν
512 2296 552 2338 ‘0';
576 2298 750 2336 ἀκίνδυνον

169 2342 248 2377 Βίων
266 2342 443 2387 ἐξεπέρασ’
462 2342 595 2389 ἀγνώς,
620 2344 760 2390 ἀκλεής.
784 2349 788 2354 ’

77 2391 293 2429 Anapaestum
335 2397 387 2422 est
430 2403 542 2424 versus
585 2404 626 2424 ex
666 2396 853 2438 anapaestis

77 2434 218 2479 pedibus
254 2436 480 2480 compositus,
521 2445 556 2470 ut
588 2441 642 2471 Or.
673 2441 739 2479 ὃὸ,
768 2441 851 2474 19¹7:

80 2481 220 2524 (versus)
257 2481 434 2526 plerosque
467 2484 635 2524 senarios,
670 2485 730 2518 sed
753 2487 853 2519 etiam

82 2531 270 2567 anapaesta.
305 2528 409 2560 Ibid.:
435 2530 485 2561 Ita
508 2530 614 2563 factus
640 2539 691 2563 est
715 2543 857 2574 anapae-

78 2575 144 2604 stus
172 2572 219 2612 is,
266 2575 322 2617 qui
350 2575 614 2619 Aristophaneus
652 2578 855 2612 nominatur.

80 2616 155 2658 Pin.
170 2619 212 2650 ΙΙ.
230 2617 263 2659 6,
283 2621 343 2652 Ιόε
371 2621 503 2660 Graeci,
524 2623 579 2666 qui
596 2622 662 2655 hoc
685 2630 859 2665 anapaesto

82 2661 246 2695 citantur:
271 2664 327 2697 ubi
348 2672 560 2707 anapaestum
583 2674 632 2712 (ut
651 2681 701 2712 gr.
717 2669 754 2704 τὸ
770 2668 858 2706 ἀνά-

83 2718 240 2749 παιστον,
273 2709 317 2745 τὰ
339 2708 543 2756 ἀνάπαιστα)
579 2721 629 2746 est
664 2727 796 2748 carmen
818 2729 859 2749 ex

84 2754 270 2796 anapaestis
291 2758 524 2802 compositum.
573 2760 696 2793 Forma
716 2772 861 2803 anapae-

83 2799 179 2830 stiam
197 2799 343 2834 abstinet
363 2803 490 2837 Cicero.
539 2805 595 2838 Sic
616 2818 717 2850 supra
742 2809 783 2839 ΙΙ.
807 2808 860 2847 16,

84 2840 130 2875 37
142 2853 163 2894 τι
184 2854 248 2878 nec
277 2847 455 2882 adhibetur
481 2850 548 2883 ulla
576 2852 648 2884 sine
677 2857 861 2894 anapaestis

85 2885 225 2928 pedlbus
244 2890 448 2927 adhortatio.
494 2897 634 2929 Lucian.
651 2899 692 2930 T.
705 2900 732 2930 Ι.
745 2910 776 2941 ρ.
795 2899 858 2932 17:

87 2927 134 2967 ἄν
144 2942 167 2968 α
175 2944 201 2968 π,
211 2945 234 2970 α
247 2934 290 2971 lo
300 2948 322 2973 τ
330 2950 348 2973 ο
360 2951 371 2974 ι
381 2952 400 2980 ς
423 2940 560 2986 μέτροις
582 2942 792 2988 ἐποχουμένη
816 2942 860 2979 τοὶ

888 1940 942 1981 Et
968 1941 1059 1981 mihi
1089 1941 1243 1996 quidem
1269 1943 1427 1984 videtur
1455 1943 1559 1984 idem
1585 1945 1668 1985 fere

888 2025 1004 2062 πολλά.
1044 2028 1116 2060 Pari
1136 2028 1238 2061 modo
1262 2029 1423 2060 abstinuit
1449 2029 1566 2062 Cicero
1592 2031 1671 2063 for-

888 2074 948 2104 mis
978 2075 1212 2115 philosophicus
1244 2082 1277 2107 et
1298 2077 1506 2116 philologicus
1530 2087 1574 2120 gv.
1595 2076 1671 2110 Ad-

888 2127 1006 2151 notata
1028 2128 1142 2152 nostra
1165 2121 1199 2152 iu
1219 2121 1259 2153 V.
1275 2125 1332 2161 41,
1356 2124 1460 2163 lli.)

957 2185 1011 2223 qui
1027 2185 1139 2215 laudat
1155 2186 1272 2226 senem]
1294 2186 1400 2228 Saepe
1412 2185 1586 2218 relativum
1602 2198 1670 2219 non

888 2228 930 2260 ad
950 2229 1206 2269 substantivum,
1232 2243 1250 2262 a
1271 2242 1337 2274 qno
1352 2230 1478 2274 pendet
1492 2232 1669 2275 genitivus,

888 2274 948 2306 sed
969 2274 1012 2306 ad
1027 2276 1211 2318 genitivum
1232 2276 1341 2319 ipsum
1355 2277 1497 2309 relatum
1520 2285 1580 2309 est.
1615 2278 1670 2311 Sic

888 2333 987 2363 supra
1013 2334 1039 2353 c.
1063 2326 1126 2360 22,
1150 2323 1203 2354 52.
1230 2322 1389 2366 legimus:
1425 2325 1671 2364 Cyrenaicorum

888 2374 994 2398 restat
1027 2370 1199 2408 sententia,
1237 2372 1291 2409 qui
1322 2376 1393 2401 tum
1426 2369 1671 2411 aegritudinem

889 2417 1010 2445 censent
1044 2414 1202 2445 exsistere
1224 2422 1290 2446 etc.
1346 2415 1438 2447 Infra
1459 2416 1514 2446 IV.
1541 2416 1560 2446 ἶ)
1574 2440 1581 2452 ,
1605 2413 1669 2446 10:

889 2463 1020 2491 veterem
1052 2462 1140 2491 ittam
1173 2460 1327 2503 equidem
1362 2463 1560 2500 Pythayorae
1597 2459 1671 2502 pri-

892 2517 1002 2544 mum,
1039 2505 1160 2538 deinde
1183 2508 1326 2539 Platonis
1348 2508 1586 2546 descriptionem
1614 2516 1672 2537 se·-

894 2562 996 2594 quar,
1032 2554 1086 2592 qui
1111 2552 1257 2583 animum
1284 2553 1317 2583 in
1342 2551 1422 2582 duas
1446 2557 1558 2593 partes
1581 2550 1673 2582 divi—

893 2596 987 2628 dunt.
1013 2598 1054 2628 V.
1071 2598 1122 2636 17,
1139 2598 1200 2630 51:
1227 2609 1292 2641 quo
1314 2597 1389 2628 loco
1410 2607 1545 2638 quaero.
1572 2608 1672 2639 quam

893 2642 960 2674 vim
983 2643 1107 2675 habeat
1130 2645 1210 2675 libra
1234 2645 1289 2674 illa
1313 2644 1463 2681 Critolai,
1498 2644 1552 2682 qui
1572 2654 1673 2685 quum

892 2687 927 2720 in
952 2688 1093 2721 alteram
1127 2689 1256 2720 lancem
1286 2688 1386 2718 animi
1410 2687 1500 2719 bona
1520 2687 1674 2730 imponat

897 2741 996 2767 cett.:
1031 2735 1086 2766 nbi
1110 2746 1141 2764 v.
1168 2733 1251 2764 Adn.
1277 2733 1318 2763 V.
1348 2731 1408 2771 1-1,
1433 2731 1498 2765 40:
1537 2735 1675 2767 Laconis

897 2782 978 2812 illud
1002 2783 1121 2812 dictum
1147 2799 1192 2802 -
1216 2781 1280 2818 qui.

966 2838 1020 2870 fic:
1045 2835 1190 2878 liberum]
1214 2835 1265 2866 De
1283 2834 1351 2867 hoc
1370 2835 1520 2878 genitivo
1541 2836 1586 2870 cf.
1610 2848 1674 2871 nos

895 2881 931 2914 in
954 2883 1014 2915 Gr.
1039 2883 1078 2914 L.
1101 2882 1130 2924 §-
1148 2882 1201 2913 15.
1224 2880 1303 2911 Not.
1321 2879 1353 2914 6.
1379 2892 1414 2924 P.
1429 2881 1472 2914 25
1486 2894 1536 2926 sq.

960 2943 1114 2987 Futuras]
1142 2943 1203 2974 Est
1225 2942 1380 2976 trimeter
1400 2943 1573 2979 iambicus.
