1843 3085
176 37 260 83 336

221 135 271 161 est
294 140 313 161 a
334 126 499 172 Dionysio
522 124 657 164 stoico,
694 123 863 156 Ciceronis
883 135 943 155 ae-

220 174 328 219 quali,
351 173 406 217 qui
429 183 539 205 versus
562 169 707 204 orationi
727 169 943 211 admiscebat,

219 220 312 253 nullo
338 219 481 251 delectu.

174 269 342 307 Dionysius
362 264 488 302 maior,
524 264 760 306 Syracusarum
780 266 942 304 tyrannus

223 310 444 355 (405—365.
465 320 494 340 a.
521 308 614 350 Chr.)
638 314 672 339 et
686 309 856 347 Dionysius
875 306 943 338 mi—

219 368 294 396 nor,
319 355 387 387 eius
408 353 505 393 filius,
529 353 618 386 idem
630 355 866 397 Syracusarum
882 359 940 396 ty-

218 412 340 435 rannus
362 398 584 444 (3625—348.
608 410 637 431 a.
659 398 769 442 Chr.);
795 400 940 442 Syracu-

218 448 261 480 sis
286 446 398 490 pulsus
428 444 579 479 Corinthi
602 444 696 478 vixit.

172 496 286 533 Doris,
310 504 328 524 e
351 490 486 529 Locris,
512 491 593 522 urbe
612 491 798 522 Locrorum
819 488 941 532 Epize-

217 537 413 583 phyriorum
433 536 466 568 in
477 536 574 568 Italia
592 536 752 568 inferiore
770 535 844 575 sita,
870 534 938 567 ori-

218 583 327 623 unda,
352 582 456 614 altera
480 581 599 613 coniux
622 581 775 625 Dionysii
794 580 940 624 maioris,

216 632 452 673 Syracusarum
472 627 617 671 tyranni.
646 628 688 666 5,
714 626 769 660 59.

171 678 305 715 Drusus,
331 676 377 714 C.,
403 674 507 705 frater
530 674 575 704 M.
593 672 679 704 Livii
700 671 810 711 Drusi,
837 671 872 703 C.
890 672 940 710 F„

218 720 272 765 qui
297 720 329 751 C.
355 718 588 763 Sempronium
608 718 805 754 Gracchum,
830 717 941 749 tribu-—

216 778 294 798 num
317 764 433 809 plebis,
463 764 535 797 123.
551 777 579 796 a.
598 763 676 796 Chr.
701 763 836 802 devicit,
862 774 941 795 ora-

215 819 271 844 tor
297 818 331 843 et
354 812 463 849 Ictus,
500 809 553 853 qui
587 809 650 841 etsi
683 821 798 842 caecus
832 809 940 840 factus

216 863 297 897 erat,
323 856 365 888 de
387 856 456 888 iure
470 855 557 887 civili
578 855 753 899 respondit
775 855 940 887 etamul-

216 902 260 935 tis
285 902 452 935 consultus
475 908 535 933 est.
582 902 624 941 ὁ,
656 902 728 934 112.

169 1064 313 1104 Elysius,
339 1072 463 1094 nomen
482 1059 651 1092 cuiusdam
671 1059 743 1095 viri,
771 1070 788 1090 e
804 1058 939 1099 Terina,

215 1108 296 1139 urbe
323 1106 437 1138 Italiae
470 1105 638 1137 inferioris
670 1105 703 1137 in
735 1105 939 1137 Bruttiorum

213 1160 304 1185 terra
328 1153 411 1192 sita,
432 1151 599 1183 oriundus.
626 1152 655 1190 1,
684 1151 756 1184 115.

170 1201 391 1240 Empedocles,
415 1209 455 1229 ex
479 1198 669 1240 Agrigento,
695 1196 824 1228 Siciliae
847 1196 939 1236 urbe,

216 1244 374 1277 oriundus
394 1269 402 1283 ,
447 1242 666 1286 philosophus
699 1242 937 1286 pythagoreus,

213 1290 368 1334 idemque
390 1296 522 1331 orator,
547 1295 649 1332 poeta
672 1294 705 1319 et
725 1288 873 1320 medicus
896 1291 936 1331 (ο.

215 1347 243 1368 a.
270 1334 346 1369 430.
374 1347 403 1367 a.
431 1334 535 1376 Cim).

169 1384 345 1421 Endymio,
382 1387 496 1423 pastor
524 1391 542 1411 a
566 1380 646 1410 Iove
667 1378 701 1410 in
725 1378 851 1410 caelum
881 1390 939 1410 ra-

214 1434 302 1471 ptus.
352 1427 461 1465 Quum
483 1432 594 1456 autem
618 1425 778 1456 lunonem
800 1430 938 1463 amaret,

213 1483 325 1506 rursus
346 1471 496 1503 deiectus
516 1476 577 1502 est.
625 1469 702 1501 Eius
721 1480 834 1501 amore
844 1470 938 1502 Luna

214 1524 313 1561 capta
349 1529 423 1549 eum
456 1516 490 1548 in
524 1515 635 1548 Latmi
667 1515 782 1546 Cariae
815 1516 938 1547 montis

215 1574 316 1607 specu
339 1561 519 1594 occultavit
538 1573 577 1594 ac
594 1560 784 1604 saepissime
805 1572 878 1593 cum
899 1573 939 1594 eo

213 1615 346 1641 versata
370 1614 431 1639 est.
460 1609 498 1648 1,
526 1606 579 1640 92.

169 1657 309 1695 Ennius,
344 1653 478 1691 Rodiis,
516 1651 686 1685 Calabriae
709 1651 810 1692 urbe,
843 1658 939 1684 natus

217 1699 307 1743 (239.
321 1711 351 1732 a.
369 1699 446 1730 Chr.
464 1697 488 1739 †
509 1698 596 1740 169.)
611 1723 619 1738 ‚
655 1701 756 1740 poe'ta
773 1709 938 1737 romanus,

217 1757 314 1790 quem
347 1745 460 1777 dixere
490 1743 610 1776 merito
632 1751 761 1787 patrem
782 1755 940 1775 romanae

215 1791 338 1836 poesis.
398 1790 521 1821 Multas
559 1790 764 1822 Graecorum
801 1795 940 1832 tragoe-

216 1837 287 1869 dias
308 1835 412 1869 latine
443 1834 562 1875 vertit,
599 1846 683 1879 quae
720 1846 835 1867 omnes
868 1846 941 1866 cum

215 1883 418 1919 Annalibus,
453 1887 609 1924 poemate
634 1880 814 1919 historico,
841 1892 941 1912 exce-

215 1928 283 1972 ptis
315 1926 511 1972 quibusdam
541 1926 756 1969 fragmentis,
800 1926 940 1958 interie-

215 1980 302 2005 runt.

172 2021 432 2061 Epaminondas,
478 2017 657 2050 Thebanus
692 2017 847 2058 natione,
890 2017 942 2049 vir

218 2064 354 2096 summis
398 2063 574 2095 virtutibus
620 2062 811 2106 praeditus,
864 2062 942 2094 belli

216 2109 444 2152 peritissimus.
474 2110 554 2141 Post
570 2109 674 2141 multa
694 2108 865 2152 praeclara
886 2108 941 2140 fa·-

219 2161 273 2187 cta
296 2154 415 2186 cecidit
434 2154 467 2185 in
491 2166 601 2197 pugna
623 2154 711 2197 apud
736 2154 941 2186 Mantineam

217 2200 342 2244 spiculo
365 2211 535 2243 percussus
558 2200 646 2242 (362.
668 2212 698 2231 a.
717 2199 819 2241 Cim).

171 2248 316 2288 Ephesii,
349 2244 479 2276 incolae
503 2247 635 2285 Ephesi,
670 2244 757 2276 urbis
790 2244 824 2276 in
848 2244 942 2276 Ionia

218 2291 262 2324 ad
284 2290 413 2334 Caystri
435 2300 471 2321 os
492 2290 594 2327 sitae,
621 2290 782 2333 opulento
807 2296 841 2321 et
864 2302 937 2322 ma-

219 2336 341 2381 gnifico
367 2335 493 2367 Dianae
513 2334 639 2377 templo
665 2336 781 2367 clarae.
807 2336 841 2378 5,
868 2336 943 2368 105.

172 2396 394 2436 Epicharmus,
407 2395 509 2435 poeta
521 2390 674 2430 comicus,
689 2391 824 2434 proprie
837 2391 922 2423 Cous
935 2403 942 2429 ;

218 2450 319 2483 quum
350 2448 429 2469 vero
459 2435 572 2480 primis
602 2436 691 2468 vitae
712 2436 878 2468 mensibus
910 2436 945 2468 in

218 2483 364 2517 Siciliam
388 2482 515 2515 delatus
546 2487 651 2521 esset,
689 2481 790 2513 Siculi
815 2493 944 2524 cogno-

219 2541 295 2562 men
319 2527 460 2572 accepit.
497 2526 625 2559 Floruit
642 2538 669 2559 c.
687 2538 715 2557 a.
732 2527 808 2558 500.
823 2538 851 2558 a.
870 2527 945 2558 Chr.

172 2588 346 2628 Epicurus,
387 2596 405 2616 e
439 2584 623 2627 Gargetto,
664 2581 795 2615 Atticae
827 2581 943 2624 δήμῳ,

219 2630 396 2669 oriundus,
422 2629 504 2661 vixit
527 2640 554 2661 c.
567 2640 597 2660 a.
610 2628 688 2661 320.
707 2639 736 2659 a.
751 2627 838 2666 Chr„
864 2627 945 2658 fuit-

219 2688 283 2721 que
309 2682 426 2708 auctor
447 2680 560 2706 sectae
585 2673 672 2705 illius
707 2683 790 2716 quae
826 2672 867 2704 ab
902 2684 942 2704 eo

218 2722 372 2765 epicurea
401 2727 549 2752 vocatur.
603 2718 821 2762 Voluptatem
848 2729 941 2749 sum—

217 2779 307 2800 mum
323 2767 449 2799 bonum
466 2772 499 2798 et
516 2764 669 2797 dolorem
687 2775 849 2796 summum
866 2775 941 2795 ma-

217 2812 286 2844 lum
310 2812 460 2856 putabat.

174 2859 326 2898 Epiyoni,
361 2857 419 2889 filii
431 2867 564 2895 eorum,
592 2855 647 2899 qui
665 2855 698 2887 in
720 2854 828 2899 primo
848 2853 938 2886 bello

217 2903 380 2935 Thebano
414 2901 614 2934 ceciderant.
672 2900 716 2932 Hi
749 2900 791 2932 ob
825 2910 937 2931 caesos

217 2953 328 2990 patres
344 2947 421 2980 irati
441 2947 558 2981 decem
576 2952 654 2990 post
673 2957 777 2978 annos
797 2945 937 2978 alterum

740 43 885 76 INDEX
907 39 1186 76 HlSTORlCUS.

1023 120 1148 153 bellum
1175 124 1372 161 moverunt,
1406 117 1499 162 quod
1519 116 1746 163 Epigonorum

1022 166 1146 198 bellum
1170 170 1326 197 vocatum
1350 169 1411 195 est.
1458 163 1501 204 2,
1525 162 1581 197 60.

976 212 1176 253 Epitaphius.
1211 209 1370 252 Dialogus
1388 208 1549 248 Platonis,
1573 208 1629 253 qui
1648 209 1748 242 etiam

1026 259 1214 289 Menexenus
1235 262 1383 287 vocatur.
1430 257 1471 296 5,
1496 253 1552 288 36.

974 305 1171 342 Erechtheus,
1194 307 1306 333 sextus
1326 300 1458 333 Atticae
1476 311 1545 340 rex,
1570 306 1664 344 pater
1685 299 1748 332 Ce—

1026 348 1135 392 cropis
1147 348 1189 379 11.
1207 353 1241 379 et
1255 346 1395 378 filiarum
1410 344 1588 385 Procridis,
1614 345 1747 377 Chtho-

1021 393 1096 426 niae
1124 399 1158 424 et
1184 392 1343 431 Creusae,
1379 403 1464 436 quae
1497 402 1532 423 se
1554 402 1617 435 pro
1639 390 1747 434 patria

1022 439 1229 472 devoverunt
1247 437 1282 470 in
1307 436 1397 470 bello
1420 443 1538 470 contra
1560 435 1747 469 Eleusinios

1021 491 1129 528 gesto.

974 533 1106 564 Eretrici
1127 528 1339 573 appellantur
1357 527 1400 569 ii,
1424 527 1573 571 quisunt
1593 538 1611 559 e
1630 526 1746 559 schola

1020 589 1039 609 a
1073 574 1293 614 Menedemo,
1330 585 1369 605 ex
1400 572 1549 613 Eretria,
1587 572 1744 606 Euboeae

1020 621 1146 654 insulae
1170 620 1268 659 urbe,
1295 618 1455 659 oriundo,
1482 618 1628 652 condita.

972 668 1182 708 Erymanthia
1212 667 1326 698 bellua.
1385 664 1618 709 Erymanthius
1649 675 1742 707 aper,

1020 726 1039 746 a
1059 719 1172 744 monte
1186 710 1347 743 Arcadiae
1362 710 1571 754 Erymantho
1593 716 1745 750 vocatus,

1019 770 1117 803 quem
1129 757 1289 789 Hercules
1308 756 1399 789 iussu
1409 756 1588 801 Eurysthei
1602 754 1743 788 domuit.

1019 808 1062 843 2,
1086 806 1140 837 22.
1181 801 1220 841 4,
1246 802 1301 834 50.
1694 826 1711 837 ,

974 853 1108 887 Etrusci,
1127 847 1255 880 incolae
1270 846 1338 878 eius
1353 846 1495 889 regionis
1509 844 1638 887 Italiae,
1660 856 1744 890 quae

1021 895 1122 927 hodie
1143 895 1296 926 Toscana
1322 899 1471 924 vocatur.
1521 893 1560 931 1,
1585 890 1641 925 89.

974 942 1153 980 Euphorio,
1194 950 1212 970 e
1247 936 1422 978 Chalcide,
1466 936 1621 969 Euboeae
1652 936 1745 975 urbe,

1021 984 1178 1017 oriundus
1191 1009 1199 1024 ,
1233 983 1352 1015 aetatis
1376 981 1611 1015 alexandrinae
1631 993 1745 1025 gram-

1020 1030 1159 1063 maticus
1182 1035 1216 1061 et
1236 1032 1336 1072 po'e'ta
1355 1028 1509 1072 tragicus.

973 1079 1159 1118 Euripides,
1193 1074 1384 1107 Mnesarchi
1413 1073 1520 1114 filius,
1556 1072 1742 1106 Athenien-

1019 1122 1100 1155 sium
1123 1120 1268 1164 tragicus
1290 1127 1414 1164 poeta,
1449 1130 1582 1163 pugnae
1607 1117 1745 1152 salami—

1020 1168 1094 1200 niae
1117 1167 1171 1199 die
1194 1172 1301 1198 natus.

972 1216 1125 1254 Eurotas,
1161 1211 1278 1244 ssuvius
1310 1210 1479 1244 Laconiae
1507 1221 1615 1254 prope
1638 1211 1745 1253 Spar—

1019 1266 1088 1291 tam
1100 1284 1108 1300 ,
1135 1257 1368 1291 certaminibus
1387 1263 1424 1289 et
1441 1255 1744 1296 exercitationibus,

1019 1316 1104 1349 quae
1124 1317 1143 1336 a
1165 1303 1340 1347 Spartiatis
1362 1302 1405 1335 ad
1428 1313 1502 1334 eum
1524 1302 1746 1341 habebantur,

1019 1351 1151 1382 nobilis.

973 1398 1138 1437 Euryclea,
1164 1394 1230 1426 filia
1243 1393 1323 1437 Opis
1344 1392 1568 1432 Pisenoridae,
1593 1403 1658 1424 una
1678 1403 1742 1424 an-

1019 1442 1168 1474 cillarum
1186 1439 1328 1479 Laertis‚
1352 1450 1450 1483 quam
1468 1437 1646 1482 aliquando
1665 1448 1743 1481 pre-

1017 1487 1067 1520 tio
1090 1486 1206 1530 viginti
1237 1485 1337 1517 boum
1358 1491 1484 1517 emerat
1505 1483 1663 1527 uxorique
1682 1482 1746 1515 do-

1019 1545 1064 1566 no
1084 1532 1243 1571 dederat,
1271 1530 1375 1563 Ulixis
1396 1529 1518 1562 nutrix.
1541 1530 1575 1571 5,
1599 1527 1665 1568 463
1691 1528 1745 1561 ubi

1019 1585 1132 1611 tamen
1153 1578 1186 1609 in
1209 1576 1307 1610 codd.
1330 1575 1452 1619 legitur
1471 1577 1623 1609 Anticlea.

974 1626 1173 1665 Eurypylus,
1196 1621 1397 1655 Euaemonis
1414 1627 1448 1653 et
1467 1620 1546 1665 Opis
1562 1620 1659 1660 filius,
1684 1621 1745 1652 Or-

1021 1669 1186 1702 chomenii
1214 1667 1383 1700 thessalici
1412 1678 1492 1706 rex,
1527 1665 1746 1710 quadraginta

1021 1727 1121 1747 naves
1147 1713 1284 1747 Troiam
1304 1712 1408 1744 duxit.
1443 1712 1482 1744 11.
1498 1714 1529 1756 β,
1554 1710 1632 1746 736.
1658 1714 1747 1743 Ante

1020 1761 1158 1794 Troiam
1189 1771 1209 1791 a
1244 1757 1362 1791 Paride
1390 1757 1514 1800 sagitta
1541 1756 1745 1788 vulneratur.

975 1808 1186 1847 Eurystheus,
1209 1803 1358 1837 Stheneli
1379 1802 1483 1842 filius,
1507 1813 1566 1834 rex
1586 1803 1745 1845 Mycena-

1021 1864 1114 1894 rum,
1150 1850 1205 1895 qui
1231 1849 1366 1882 lunonis
1399 1847 1477 1880 odio
1512 1847 1546 1879 in
1568 1847 1746 1879 Herculem

1023 1898 1208 1941 obsequens
1229 1896 1319 1928 hunc
1342 1894 1386 1927 ad
1408 1892 1625 1925 difficillimos
1646 1892 1744 1929 labo-

1021 1955 1073 1976 res
1096 1942 1219 1986 adegit.
1253 1943 1276 1974 2
1289 1942 1301 1980 ,‘
1321 1940 1376 1973 20.

975 1992 1176 2029 Euthynous,
1210 1998 1334 2019 nomen
1372 1984 1432 2017 filii
1462 1983 1568 2028 Elysii
1590 1982 1746 2016 Terinaei

1023 2034 1203 2067 cuiusdam.
1243 2032 1282 2073 1,
1310 2031 1384 2065 115.
1422 2030 1476 2064 Cf.
1496 2031 1634 2071 Elysius.

1342 2113 1379 2143 F.

976 2173 1103 2205 Fabius.
1143 2170 1175 2213 a)
1197 2171 1233 2209 Q.
1249 2170 1366 2201 Fabius
1386 2164 1528 2199 Pictoris
1548 2164 1746 2209 cognomine

1023 2217 1156 2249 indutus
1191 2215 1233 2247 ob
1270 2224 1418 2245 amorem
1446 2211 1481 2244 in
1505 2210 1666 2255 pingendi
1688 2222 1747 2243 ar—

1022 2270 1108 2300 tem,
1148 2272 1213 2293 non
1244 2266 1295 2291 est
1316 2256 1570 2291 confundendus
1592 2268 1667 2289 cum
1689 2256 1746 2289 hi-

1024 2308 1147 2340 storico
1184 2305 1332 2337 eiusdem
1367 2302 1531 2343 nominis,
1575 2301 1635 2334 sed
1675 2301 1745 2334 eius

1023 2366 1102 2386 avus
1115 2378 1123 2393 ,
1149 2351 1203 2395 qui
1225 2350 1342 2382 aedem
1363 2348 1484 2382 Salutis
1504 2346 1621 2391 pinxit.
1659 2346 1747 2379 Audi

1023 2399 1108 2431 Plin.
1131 2399 1175 2430 H.
1196 2397 1238 2428 N.
1261 2396 1323 2436 35,
1359 2394 1391 2429 7.
1448 2392 1548 2437 Apud
1577 2393 1746 2425 Romanos

1024 2444 1132 2477 honos
1165 2448 1294 2474 mature
1315 2439 1476 2484 pingendi
1506 2438 1571 2470 arti
1593 2437 1745 2480 contigit,

1023 2489 1186 2533 siquidem
1211 2486 1411 2530 cognomina
1440 2496 1481 2517 ex
1514 2495 1552 2516 ea
1577 2483 1747 2516 Pictorum

1023 2541 1196 2567 traxerunt
1223 2531 1336 2571 Fabii,
1383 2529 1584 2563 clarissimae
1614 2527 1743 2571 gentis3

1023 2581 1244 2623 princepsque
1268 2577 1336 2609 eius
1360 2574 1566 2619 cognominis
1589 2573 1661 2617 ipse
1684 2585 1744 2605 ae-

1024 2626 1100 2657 dem
1126 2624 1247 2657 Salutis
1280 2621 1387 2666 pinxit
1407 2624 1445 2653 A.
1458 2621 1499 2653 V.
1519 2619 1555 2650 C.
1574 2615 1641 2651 450
1665 2615 1744 2662 (304

1023 2683 1053 2703 a.
1077 2670 1189 2711 Chnl,
1227 2679 1310 2712 quae
1341 2667 1469 2710 pictura
1488 2664 1670 2708 permansit
1700 2665 1743 2697 ad

1021 2722 1170 2748 nostram
1187 2712 1391 2751 memoriam,
1413 2709 1496 2742 aede
1511 2708 1638 2741 Claudii
1651 2708 1743 2752 prin-

1023 2761 1133 2803 cipatu
1155 2766 1279 2791 exusta.
1318 2759 1354 2795 1,
1379 2754 1472 2789 4.-
1506 2754 1542 2797 b)
1567 2756 1604 2795 Q.
1624 2756 1744 2787 Fabius

1020 2808 1181 2839 Maximus
1209 2807 1391 2836 Verrucosus
1419 2802 1607 2841 Cunctator,
1641 2798 1743 2832 nobi—

1018 2851 1159 2883 lissimus
1189 2849 1246 2881 ille
1277 2849 1311 2880 in
1333 2846 1422 2879 bello
1444 2845 1567 2890 punico
1593 2843 1742 2878 secundo

1018 2897 1243 2929 Romanorum
1272 2893 1338 2925 dux
1371 2898 1406 2924 et
1428 2891 1576 2924 dictator
1599 2889 1690 2935 (2⁴22.
1711 2901 1742 2922 a.

1019 2942 1095 2975 Chr.
1116 2948 1151 2974 et
1171 2941 1249 2974 2125.
1274 2951 1304 2973 a.
1330 2937 1436 2982 Cim).
