1859 3149
1601 28 1687 74 285

88 138 218 181 neque
240 125 426 167 fortunae
448 123 620 180 impetu,
667 136 742 164 nec
762 121 1022 164 multitudinis
1047 120 1259 178 opinione,
1305 132 1380 161 nec
1404 119 1568 174 dolore,
1611 136 1687 165 nec

87 207 319 258 paupertate
342 199 486 242 terreri
506 198 714 253 omniaque
738 197 813 238 sibi
831 197 872 238 in
896 210 987 238 sese
1012 209 1102 238 esse
1118 195 1247 252 posita
1271 208 1346 237 nec
1370 208 1461 237 esse
1480 196 1689 252 quicquam

89 283 210 318 extra
227 289 339 318 suam
358 280 594 331 potestatem
609 304 620 324 ,
665 273 767 328 quod
787 273 931 313 ducant
953 273 993 312 in
1013 271 1144 313 bonis.
1207 276 1279 313 31.
1313 269 1499 326 Namque
1525 277 1566 312 et
1591 270 1688 314 baec

89 350 220 406 loqui,
251 363 352 406 quae
372 356 466 391 sunt
484 348 618 404 magni
639 347 842 389 cuiusdam
863 354 903 388 et
925 346 992 387 alti
1012 347 1113 397 viri,
1148 352 1188 387 et
1208 346 1343 388 eadem
1359 379 1369 398 ,
1403 359 1503 402 quae
1524 346 1687 402 vulgus,

1450 419 1541 476 Qua
1562 421 1690 478 gloria

89 507 309 542 commotus
330 497 530 556 Epicurus
551 498 756 551 exoritur,
801 499 862 539 cui
881 497 1024 549 etiam,
1069 496 1102 538 si
1124 496 1183 538 dis
1212 496 1362 553 placet,
1407 497 1565 539 videtur
1584 512 1689 540 sem-

576 572 654 615 Hic
679 573 868 628 dignitate
891 573 1006 615 huius
1031 573 1257 614 sententiae
1282 573 1457 629 capitur:
1492 573 1562 614 sed
1590 588 1689 615 nun-

515 41 684 75 LIBER
706 41 748 76 V.
776 39 841 81 10,
864 38 922 76 31.
948 39 1014 80 11,
1036 36 1093 74 32.
1119 35 1178 74 33.
1200 36 1260 73 34.

86 425 129 468 in
153 425 265 467 malis
290 431 330 466 et
353 424 468 465 bonis
495 437 732 474 numerare,
778 422 942 464 concedi
968 422 1075 463 nullo
1100 421 1215 462 modo
1241 427 1386 477 potest.

86 589 158 633 per
176 575 338 632 sapiens
358 575 513 617 beatus.

87 665 202 707 quam
226 650 264 692 id
285 651 452 702 diceret,
487 650 521 692 si
542 649 626 706 ipse
650 663 694 690 se
715 649 886 690 audiret.

84 726 245 779 veniat,
279 740 394 781 quam
416 732 458 767 ut
477 725 535 777 is,
568 725 634 780 qui
656 725 720 766 vel
743 739 935 766 summum
953 755 964 775 ,
998 723 1063 765 vel
1087 724 1214 765 solum
1234 724 1378 766 malum
1401 724 1578 766 dolorem
1598 739 1688 768 esse

950 646 1056 704 Quid
1081 655 1143 690 est
1167 648 1287 699 enim,
1322 648 1425 704 quod
1443 648 1572 691 minus
1595 663 1690 691 con-

87 802 216 854 dicat,
248 801 352 843 idem
373 807 563 853 censeat,
601 800 744 852 Quam
765 800 846 841 hoc
865 814 1001 841 suave
1019 799 1107 841 est!
1137 806 1218 841 tum
1242 815 1359 855 quum
1381 800 1517 842 dolore
1536 801 1691 844 crucie-

87 884 180 929 tur,
225 876 417 918 dicturum
447 890 537 918 esse
561 876 809 932 sapientem?
868 873 965 916 Non
993 874 1113 930 igitur
1149 889 1200 917 ex
1225 875 1392 931 singulis
1414 876 1580 918 vocibus
1604 876 1690 933 phi-

85 951 239 1008 losophi
269 952 474 1009 spectandi
507 959 622 1003 sunt,
656 951 725 992 sed
758 965 811 992 ex
842 950 1103 1007 perpetuitate
1136 958 1253 1006 atque
1287 952 1526 993 constantia.

201 1025 283 1068 XI.
330 1032 401 1068 52.
436 1025 488 1067 A.
522 1026 701 1068 Adducis
737 1040 826 1077 me,
874 1033 916 1066 ut
946 1026 1013 1066 tibi
1038 1026 1250 1067 assentiar.

86 1101 204 1155 vide,
238 1115 289 1143 ne
309 1102 558 1144 desideretur
577 1102 816 1143 constantia.
882 1101 950 1143 M.
986 1100 1171 1156 Quonam
1192 1101 1336 1144 modo?
1395 1102 1452 1143 A.
1489 1100 1594 1167 Quia
1611 1103 1691 1160 legi

1316 1024 1398 1068 Sed
1421 1034 1486 1068 tua
1514 1041 1686 1084 quoque,

86 1183 196 1219 tuum
219 1190 346 1234 nuper
363 1185 545 1233 quartum
564 1177 613 1219 de
631 1175 813 1218 Finibus.
876 1174 923 1218 In
943 1190 990 1218 eo
1013 1177 1104 1218 mihi
1122 1176 1310 1218 videbare
1332 1185 1470 1219 contra
1492 1175 1689 1220 Catonem

85 1252 289 1295 disserens
322 1253 396 1294 hoc
427 1252 531 1294 velle
567 1253 805 1304 ostendere,
861 1252 964 1308 quod
997 1252 1089 1293 mibi
1127 1252 1283 1307 quidem
1318 1252 1532 1308 probatur,
1585 1254 1690 1296 inter

87 1326 295 1370 Zenonem
319 1335 359 1369 et
382 1325 673 1384 Peripateticos
694 1327 790 1369 nihil
816 1334 975 1383 praeter
996 1327 1207 1368 verborum
1232 1327 1449 1369 novitatem
1471 1329 1686 1372 interesse.

86 1401 205 1459 Quod
228 1403 262 1445 si
286 1403 342 1445 ita
365 1410 452 1456 est,
504 1403 594 1459 quid
623 1411 684 1445 est
704 1417 869 1444 caussae
885 1435 895 1454 ,
930 1401 1022 1457 quin
1040 1433 1051 1453 ‚
1085 1402 1118 1443 si
1145 1400 1324 1444 Zenonis
1349 1404 1494 1445 rationi
1519 1419 1688 1448 consen-

87 1485 246 1520 taneum
269 1478 343 1532 sit,
386 1479 484 1521 satis
510 1494 691 1535 maguam
712 1479 792 1520 vim
815 1479 855 1519 in
879 1478 1025 1519 virtute
1053 1491 1143 1519 esse
1164 1478 1210 1519 ad
1235 1478 1349 1520 beate
1371 1479 1608 1534 vivendum,
1641 1482 1690 1523 li-

88 1560 179 1596 ceat
194 1554 297 1596 idem
316 1552 595 1611 Peripateticis
615 1555 775 1596 dicere?
807 1568 889 1595 rem
908 1553 1011 1595 enim
1034 1554 1176 1610 opinor
1194 1555 1366 1610 spectari
1383 1563 1585 1610 oportere,
1609 1571 1691 1600 non

86 1629 227 1671 verba.

86 1704 245 1756 ficaris,
279 1704 370 1761 quid
395 1704 565 1746 dixerim
586 1705 797 1760 aliquando
819 1712 884 1746 aut
908 1706 1152 1762 scripserim.

290 1635 361 1672 53.
405 1628 474 1671 Μ.
510 1628 577 1671 Τυ
601 1629 756 1685 quidem
782 1629 937 1672 tabellis
964 1629 1184 1685 obsignatis
1211 1629 1297 1686 agis
1323 1644 1476 1671 mecum
1513 1638 1551 1672 et
1578 1632 1691 1674 testi-

1218 1702 1319 1746 Cum
1343 1705 1431 1747 aliis
1454 1706 1530 1748 isto
1553 1708 1688 1762 modo,

86 1779 153 1836 qui
172 1779 326 1836 legibus
345 1780 539 1838 impositis
562 1781 782 1835 disputant,
820 1795 892 1822 nos
916 1781 956 1821 in
977 1781 1079 1822 diem
1102 1780 1298 1832 vivimus,
1334 1781 1594 1838 quodcunque
1615 1797 1690 1824 no-

86 1862 192 1897 stros
225 1855 380 1897 animos
403 1855 677 1912 probabilitate
702 1855 922 1911 percussit,
969 1855 1006 1896 id
1042 1854 1234 1906 dicimus3
1282 1855 1416 1911 itaque
1449 1856 1525 1898 soli
1550 1871 1689 1901 sumus

85 1929 217 1972 liberi.
278 1929 555 1973 Veruntamen
582 1930 768 1985 quoniam
795 1930 841 1970 de
863 1930 1087 1971 constantia
1110 1929 1240 1985 paullo
1266 1937 1358 1972 ante
1382 1931 1573 1984 diximus,
1607 1948 1688 1975 non

86 2018 161 2060 ego
184 2005 259 2046 hoc
281 2005 369 2047 loco
393 2005 433 2047 id
455 2005 724 2061 quaerendum
748 2011 865 2060 puto,
898 2018 1090 2046 verumne
1114 2005 1187 2057 sit,
1222 2006 1326 2061 quod
1350 2004 1507 2048 Zenoni
1529 2007 1689 2064 placue-

84 2079 138 2121 rit
163 2079 345 2136 quodque
374 2080 460 2122 eius
485 2079 680 2132 auditori,
724 2080 931 2133 Aristoni,
965 2080 1113 2122 bonum
1135 2094 1225 2122 esse
1252 2081 1403 2134 solum,
1434 2083 1535 2138 quod
1564 2083 1688 2126 hone-

85 2160 190 2196 stum
211 2161 344 2207 esset3
392 2156 462 2197 sed
497 2156 531 2197 si
559 2155 614 2197 ita
641 2163 770 2208 esset,
806 2163 886 2198 tum
913 2163 957 2198 ut
984 2163 1108 2197 totum
1134 2155 1209 2197 hoe
1230 2156 1346 2199 beate
1369 2158 1510 2200 vivere
1543 2159 1583 2200 in
1607 2174 1686 2202 una

84 2228 233 2272 virtute
258 2237 440 2287 poneret.
502 2237 574 2273 54.
609 2229 746 2287 Quare
785 2232 922 2274 demus
953 2231 1027 2273 hoc
1064 2245 1161 2273 sane
1190 2230 1346 2286 Bruto,
1389 2240 1432 2275 ut
1461 2233 1513 2275 sit
1544 2234 1686 2277 beatus

86 2317 246 2360 semper
266 2305 453 2362 sapiens;
498 2320 613 2362 quam
650 2306 724 2348 sibi
749 2308 990 2360 conveniat,
1036 2307 1121 2363 ipse
1143 2306 1303 2350 viderit.
1368 2306 1508 2350 Gloria
1528 2310 1684 2366 quidem

86 2396 122 2423 et
140 2389 328 2424 litterarum
347 2391 444 2424 fieret
463 2399 626 2436 potestas,
649 2392 778 2437 legibus
794 2406 870 2426 san-

88 2436 191 2469 citum
229 2444 301 2470 erat
342 2449 418 2470 cum
452 2450 575 2482 poena.
623 2440 664 2472 V.
692 2441 787 2473 Verr.
810 2441 868 2472 1V.

86 2481 153 2524 66,
181 2480 255 2516 149.
282 2485 305 2516 1.
323 2483 390 2525 57,
418 2482 492 2517 149.

155 2539 212 2561 nos
232 2530 267 2561 in
286 2531 371 2562 diem
390 2530 542 2574 vivimus]
569 2530 761 2564 Academici
781 2531 869 2564 enim

87 2573 171 2606 nulli
192 2574 249 2607 uni
265 2575 463 2619 disciplinae
484 2576 590 2608 dediti
615 2585 719 2614 erant,
746 2577 806 2609 sed
827 2590 867 2610 ex

906 2400 943 2426 ut
974 2399 1047 2425 tum
1080 2393 1214 2427 demum
1227 2419 1235 2433 ,
1279 2393 1306 2426 si
1335 2394 1578 2439 Peripateticus
1613 2396 1684 2428 sive

907 2441 1026 2472 Brutus
1042 2440 1113 2484 ipse
1129 2452 1262 2485 quoque
1280 2449 1480 2484 agnosceret
1501 2454 1574 2474 cum
1588 2441 1684 2474 Stoi-

906 2486 972 2525 cis,
1010 2486 1136 2519 bonum
1160 2498 1233 2519 esse
1260 2488 1367 2519 solum
1392 2488 1484 2531 quod
1504 2488 1683 2520 honestum

905 2539 1002 2569 esset,
1028 2533 1056 2564 is
1077 2532 1349 2577 (Peripateticus)
1372 2540 1484 2565 totum
1501 2534 1567 2567 hoc
1584 2534 1682 2566 beato

904 2578 1017 2611 vivere
1030 2578 1063 2610 in
1080 2591 1144 2611 una
1161 2579 1284 2611 virtute
1303 2586 1445 2621 poneret
1460 2592 1467 2611 2
1493 2591 1582 2611 nunc
1600 2591 1681 2612 vero

88 2618 230 2652 diversis
252 2621 376 2654 scholis
399 2634 438 2654 ea
460 2622 596 2655 decreta
610 2635 668 2655 sua
686 2623 865 2663 faciebant,

88 2676 173 2709 quae
194 2677 251 2698 eos
276 2668 418 2701 maxime
440 2668 553 2712 specie
575 2669 727 2702 veritatis
747 2682 866 2703 move-

87 2718 174 2744 rent.
223 2714 264 2745 V.
287 2726 349 2747 nos
369 2714 403 2747 in
428 2714 502 2747 libr.
532 2715 564 2747 d.
588 2717 626 2748 de
654 2718 716 2749 Cic.
739 2719 772 2749 in
789 2719 867 2758 phil.

87 2765 208 2833 ϊῧῗπμ
221 2757 388 2795 GrB—74.
408 2767 442 2793 et
454 2761 584 2805 Proleg.
609 2761 644 2794 in
664 2762 727 2795 hos
751 2762 865 2795 libros.

158 2849 213 2881 sed
227 2852 256 2881 si
270 2853 316 2883 ila
329 2857 416 2894 esset,
439 2857 507 2886 tum
528 2857 563 2886 u!
582 2857 680 2886 totum
700 2856 758 2887 hoc
772 2854 867 2898 cem]

89 2892 185 2925 Haec
206 2901 258 2926 est
281 2895 383 2930 lectio
408 2899 564 2942 vulgata,
603 2911 702 2944 quam
725 2900 867 2932 Orellius

88 2938 139 2971 sic
153 2939 315 2983 explicat:
332 2943 401 2975 Sed
410 2944 651 2988 postulandum
661 2951 746 2988 puto
761 2945 868 2989 (qnod

89 2983 250 3018 facillime
268 2986 412 3027 ,elicitur
431 3001 449 3022 e
470 3002 502 3024 v.
525 2993 742 3033 quaerendum
761 2991 867 3036 puto),

905 2624 960 2656 ubi
985 2625 1051 2657 hoc
1084 2625 1218 2669 quidem
1250 2624 1366 2667 ponit,
1404 2625 1464 2656 sed
1486 2625 1583 2657 simul
1617 2625 1682 2658 alia

903 2670 992 2703 bona
1014 2671 1142 2705 statuit.
1169 2670 1240 2713 ipse
1260 2682 1372 2701 secum
1395 2679 1531 2713 pugnat.
1579 2671 1682 2703 Plane

902 2717 1011 2760 probo
1043 2716 1158 2748 Orellii
1191 2715 1414 2754 sententium,
1450 2716 1512 2748 uisi
1545 2717 1637 2760 quod
1660 2729 1680 2750 e

903 2763 1013 2795 verbis
1036 2763 1249 2804 quaerendum
1268 2765 1343 2801 pulo
1365 2772 1433 2793 non
1451 2765 1680 2802 postulandum

901 2813 998 2849 puto,
1023 2808 1082 2840 sed
1106 2807 1188 2839 nihil
1212 2806 1313 2844 aliud,
1339 2807 1401 2838 nisi
1424 2818 1555 2849 necesse,
1573 2819 1680 2842 neces-

903 2858 1025 2886 sarium
1049 2863 1113 2886 esse
1137 2852 1337 2884 eliciendum
1362 2852 1526 2886 existimo.

971 2898 1026 2933 54.
1050 2901 1161 2931 demus
1182 2899 1238 2930 hoc
1256 2918 1320 2939 —,
1345 2902 1379 2930 ut
1398 2899 1451 2943 sit]
1479 2900 1677 2935 Coniunctio

902 2949 936 2978 ut
959 2943 1138 2977 referenda
1167 2950 1218 2975 est
1250 2943 1293 2975 ad
1314 2956 1502 2987 pronomen
1525 2949 1604 2989 hoc,
1641 2955 1676 2980 et

900 2991 1025 3032 habet,
1051 2996 1088 3022 ut
1110 3000 1233 3034 saepe,
1258 2989 1325 3023 vim
1347 2991 1591 3036 explicativam.
1622 2994 1675 3027 Cf.
