1827 3133
161 73 218 117 88
757 86 925 121 Lmen
950 87 975 122 1.
1000 84 1066 130 28,
1089 84 1148 123 το.

426 169 584 221 segetes
615 168 760 218 largiri
773 165 941 222 fruges,
964 171 1114 224 florere
1143 171 1281 218 ὀνηηία,

426 245 565 282 Fontes
594 249 764 289 scatere,
798 243 925 282 herbis
948 239 1065 295 preita
1094 245 1365 293 convestirier,-

165 318 247 355 tum
279 315 562 357 multitudinem
590 315 781 372 pecudum
811 316 948 372 partim
979 318 1027 358 ad
1053 318 1318 369 vescendum,
1361 316 1500 374 partim
1533 315 1584 358 ad
1617 315 1746 358 cultus

164 401 348 444 agrorum
363 423 373 442 ‚
406 390 545 448 partim
566 390 614 431 ad
635 389 856 431 vehendum
872 421 883 442 ,
925 392 1066 447 partim
1087 393 1133 433 ad
1156 406 1322 447 corpora
1342 391 1573 443 vestienda3
1619 390 1744 432 homi-

164 476 330 519 nemque
351 465 474 520 ipsum
496 465 607 520 quasi
632 465 979 521 contemplatorem
1001 467 1099 507 caeli
1124 481 1168 507 ac
1194 467 1355 507 deorum
1379 479 1594 521 eorumque
1617 465 1744 506 culto-

161 550 271 590 rem3
304 546 420 594 atque
439 539 607 580 hominis
627 539 778 580 utilitati
799 554 915 596 agros
938 555 1074 582 omnes
1098 548 1136 582 et
1159 541 1282 581 maria
1303 540 1504 596 parentiaz
1547 546 1617 582 70.
1644 540 1742 581 haec

159 609 279 665 igitur
314 620 354 654 et
388 613 461 655 alia
496 614 794 656 innumerabilia
827 629 942 669 quum
980 615 1199 666 cernimus,
1244 628 1507 671 possumusne
1545 614 1739 666 dubitare,

158 685 251 740 quin
280 686 328 728 iis
360 688 509 744 praesit
543 689 682 745 aliquis
715 689 780 730 vel
806 690 996 741 effector,
1042 690 1075 730 si
1117 690 1213 731 baec
1247 697 1338 731 nata
1363 696 1478 740 sunt,
1525 696 1566 730 ut
1584 687 1743 730 Platoni

155 758 326 814 videtur,
362 762 440 815 vel,
474 763 507 804 si
535 777 692 820 semper
713 764 885 815 suerunt,
919 772 961 805 ut
983 763 1191 805 Aristoteli
1216 765 1358 819 placet,
1392 764 1618 804 moderator
1643 762 1741 804 tanti

154 835 286 890 operis
320 843 359 877 et
381 838 584 879 muneris?
627 836 695 880 Sic
720 846 890 879 mentem
922 838 1114 890 hominis,
1157 839 1335 894 quamvis
1358 853 1444 880 eam
1476 852 1555 879 uon
1580 837 1735 888 videas,

153 914 196 949 ut
218 909 330 951 deum
356 926 433 952 nou
459 912 592 964 vides,
631 919 761 953 tamen
778 945 788 963 ‚
823 920 864 954 ut
892 913 1005 954 deum
1029 913 1212 968 agnoscis
1239 927 1291 954 ex
1315 913 1500 969 operibus
1526 912 1636 964 eius,
1679 912 1738 953 sic

153 995 208 1024 ex
226 986 415 1026 memoria
441 1000 595 1038 rerum,
639 993 679 1027 et
699 986 927 1027 inventione
943 1019 954 1038 ,
997 994 1037 1027 et
1060 987 1262 1028 eeleritate
1288 993 1417 1028 motus
1443 987 1627 1042 omnique
1653 986 1739 1043 pul-

151 1056 370 1100 chritudine
401 1059 558 1101 w'rtutis
590 1061 668 1102 vim
701 1061 872 1101 divinam
905 1061 1046 1102 mentis
1078 1061 1300 1116 agnoscito.

260 1130 428 1174 XXIX.

149 1219 221 1246 cur
253 1207 436 1260 credam,
484 1210 630 1251 afferre
667 1224 842 1266 possum.

148 1281 302 1335 quidem
325 1281 364 1322 in
388 1289 425 1324 te
448 1290 524 1324 est.

147 1355 210 1395 sac
230 1354 385 1410 igneam
400 1389 410 1408 ‚
446 1358 507 1398 sac
531 1357 778 1413 spirabilem:
813 1358 908 1399 nibil
928 1359 974 1399 ad
996 1359 1031 1399 id
1046 1391 1056 1410 ‚
1094 1359 1141 1400 de
1163 1373 1239 1414 quo
1264 1359 1434 1414 agimus.

214 1440 346 1483 scatere]
382 1441 623 1474 Paenultimam
659 1443 808 1487 corripit.
866 1444 920 1476 Sic

145 1487 253 1526 fervo,
277 1489 395 1527 strido,
419 1492 513 1528 leryo,
538 1488 611 1527 alia,
637 1501 720 1532 quae
744 1496 861 1533 postea
886 1489 919 1522 in

145 1533 247 1572 ferveo
262 1557 270 1571 ‚
294 1535 426 1569 sfrideo,
452 1538 552 1573 lerqeo
575 1535 788 1567 transierunt.

215 1579 258 1608 ad
276 1581 476 1621 vescendum]
497 1581 535 1610 V.
554 1580 675 1612 Adnot.
701 1581 734 1613 in
755 1593 781 1613 c.
794 1581 848 1620 23,
864 1580 917 1614 53.

212 1627 482 1664 contemplatorem
496 1628 574 1658 caeli
594 1637 632 1658 ac
648 1628 775 1658 deorum
797 1638 919 1659 eorum-

144 1678 203 1709 que
234 1670 395 1713 cullorem]
442 1671 567 1703 Locum
603 1672 798 1704 mendosum
835 1684 917 1712 esse,

145 1725 247 1757 quum
289 1715 371 1747 mira
407 1716 586 1749 lectionum
621 1718 763 1750 varietas
799 1718 918 1761 arguit,

142 1768 213 1791 tuni
233 1762 419 1794 sententiae
442 1763 640 1804 perversitas
663 1763 793 1795 clamat.
832 1765 918 1796 Nam

143 1817 216 1837 esse.
240 1806 320 1838 deos
346 1807 493 1839 nonduin
518 1809 674 1851 probavit
699 1810 833 1848 Cicero,
858 1810 918 1842 scd

144 1863 185 1883 ex
214 1852 357 1884 hominis
394 1853 527 1886 demum
569 1862 685 1887 natura
718 1855 917 1898 probaturus

144 1903 206 1929 est.
254 1898 354 1930 Unde
386 1907 524 1942 apparet
553 1900 585 1932 in
610 1900 661 1932 his
687 1901 794 1933 vvibis
815 1913 917 1945 prae-

142 1949 313 1985 posterum
335 1944 492 1987 quiddam
518 1945 635 1977 inesse.
696 1947 795 1986 Quod
817 1959 916 1991 quum

141 1995 239 2020 acute
268 1991 492 2032 perspexisset
521 1994 698 2032 Bentleius,
734 1992 844 2025 locum
870 1993 918 2026 sic

142 2033 384 2066 emendandum
419 2036 563 2068 censuit:
599 2042 678 2069 conl.
702 2048 727 2069 c.
757 2049 795 2071 ac
829 2043 917 2071 ter·

140 2089 244 2112 rara
254 2091 286 2112 m
327 2083 483 2113 cultorem.
543 2083 627 2114 Voc.
673 2084 803 2116 deorum
839 2084 915 2116 oriri

140 2125 254 2168 potuit
278 2138 315 2157 ex
341 2126 541 2169 compendio
575 2127 729 2159 vocabuli
760 2133 916 2162 terrarum

140 2170 226 2202 male
250 2170 442 2207 intellecto;
477 2179 606 2204 mutato
627 2180 738 2205 autem
761 2178 915 2207 terrarum

140 2215 173 2247 in
197 2218 345 2257 deorum,
378 2217 456 2249 addi
479 2229 612 2250 necesse
643 2226 714 2251 erat
739 2229 914 2260 eorumque.

143 2261 365 2294 Confirmatur
400 2263 483 2295 haec
517 2263 690 2306 ingeniosa
725 2265 914 2298 coniectura

142 2306 310 2340 Ciceronis
334 2308 408 2340 loco
430 2310 472 2340 N.
498 2310 537 2341 D.
563 2310 604 2341 Il.
628 2310 693 2348 39,
722 2310 786 2343 99:
825 2310 913 2351 Quid

139 2352 205 2385 iam
241 2353 283 2385 de
313 2353 484 2386 hominum
518 2366 640 2398 genere
675 2355 811 2388 dicam?
857 2357 912 2400 qui

138 2398 232 2443 quasi
263 2401 393 2433 cultores
421 2404 521 2433 terrae
554 2399 726 2432 constituti
758 2413 824 2434 non
847 2414 913 2445 pa-

137 2444 267 2477 tiuntur
285 2457 357 2477 eam
375 2457 437 2478 nec
452 2446 657 2478 immanitate
677 2446 846 2479 beluarum
862 2448 912 2480 ef-

137 2490 259 2530 ferari,
285 2503 348 2523 nec
373 2491 525 2534 stirpium
550 2491 730 2534 asperitate
755 2493 887 2525 vastari.

203 2538 337 2569 hominis
360 2540 488 2569 utilitati
511 2548 604 2578 ayros
627 2547 731 2570 omnes
755 2542 782 2569 et
804 2541 912 2570 maria

132 2582 295 2626 parentia]
323 2583 500 2626 Eleganter
524 2583 660 2615 dictum.
710 2583 798 2615 Beue
824 2586 911 2616 Orel-

134 2629 217 2659 lius:
242 2627 288 2659 sie
307 2628 408 2672 stigen
427 2628 517 2668 sich,
546 2627 622 2660 siud
642 2627 813 2661 dienstbar
834 2629 910 2661 dem

134 2673 268 2705 Nutzen
293 2673 351 2706 des
377 2674 570 2707 menschen.

205 2719 259 2753 70.
285 2719 421 2764 effector]
441 2721 481 2754 V.
500 2732 561 2753 nos
580 2719 613 2752 in
633 2718 719 2752 libro
740 2718 773 2751 d.
793 2720 831 2752 de
846 2722 909 2753 Cic.

133 2764 168 2796 in
187 2765 301 2805 philos.
326 2769 427 2798 merit.
451 2778 484 2810 p.
501 2767 559 2799 181
574 2777 646 2809 sqq.

201 2812 229 2841 si
248 2811 324 2843 haec
344 2815 421 2844 nata
439 2815 509 2844 sunt
525 2830 571 2835 —
588 2813 615 2843 si
628 2820 750 2851 semper
766 2810 907 2853 fuerunt]

134 2854 238 2886 Acad.
260 2857 302 2888 11.
325 2856 387 2895 37,
418 2858 498 2890 115:
529 2856 624 2889 Plato
649 2868 688 2887 ex
710 2855 850 2888 materia
873 2855 907 2887 in

134 2907 170 2928 se
187 2899 297 2932 omnia
310 2901 494 2945 recipiente
510 2901 669 2934 mundum
686 2913 758 2934 esse
780 2901 907 2933 factum

134 2950 248 2974 censet
279 2957 296 2976 a
321 2946 386 2977 deo
409 2948 660 2991 sempiternum.
708 2946 906 2979 Aristoteles

131 2997 240 3031 neque
257 2996 365 3022 ortum
381 3004 452 3025 esse
476 3005 619 3037 unquam
641 2992 800 3025 mundum
826 2999 905 3026 cett.

130 3032 218 3066 Ibid.
239 3033 306 3075 36,
332 3036 408 3070 119.
458 3038 511 3070 Cf.
536 3051 637 3084 supra
657 3051 685 3071 c.
704 3039 771 3078 25,
794 3036 849 3072 63.

590 1282 703 1338 Quae
726 1291 787 1325 est
804 1284 839 1325 ei
864 1286 1035 1325 natura?
1074 1283 1257 1339 Propria,
1291 1292 1383 1341 puto
1399 1316 1410 1336 ‚
1442 1290 1482 1326 et
1503 1298 1590 1325 sua.

492 1133 536 1175 In
576 1149 652 1190 quo
684 1135 804 1191 igitur
834 1135 920 1176 loco
951 1137 1039 1177 est?
1084 1134 1217 1177 Credo
1247 1136 1426 1191 equidem
1453 1135 1493 1176 in
1520 1135 1645 1192 capite
1675 1141 1731 1188 et,

927 1209 1006 1251 Sed
1043 1210 1162 1261 alias,
1207 1210 1272 1251 ubi
1309 1211 1361 1252 sit
1398 1210 1576 1261 animus3
1623 1216 1733 1251 certe

1650 1281 1733 1325 Sed

1498 1356 1595 1399 Illud
1617 1358 1734 1399 modo

1025 1446 1177 1485 muneris]
1200 1445 1348 1477 Verbum
1365 1443 1657 1487 munerispropn‘e
1677 1443 1733 1476 di-

956 1490 1040 1522 citur
1065 1490 1106 1522 de
1128 1490 1213 1522 ludis
1235 1498 1269 1523 et
1293 1490 1489 1535 spectaculis
1512 1489 1731 1533 gladiatoriis,

956 1548 1038 1579 quae
1059 1536 1184 1567 aediles
1204 1537 1330 1580 populo
1350 1536 1524 1581 praebent.
1558 1538 1644 1580 Apte
1664 1537 1733 1568 Μο-

954 1592 1040 1614 serus
1062 1589 1233 1625 comparat
1257 1583 1298 1615 N.
1323 1584 1361 1615 D.
1384 1584 1419 1621 1,
1444 1582 1482 1615 9:
1511 1581 1598 1621 Quid
1618 1587 1731 1613 autem

956 1634 1046 1666 erat,
1081 1628 1170 1671 qnod
1197 1628 1447 1672 concupisceret
1470 1627 1551 1659 deus
1571 1626 1731 1659 mundum

953 1673 1054 1716 signis
1080 1681 1113 1705 et
1136 1674 1313 1705 luminibus
1342 1681 1499 1718 tanquam
1526 1675 1638 1706 aedilis
1667 1684 1728 1704 ex·-

955 1731 1082 1752 ornare.
1132 1720 1173 1751 Η.
1196 1719 1217 1751 l.
1241 1719 1412 1762 eleganter
1443 1718 1583 1751 muudus
1608 1718 1729 1751 dicitur

953 1775 1069 1796 ‘munus
1089 1767 1151 1805 dei,
1175 1765 1207 1797 h.
1228 1777 1257 1796 e.
1279 1766 1370 1809 quasi
1388 1764 1575 1797 aedilicium
1595 1764 1729 1808 magni-

955 1811 1050 1842 ticum
1072 1811 1269 1854 spectaculis
1292 1818 1348 1844 aut
1380 1809 1596 1843 oblectationi
1619 1809 1729 1842 desti-

953 1863 1078 1888 natum.
1127 1858 1249 1888 Verte:
1289 1857 1547 1897 Schauyebiiude.
1594 1857 1634 1888 V.
1667 1857 1728 1888 Er-

953 1905 1042 1934 neslii
1066 1902 1156 1934 Clav.
1180 1903 1246 1934 Cic.
1272 1903 1306 1935 h.
1327 1915 1359 1936 v.
1384 1902 1428 1935 N.
1450 1902 1488 1932 t).
1512 1901 1562 1941 11,
1588 1901 1652 1934 35:
1678 1901 1728 1933 sic

952 1947 1143 1991 philosophi
1165 1948 1353 1981 debuerunt
1373 1967 1417 1972 -—
1438 1946 1646 1990 intelligere,
1670 1946 1728 1978 in-

953 2005 1024 2025 esse
1049 1994 1191 2038 aliquem
1223 2006 1291 2026 non
1315 1993 1422 2026 solum
1446 1991 1669 2024 habitatorem
1692 1991 1726 2025 in

951 2039 1013 2071 hac
1045 2042 1167 2072 caelesti
1198 2051 1236 2073 ac
1262 2042 1371 2073 divina
1395 2041 1509 2079 ἀοηιο,
1543 2037 1603 2070 sed
1625 2037 1727 2070 etiam

952 2093 1115 2117 rectorem
1139 2097 1178 2118 ac
1204 2085 1472 2123 moderatorem,
1508 2090 1543 2115 et
1565 2090 1724 2127 tanquam

950 2131 1168 2163 architectum
1185 2131 1270 2164 tanti
1285 2131 1395 2175 operis
1411 2129 1563 2173 tantique
1577 2132 1726 2162 muneris.

1021 2176 1099 2208 Car.
1121 2178 1254 2209 XXIX.
1290 2178 1418 2219 afferre]
1455 2179 1562 2219 Saepe
1588 2175 1726 2208 verbum

950 2224 1103 2262 afferendi
1142 2223 1294 2255 absolute
1333 2222 1479 2266 ponitur.
1540 2221 1632 2254 Infra
1667 2222 1724 2253 ΙΙΙ.

949 2268 1013 2305 23,
1036 2268 1099 2299 so:
1125 2274 1256 2299 tantum
1277 2268 1379 2300 modo
1401 2269 1514 2308 affert,
1538 2266 1621 2299 nihil
1642 2277 1726 2299 eve-

950 2310 1059 2349 nisse,
1085 2313 1175 2356 quod
1199 2325 1266 2345 non
1290 2313 1494 2356 opinandum
1517 2312 1647 2345 fuisset.

1016 2360 1110 2398 alias,
1136 2361 1188 2391 ubi
1209 2361 1248 2391 sit
1269 2358 1409 2402 animus]
1437 2359 1516 2390 Post
1536 2360 1619 2389 alias
1640 2369 1725 2401 sup-

947 2402 1106 2446 plendurn
1137 2411 1189 2436 est
1215 2406 1374 2444 dicemus;
1405 2403 1471 2435 hoc
1491 2403 1625 2446 quidem
1646 2415 1724 2436 cer-

946 2456 1018 2480 tum
1040 2456 1110 2490 est,
1135 2450 1279 2482 animum
1306 2461 1377 2482 esse
1400 2448 1434 2481 in
1457 2455 1504 2480 te.

1014 2500 1092 2528 cerle
1105 2496 1245 2540 quidem]
1261 2497 1300 2528 V.
1314 2494 1483 2528 Adnotata
1497 2493 1529 2527 in
1543 2495 1583 2526 V.
1598 2494 1654 2535 20,
1665 2493 1722 2528 60.

1011 2544 1143 2582 propria
1169 2546 1196 2574 et
1220 2541 1293 2586 sua]
1331 2540 1386 2573 Sic
1408 2540 1496 2572 infra
1522 2541 1562 2573 V.
1589 2540 1630 2580 7,
1659 2539 1719 2573 19:

942 2589 1082 2626 propriis
1102 2586 1190 2619 enim
1211 2593 1244 2619 et
1264 2589 1330 2620 suis
1348 2585 1550 2630 argumentis
1569 2592 1722 2618 tractan-

946 2630 988 2662 da
1011 2643 1161 2674 quaeque
1182 2645 1235 2664 res
1261 2639 1321 2664 est.

1013 2677 1066 2710 71.
1100 2678 1253 2719 plumbei]
1281 2676 1411 2717 obtusi,
1436 2676 1543 2714 tardi,
1571 2675 1720 2709 caecuti-

943 2731 1026 2753 mus.
1052 2722 1126 2753 Fin.
1149 2723 1206 2754 IV.
1233 2724 1293 2761 ld,
1319 2721 1383 2755 45:
1418 2724 1635 2763 oplumbeum
1653 2734 1720 2765 pu-

943 2766 1097 2809 gionem!
1137 2767 1183 2810 (h.
1207 2779 1236 2799 e.
1261 2774 1491 2810 argumentum
1523 2766 1614 2800 omui
1635 2779 1718 2799 acu-

944 2811 1033 2843 mine
1055 2811 1276 2854 destitutum).
1325 2814 1463 2845 Terent.
1489 2812 1716 2845 Heautontim.

942 2857 983 2888 V.
1010 2857 1045 2895 1,
1070 2855 1113 2889 4:
1153 2858 1246 2896 Quae
1274 2864 1352 2889 sunt
1382 2857 1471 2890 dicta
1499 2857 1534 2890 in
1566 2858 1718 2899 stultum,

944 2901 1090 2941 caudex,
1116 2902 1240 2946 stipes,
1265 2903 1375 2935 asinus
1389 2928 1398 2942 ‚
1420 2906 1593 2944 plumbeus.

1010 2958 1065 2980 nec
1084 2951 1201 2981 secerni
1222 2968 1267 2973 ——
1288 2959 1343 2982 nec
1361 2951 1510 2993 distrahi]
1537 2950 1631 2983 Haec
1651 2960 1720 2982 vo-

942 2993 1078 3033 cabula,
1115 3005 1200 3037 quae
1232 2994 1374 3026 eandem
1409 2995 1482 3028 fere
1514 2995 1583 3028 vim
1615 3001 1718 3038 atque

940 3045 1143 3084 potestatem
1162 3039 1287 3074 habere
1307 3040 1484 3084 videntur,
1507 3039 1716 3087 respondent
