1859 3117
743 39 1101 76 rnotsscomrm.
1695 35 1719 78 7

114 136 241 177 quum
262 123 403 164 Cicero
426 129 706 175 argumentum
735 122 902 174 aliquod
936 125 1122 163 omnibus
1156 138 1207 164 ex
1239 126 1427 178 partibus
1456 129 1714 179 examinavit,

113 200 214 244 tum,
244 193 280 232 si
300 206 350 233 ex
371 192 502 232 allatis
525 205 547 230 a
567 205 607 230 se
628 192 803 230 aliorum
826 192 1167 246 philosophorum
1189 196 1411 244 sententiis,
1443 196 1712 249 discrepanti-

113 263 189 302 bus
217 262 327 302 inter
353 275 474 314 seque
504 261 814 311 dissidentibus,
845 261 999 314 aliquid
1025 265 1113 302 veri
1145 264 1208 303 vel
1240 272 1346 304 certe
1377 266 1594 306 verisimile
1625 268 1711 306 elici

112 338 258 386 posset,
288 331 438 370 relictis
459 330 800 384 philosophorum
824 331 865 369 in
888 331 970 369 suis
991 332 1217 385 disciplinis
1238 335 1534 375 subtilitatibus
1557 343 1594 375 et
1614 350 1711 375 sano

113 415 197 454 quo
231 400 457 440 instructus
492 407 580 439 erat
614 400 756 439 mentis
796 400 951 439 iudicio
989 401 1031 440 in
1072 404 1283 442 consilium
1319 412 1486 455 vocato,
1525 407 1708 445 tentavit.

110 470 242 518 Quam
260 470 422 522 quidem
441 470 644 523 ingressus
662 469 860 508 rationem
882 471 1217 522 praeclarissimas
1240 488 1356 527 saepe
1380 477 1596 528 proposuit
1617 490 1709 514 sen·-

109 539 271 579 tentias.
329 542 433 578 Sana
464 540 588 592 igitur
614 553 744 589 mens,
776 540 995 578 tenerrimo
1024 542 1197 592 quodam
1233 543 1393 582 honesti
1424 545 1578 584 iudicio
1607 560 1706 584 con—

107 609 270 659 iuncta,
309 623 412 661 quae
444 609 547 648 nulli
581 609 816 661 disciplinae
847 609 1174 661 adstringendum
1205 626 1245 650 se
1282 613 1430 662 tradit,
1469 615 1510 652 in
1542 615 1628 654 eius
1658 616 1707 654 de

106 678 370 731 philosophia
391 678 556 731 scriptis
581 679 749 717 maxime
770 679 913 718 elucet.
972 679 1133 731 ltaque,
1164 688 1211 720 ut
1242 682 1360 720 firmo
1387 682 1462 721 hac
1493 684 1535 722 in
1564 698 1608 722 re
1637 685 1705 723 in-

104 747 263 787 cederet
291 748 414 801 pede,
444 747 671 787 academico
700 762 812 787 more
841 749 1095 787 diversorum
1118 749 1461 803 philosophorum
1490 754 1705 792 sententias

104 818 375 870 comparavit,
413 824 478 867 ut,
517 817 618 870 quid
647 825 756 857 recte
786 818 834 856 ab
867 819 916 857 iis
947 825 1066 870 atque
1102 821 1392 872 probabiliter,
1433 822 1531 874 quid
1563 837 1704 874 parum

104 893 212 927 recte
243 887 493 940 disputatum
521 894 640 936 esset,
673 902 721 926 cx
756 887 834 926 hoc
864 888 978 939 quasi
1010 890 1298 929 sententiarum
1328 905 1545 943 earumque
1577 907 1700 944 argu-

102 963 334 996 mentorum
358 971 404 996 ac
428 957 635 996 rationum
662 958 854 996 conssictu
889 965 1120 1010 appareret.
1178 961 1357 1000 Socratis
1382 975 1553 1011 morem,
1586 976 1702 1012 quem

101 1026 325 1065 Carneades
360 1040 522 1077 quoque
555 1027 780 1065 acutissime
811 1027 1159 1080 copiosissimeque
1190 1030 1346 1080 tenuit,
1377 1038 1558 1081 secutus,
1589 1045 1700 1070 suam

101 1096 189 1150 ipse
216 1095 454 1134 sententiam
484 1096 606 1145 texit,
636 1109 775 1134 errore
806 1096 904 1134 alios
933 1096 1087 1147 levare,
1128 1105 1168 1137 et
1197 1099 1240 1138 in
1272 1101 1381 1138 omni
1412 1100 1697 1153 disputatione,

99 1165 203 1219 quid
220 1171 322 1204 esset
340 1164 585 1202 simillimum
606 1165 707 1213 veri,
738 1179 931 1216 quaerere
951 1167 1111 1205 studuit
1131 1174 1182 1217 et,
1213 1169 1282 1220 qui
1304 1170 1572 1221 requirerent,
1597 1171 1697 1222 quid

98 1248 259 1288 quaque
287 1234 337 1273 de
362 1247 407 1273 re
432 1233 518 1286 ipse
548 1234 736 1283 sentiret,
767 1234 968 1273 curiosius
997 1235 1039 1273 id
1074 1236 1203 1275 facere
1236 1238 1359 1287 dixit,
1391 1253 1510 1290 quam
1541 1254 1696 1280 necesse

96 1311 198 1344 esset
214 1302 276 1360 ¹);
313 1316 444 1356 neque
472 1303 578 1342 enim
609 1310 688 1341 tam
711 1304 968 1342 auctoritatis
999 1305 1042 1343 in
1074 1305 1340 1358 disputando,
1379 1323 1496 1360 qnam
1525 1309 1694 1348 rationis

94 1380 294 1413 momenta
313 1372 542 1425 quaerenda
561 1386 664 1422 esse;
695 1373 796 1424 quin
818 1374 936 1412 etiam
958 1375 1092 1413 obesse
1112 1376 1349 1429 plerumque
1368 1378 1428 1427 iis,
1453 1379 1523 1430 qui
1543 1379 1694 1418 discere

94 1444 263 1493 vellent,
294 1442 577 1482 auctoritatem
606 1456 767 1492 eorum,
806 1443 878 1495 qui
907 1457 948 1482 se
981 1444 1126 1483 docere
1158 1447 1475 1498 profiterentur,
1512 1448 1693 1487 desinere

93 1513 201 1553 enim
225 1513 314 1552 illos
337 1526 455 1551 suum
481 1513 674 1551 iudicium
697 1512 888 1552 adhibere
919 1520 958 1552 et
988 1514 1032 1552 id
1055 1513 1202 1553 habere
1224 1523 1377 1567 ratum,
1410 1518 1520 1568 quod
1551 1518 1600 1556 ab
1632 1532 1691 1566 eo,

94 1596 212 1636 quem
245 1582 489 1635 probarent,
519 1582 742 1620 iudicatum
765 1583 966 1622 viderent.
1026 1584 1088 1623 Ex
1116 1585 1166 1622 iis
1198 1586 1346 1638 igitur,
1377 1601 1478 1638 quae
1501 1588 1550 1625 de
1574 1588 1689 1626 Cice-

92 1652 206 1692 ronis
225 1651 544 1704 philosophandi
566 1652 724 1690 ratione
750 1653 1030 1705 exposuimus,
1062 1654 1292 1694 Ciceronem
1317 1657 1584 1696 academicum
1610 1659 1688 1695 So·

92 1721 289 1761 creticum
326 1721 481 1774 potius,
522 1735 641 1773 quam
675 1721 805 1760 solum
839 1737 970 1762 novae
1001 1723 1224 1763 academiae
1260 1726 1446 1764 asseclam
1475 1727 1689 1766 dicendum

91 1805 196 1842 esse,
226 1790 417 1832 concludi
445 1804 562 1844 posse
591 1791 773 1831 videtur.

104 1898 204 1948 Vll.
244 1903 318 1947 De
335 1903 596 1960 disputandi
611 1918 803 1961 ywere,
833 1919 918 1961 quo
947 1903 1106 1947 Cicero
1127 1919 1229 1949 usus
1251 1912 1314 1949 est
1338 1908 1383 1949 in
1408 1906 1683 1952 Tusculanis.

203 1999 273 2038 Uti
296 2005 429 2038 cetera
452 2000 535 2038 sere
555 2000 688 2038 omnia
715 1999 763 2037 de
782 1998 1239 2053 philosophia-scripta,
1270 2001 1327 2040 ita
1350 2001 1421 2041 has
1441 2003 1686 2044 Tusculanas

89 2069 246 2108 Tullius
268 2068 522 2121 dialogorum
543 2069 673 2106 forma
699 2070 938 2121 composuit.
996 2070 1042 2108 In
1070 2070 1275 2123 plerisque
1302 2071 1471 2125 dialogis
1499 2074 1584 2112 suis
1613 2088 1686 2113 co-

91 2137 247 2191 piosius
271 2137 474 2189 quoddam
497 2143 537 2176 et
557 2137 722 2176 uberius
746 2145 866 2190 atque
895 2140 1029 2178 fusum
1060 2154 1185 2192 genus
1208 2148 1369 2180 secutus
1395 2149 1469 2180 est:
1501 2143 1572 2194 qui
1602 2150 1688 2182 erat

92 2220 177 2245 mos
207 2199 509 2258 ἇριστοτέλειοςε
550 2207 594 2245 in
625 2221 706 2259 quo
737 2222 866 2246 sermo
899 2209 957 2247 ita
987 2209 1219 2259 inducitur,
1256 2218 1304 2249 ut
1332 2225 1452 2264 penes
1477 2226 1605 2250 unum
1635 2213 1687 2251 sit

90 2275 360 2329 principatus.
418 2277 680 2329 Posteaquam
705 2285 985 2330 argumentum
1010 2279 1234 2330 quoddam,
1265 2280 1315 2318 de
1337 2295 1418 2332 quo
1442 2281 1686 2334 disputetur,

90 2345 348 2398 propositum
378 2352 456 2396 est,
496 2353 692 2399 perpetua
721 2347 906 2386 oratione
935 2343 1072 2403 (λόγῳ)
1104 2350 1353 2402 explicatur,
1393 2351 1542 2390 additis
1570 2351 1686 2390 simul

90 2415 242 2454 caussis
265 2422 386 2467 atque
408 2416 672 2468 argumentiS,
704 2430 779 2455 cur
804 2417 862 2456 ita
883 2418 1033 2456 sentiat
1056 2418 1111 2468 is,
1143 2419 1215 2471 qui
1239 2420 1439 2473 disputat;
1470 2427 1555 2459 turn
1586 2420 1687 2458 alter

89 2484 276 2537 procedit
295 2491 334 2524 et
358 2492 502 2524 contra
522 2485 630 2524 illius
653 2487 871 2525 sententias
894 2495 1092 2540 perpetua
1118 2489 1304 2527 oratione
1328 2489 1526 2542 disputat,
1556 2488 1687 2527 veluti

91 2554 135 2592 in
161 2554 431 2604 Academicis,
458 2555 502 2593 in
524 2555 639 2594 libris
676 2555 724 2594 de
749 2557 904 2595 Natura
930 2557 1124 2607 Deorum,
1157 2558 1206 2597 de
1227 2559 1506 2607 Divinatione,
1538 2557 1587 2596 de
1612 2559 1684 2598 Pi-

90 2623 224 2662 nibus.
281 2624 328 2663 In
348 2624 585 2663 Tusculanis
617 2631 750 2663 autem
783 2626 934 2678 partim
964 2628 1201 2667 socraticam
1226 2635 1369 2667 contra
1390 2626 1556 2666 alterius
1588 2627 1683 2680 opi-

89 2692 253 2731 nionem
277 2693 500 2732 disserendi
526 2695 859 2733 consuetudinem
871 2694 931 2748 ²),
972 2710 1073 2748 quae
1102 2698 1306 2736 subtiliter
1335 2696 1617 2748 interrogandi
1646 2704 1686 2736 et

91 2762 364 2814 respondendi
390 2762 589 2802 rationem
622 2764 680 2802 ita
711 2772 847 2804 secuta
876 2772 954 2815 est,
984 2773 1032 2805 ut
1048 2768 1177 2807 rebus
1209 2765 1373 2817 singulis
1405 2765 1605 2806 insisteret
1635 2774 1685 2818 et,

77 2830 193 2881 „quid
223 2831 392 2883 quisque
415 2832 673 2882 concederet,
712 2834 811 2885 quid
843 2835 1062 2885 abnueret,
1092 2835 1311 2886 intelligere
1338 2835 1538 2888 studeret,
1570 2844 1609 2876 et
1638 2851 1688 2876 ex

95 2899 214 2938 rebus
243 2901 439 2940 concessis
468 2902 731 2941 concluderet
764 2910 886 2956 atque
918 2904 975 2942 ita
1011 2905 1062 2942 ad
1095 2904 1246 2942 exitum
1275 2905 1526 2955 perveniret,
1555 2912 1690 2946 tenere

197 2986 230 3028 1)
255 2989 301 3022 N.
326 2990 368 3023 n.
395 2992 420 3023 1.
446 2990 479 3023 5.
536 2990 570 3034 2}
600 2992 653 3025 cf.
676 2993 810 3027 Tuscul.
838 2995 864 3027 1.
887 2992 931 3033 8,
960 2992 1002 3027 16
1017 3005 1066 3037 sq.
