1859 3149
593 70 762 104 LIBER
787 70 847 103 111.
871 67 935 111 32,
962 66 1019 103 78.
1042 66 1110 111 33,
1134 65 1191 102 79.
1610 58 1691 105 217

90 152 262 206 luctum,
307 153 379 196 sed
407 151 613 195 stultitiam
643 151 894 204 detraxeris3
942 150 1116 193 alienum
1151 155 1284 191 autem
1316 155 1471 205 tempus
1509 149 1692 193 docendi.

89 225 146 271 Et.
168 235 302 271 tamen
331 242 412 270 non
446 227 546 269 satis
580 226 674 267 mihi
697 227 857 268 videtur
878 227 1029 268 vidisse
1060 227 1134 268 hoe
1161 223 1404 278 Cleanthes,
1452 224 1600 281 suscipi
1625 226 1696 267 ali-

91 304 248 359 quando
272 302 562 359 aegritudinem
591 315 710 359 posse
745 316 799 343 ex
832 315 881 343 eo
915 301 1030 358 ipso,
1078 302 1180 357 quod
1213 314 1303 342 esse
1329 314 1524 342 summum
1551 300 1697 342 malum

92 375 311 421 Cleanthes
340 377 426 434 ipse
459 379 647 419 fateatur.
726 376 832 432 Quid
869 377 973 419 enim
1010 377 1211 429 dicemus,
1261 392 1378 432 quum
1409 374 1600 419 Socrates
1624 375 1698 418 Al-

92 453 234 496 cibiadi
252 453 545 510 persuasisset,
580 460 622 494 ut
641 452 888 509 accepimns,
924 466 1014 493 cum
1031 452 1126 493 nihil
1151 452 1320 493 hominis
1343 466 1459 504 esse,
1493 467 1568 494 nec
1590 452 1699 508 quic-

92 542 210 585 quam
234 529 341 571 inter
364 528 640 580 Alcibiadem,
684 543 838 569 summo
861 528 948 569 loco
977 534 1137 580 natum,
1173 534 1213 569 et
1233 529 1412 583 quemvis
1436 528 1610 570 baiulum
1639 528 1699 571 in-

93 610 272 657 teresse,
319 588 445 661 quum.
473 618 517 645 se
540 603 771 646 Alcibiades
796 603 1003 645 alllictaret
1028 603 1320 658 lacrimansque
1350 602 1508 645 Socrati
1531 604 1701 660 supplex

93 686 225 732 esset,
274 686 318 721 ut
337 678 412 722 sibi
434 679 621 721 virtutem
648 680 825 722 traderet
850 678 1212 735 turpitudinemque
1236 679 1480 735 depelleret,
1529 680 1618 735 quid
1643 679 1700 721 di-

93 767 252 807 cemus,
297 752 525 797 Cleanthe?
566 770 657 796 uum
694 756 733 797 in
759 755 824 796 illa
848 768 892 796 re
909 787 920 807 ,
968 768 1068 809 quae
1093 755 1343 807 aegritudine
1368 755 1617 796 Alcibiadem
1642 757 1702 797 al'-

93 828 275 881 ficicbat,
309 829 402 871 mali
424 830 520 871 nihil
545 831 697 873 fuisse?
758 837 828 873 78.
880 828 1011 884 Quid?
1043 830 1106 870 illa
1129 828 1308 887 Lyconis
1334 831 1464 886 qualia
1487 832 1606 872 sunt?
1636 830 1701 887 qui

93 904 383 960 aegritudinem
409 913 634 948 extenuans
654 907 785 963 parvis
809 906 863 947 ait
884 920 969 947 eam
994 906 1114 946 relius
1138 906 1313 957 moveri,
1349 908 1528 948 fortunae
1555 914 1594 948 ct
1615 921 1703 948 cor-

93 979 202 1036 poris
224 979 512 1042 incommodis,
559 997 638 1024 non
668 982 788 1023 animi
815 982 944 1023 malis.
1010 979 1115 1035 Quid
1142 982 1266 1037 ergo?
1307 981 1400 1023 illud
1421 1015 1432 1035 ,
1467 982 1569 1037 quod
1593 982 1703 1024 Alci-

97 1054 232 1097 biades
253 1056 437 1110 dolebat,
483 1072 564 1099 non
587 1071 638 1099 ex
661 1057 782 1100 animi
805 1057 918 1098 malis
940 1056 1128 1112 vitiisque
1153 1056 1390 1099 constabat?
1449 1057 1514 1099 Ad
1538 1057 1703 1114 Epicuri

96 1130 411 1174 consolationem
443 1133 541 1174 satis
573 1140 634 1174 est
666 1140 758 1174 ante
790 1133 953 1173 dictum.
1688 1169 1692 1177 .

207 1203 424 1249 ΧΧΧΙΠ.
466 1214 537 1250 79.
580 1207 648 1249 Ne
668 1208 730 1249 illa
756 1209 913 1264 quidem
941 1209 1164 1251 firmissima
1188 1209 1410 1250 consolatio
1444 1217 1529 1261 est,
1577 1223 1702 1265 quan·

96 1294 210 1336 quam
246 1288 287 1323 et
312 1281 457 1324 usitata
479 1290 565 1335 est,
612 1290 651 1325 et
674 1297 793 1339 saepe
822 1284 1005 1340 prodest:
1053 1298 1139 1326 non
1165 1284 1242 1326 tibi
1266 1285 1348 1327 hoc
1369 1286 1468 1327 soli.
1533 1283 1706 1327 Prodest

96 1354 195 1397 haec
219 1356 402 1412 quidem,
443 1365 487 1400 ut
507 1358 617 1410 dixi,
659 1359 729 1400 sed
752 1374 825 1401 nee
855 1374 1036 1416 semper,
1082 1374 1154 1401 ncc
1180 1360 1379 1401 omnibus.
1445 1358 1550 1402 Sunt
1580 1361 1703 1414 enim,

99 1430 166 1486 qui
182 1440 398 1488 respuant3
432 1434 502 1475 sed
522 1435 668 1486 refert,
703 1449 780 1490 quo
799 1435 914 1476 modo
935 1435 1183 1477 adhibeatur.
1249 1434 1303 1477 Ut
1320 1436 1424 1477 enim
1448 1437 1583 1478 tulerit
1599 1436 1705 1492 quis-

97 1520 173 1562 que
195 1520 358 1561 eorum,
392 1509 456 1564 qui
479 1510 682 1566 sapienter
706 1511 906 1565 tulerunt,
941 1526 1019 1553 non
1046 1526 1123 1567 quo
1147 1511 1313 1567 quisque
1334 1511 1584 1554 incommodo
1608 1513 1707 1555 affe-

96 1588 185 1624 ctus
215 1582 291 1636 sit,
339 1584 645 1640 praedicandum
676 1594 753 1628 est.
819 1584 1033 1644 Chrysippi
1067 1588 1113 1628 ad
1136 1587 1346 1628 veritatem
1369 1587 1592 1628 firmissima
1625 1594 1703 1640 est,
1733 1625 1739 1632 ,

99 1658 148 1699 ad
184 1665 339 1714 tempus
373 1660 634 1716 aegritudinis
669 1662 852 1704 difficilis.
930 1661 1123 1717 Magnum
1159 1677 1257 1719 opus
1301 1669 1362 1703 est
1395 1662 1566 1719 probare
1598 1676 1706 1704 mae-

97 1734 230 1786 renti,
263 1734 370 1776 illnm
391 1749 464 1777 suo
486 1736 632 1778 iudicio
656 1744 696 1778 et
718 1738 821 1793 quod
842 1752 886 1779 se
905 1738 958 1778 ita
981 1745 1090 1793 putet
1112 1744 1297 1793 oportere
1322 1738 1470 1790 facere,
1506 1751 1704 1779 maerere.

97 1807 300 1852 Nimirum
325 1810 447 1866 igitur
482 1818 526 1853 ut
558 1812 599 1853 in
620 1813 774 1854 caussis
807 1828 885 1854 non
913 1827 1072 1868 semper
1109 1812 1257 1853 utimur
1291 1812 1429 1853 eodem
1464 1819 1595 1865 statu,
1631 1813 1708 1867 (sic

99 1909 164 1949 „Si
185 1910 314 1950 quidem
335 1920 462 1952 porro,
497 1908 621 1949 Micio,
647 1916 683 1941 tu
707 1916 799 1941 tuum
825 1909 883 1942 of-
920 1910 984 1941 iam
1008 1909 1130 1942 stultus
1155 1917 1262 1949 esset,
1289 1909 1565 1952 demonstrante,
1591 1910 1706 1944 flevis-

100 1953 214 1986 ficium
246 1954 375 1987 facies“
405 1961 484 1989 cett.
528 1957 590 1995 Ja,
614 1966 716 1987 werin.
757 1956 811 1987 Sic
835 1968 884 1998 gr.
922 1959 994 1988 se.“
1043 1956 1186 1988 Aliunde
1212 1967 1262 1989 res
1289 1968 1355 1988 non
1384 1963 1528 1989 constat.

102 2000 198 2044 εἴῨε.
225 1999 277 2032 Cf.
292 2000 466 2033 Adnotata
486 2001 520 2032 in
547 2002 585 2032 ll.
608 2001 659 2038 17,
679 2000 735 2035 39.
748 2033 759 2041 ·
772 2002 887 2034 Omni-

100 2057 147 2079 no
170 2048 310 2087 quidem,
334 2045 394 2089 γε’,
419 2046 696 2090 inresponsione
719 2047 887 2080 creberri-

102 2103 195 2124 mum
219 2099 281 2124 cst.

174 2137 255 2170 ΟΜ).
271 2138 424 2180 XXXII.
448 2137 503 2172 77.
534 2139 779 2184 disputandum]
816 2141 888 2172 Ex-

102 2183 320 2228 spectabatur
339 2185 514 2226 disputare,
540 2192 576 2217 ut
597 2185 709 2227 paullo
729 2193 808 2218 ante
829 2189 886 2219 do-

101 2239 179 2263 cere.
217 2231 306 2262 Bene
328 2232 490 2263 Moserus:
517 2231 738 2264 Continuatur
763 2233 884 2274 oratio,

102 2275 199 2320 quasi
221 2287 283 2320 pro
308 2278 409 2309 altera
433 2276 560 2310 dictum
583 2278 626 2310 sit
650 2280 773 2311 deinde.

151 2347 157 2354 ,
172 2323 279 2365 tertia]
296 2323 321 2355 E
334 2323 561 2367 superioribus
575 2324 799 2369 supplendum
814 2332 885 2358 est:

102 2369 222 2402 docere.
258 2368 310 2400 Cf.
333 2368 377 2401 ad
400 2381 428 2402 c.
447 2370 489 2404 31
503 2395 514 2411 ‚
535 2369 600 2405 76:
625 2382 726 2404 unum
745 2374 887 2414 officium

104 2417 297 2448 consolantis
318 2419 436 2456 putent.

171 2464 346 2502 sapientem
356 2463 550 2505 consolatur]
571 2462 705 2496 dicens:
725 2466 804 2497 nihil
816 2474 887 2496 ma-

102 2508 170 2540 lum
190 2517 268 2549 esse,
289 2509 374 2549 quod
392 2512 481 2549 turpe
501 2520 564 2542 non
583 2512 644 2542 sit.-
668 2522 753 2554 quae
773 2517 886 2542 tamen

103 2552 271 2586 medicina
295 2553 360 2586 soli
381 2554 547 2598 sapienti,
573 2555 630 2600 qui
653 2556 887 2589 consolatione

103 2609 173 2632 non
195 2606 294 2644 eget,
319 2601 578 2634 accommodata
602 2614 675 2635 esse
697 2602 816 2646 possit.

172 2655 213 2678 ex
229 2656 264 2679 eo
278 2647 364 2689 ipso]
389 2646 467 2680 Scil.
488 2658 530 2679 ex
547 2648 649 2680 animi
667 2648 887 2692 turpitudine.

105 2689 196 2734 Ergo
215 2691 246 2724 si
265 2691 338 2733 cui,
374 2692 429 2736 qui
461 2693 707 2737 aegritudinem
740 2695 888 2739 suscepit

105 2746 148 2768 ex
169 2737 271 2770 animi
287 2737 518 2781 turpitudine,
545 2739 717 2773 Cleanthis
743 2741 888 2774 medici-

108 2790 188 2814 nam
208 2782 391 2817 admovere
413 2785 529 2825 voles,
555 2786 639 2819 nihil
663 2787 830 2831 proficies.

173 2837 271 2868 quum
290 2831 437 2864 socrates
453 2834 625 2875 Alcibiadi]
652 2834 828 2877 Augustin.
850 2833 889 2865 C.

108 2871 152 2904 D.
165 2872 262 2913 XIV.
281 2885 310 2914 c.
325 2875 366 2909 8:
391 2876 625 2917 „Alcibiadem
645 2879 770 2920 ferunt,
792 2879 818 2912 si
834 2891 887 2911 me

109 2915 156 2949 de
173 2919 311 2958 nomine
327 2920 472 2955 hominis
495 2924 658 2957 memoria
686 2937 756 2958 non
786 2925 887 2967 fallit,

111 2973 215 3007 quum
234 2964 299 2997 sibi
309 2965 428 3000 beatus
446 2967 629 3011 videretur,
657 2972 795 3002 Socrate
815 2970 888 3003 dis-

110 3014 275 3054 putante,
297 3017 333 3044 et
349 3011 400 3054 ei,
419 3025 520 3058 quam
536 3015 638 3048 miser
657 3023 757 3056 esset,
777 3027 885 3060 quon·

990 2004 1068 2034 nihil
1092 2004 1227 2035 hominis
1250 2004 1328 2045 esse]
1359 2003 1501 2035 Gravius
1526 2009 1562 2035 et
1587 2003 1707 2037 effica-

924 2048 993 2081 cius
1017 2060 1098 2092 pro:
1134 2049 1216 2081 nihil
1241 2050 1274 2081 in
1299 2061 1339 2081 eo
1363 2049 1492 2087 inesse,
1528 2050 1620 2093 quod
1640 2050 1705 2083 ho-

923 2095 1033 2133 mine,
1067 2095 1173 2138 qualis
1194 2094 1297 2127 debet
1319 2107 1389 2127 esse
1403 2122 1411 2135 ,
1447 2096 1586 2138 dignum
1607 2104 1707 2131 esset.

923 2143 1024 2174 Homo
1044 2137 1119 2175 κατ’
1142 2139 1262 2185 {vio-fisa
1282 2141 1416 2185 dicitur,
1443 2142 1499 2186 qni
1523 2142 1708 2186 sapientiae

922 2187 1111 2232 praeceptis
1135 2187 1282 2219 imbutus
1309 2195 1370 2220 est.

990 2244 1022 2266 se
1040 2253 1084 2258 —
1104 2236 1288 2277 ofslicluretj
1310 2236 1389 2267 Ter.
1406 2235 1489 2266 Eun.
1507 2236 1642 2275 1.1,31:
1666 2247 1708 2267 ne

921 2287 957 2312 te
979 2280 1134 2312 afflictes.
1160 2280 1240 2312 Sall.
1261 2280 1417 2320 C.31,3:
1440 2281 1596 2313 mulieres
1620 2282 1708 2313 affli-

923 2333 1014 2359 ctare
1038 2338 1130 2366 sese,
1167 2338 1284 2359 munus
1307 2326 1474 2371 supplices
1510 2327 1554 2360 ad
1577 2328 1709 2360 coelum

921 2372 1074 2405 tendere.

992 2420 1042 2452 Ad
1057 2421 1094 2451 Ε.
1110 2421 1353 2453 consolationem
1370 2430 1395 2453 s.
1413 2430 1439 2453 e.
1456 2431 1486 2452 a.
1508 2420 1642 2462 dicium]
1664 2419 1707 2453 V.

923 2465 967 2498 ad
992 2477 1019 2497 c.
1039 2464 1079 2503 9,
1107 2466 1158 2498 l>:'·.

983 2511 1062 2543 esp,
1075 2512 1244 2544 XXXIII.
1259 2510 1314 2546 79.
1331 2514 1480 2545 nimirum
1493 2512 1603 2553 igitur]
1620 2511 1663 2542 H.
1677 2522 1706 2543 e.

923 2569 1007 2602 qnae
1025 2569 1126 2601 quum
1142 2558 1191 2590 ita
1209 2558 1288 2598 sint,
1313 2560 1377 2590 noli
1396 2560 1522 2598 mirari,
1544 2556 1576 2588 in
1599 2556 1707 2599 aegri-

921 2603 1039 2636 tudine
1060 2603 1239 2645 lenienda,
1266 2615 1364 2648 quam
1390 2603 1528 2647 quisque
1555 2603 1707 2637 curatio-

921 2662 1001 2683 nem
1037 2650 1188 2694 reeipere
1224 2650 1351 2693 possit,
1401 2647 1584 2680 videndum
1620 2660 1706 2682 esse.

922 2697 964 2730 v.
990 2696 1116 2729 Adnot.
1142 2697 1175 2727 in
1197 2697 1222 2727 1.
1237 2696 1301 2735 22,
1326 2692 1382 2728 42.

979 2744 1084 2775 eodem
1099 2741 1198 2785 statu]
1215 2743 1325 2773 Status
1341 2742 1542 2784 (constitutio,
1560 2737 1705 2784 στάσις).

922 2789 1043 2830 „Quae
1059 2788 1176 2820 Cicero
1193 2786 1326 2829 (Topic.
1349 2797 1377 2817 c.
1391 2785 1461 2828 25.)
1487 2785 1531 2818 ad
1555 2787 1707 2831 explica-

921 2834 1052 2866 tionem
1074 2834 1170 2866 huius
1193 2832 1285 2863 vocis
1318 2831 1437 2871 affert,
1465 2843 1505 2864 eo
1530 2832 1603 2866 fere
1623 2833 1706 2866 red-

924 2886 1023 2920 eunt,
1047 2886 1083 2911 ut
1106 2877 1243 2910 nomine
1264 2881 1366 2910 status
1390 2878 1705 2922 comprehendatur,

923 2925 1080 2970 quicquid
1096 2924 1167 2968 quis
1188 2923 1231 2956 ad
1246 2922 1440 2956 diluendam
1457 2926 1706 2959 accusationem

922 2971 977 3004 vel
995 2968 1246 3011 infringendam
1265 2970 1468 3004 sententiam
1487 2971 1626 3006 alicuius
1648 2973 1706 3007 di-

926 3029 1001 3050 cere
1025 3015 1170 3060 possit.“
