1843 3101
154 33 239 76 306

160 126 300 166 inanes
320 137 441 165 sonos
462 122 641 172 fundere,
676 134 803 175 neque
825 120 1030 176 quicquam
1051 120 1098 161 ad
1120 134 1192 162 nos
1210 121 1426 177 pertinere,
1459 121 1536 163 nisi
1552 123 1657 177 *quod
1675 129 1743 164 aut

618 37 786 74 LIBER
811 41 850 73 V.
876 37 941 80 26,
966 38 1022 73 74.
1046 38 1102 73 75.
1128 39 1193 79 27,
1219 39 1274 74 76.

160 200 270 250 leve,
304 205 372 239 aut
389 211 569 252 asperum
590 196 627 236 in
650 209 818 250 corpore
838 195 1056 245 sentiatur3
1090 195 1179 236 huic
1202 209 1312 251 ergo,
1345 203 1390 237 ut
1409 195 1508 247 dixi,
1543 209 1621 237 non
1642 197 1742 237 mul-

159 281 238 315 tum
258 271 454 313 differenti
472 284 494 312 a
512 271 656 312 iudicio
675 271 870 320 ferarum,
905 269 1084 310 oblivisci
1105 270 1238 311 licebit
1253 271 1344 311 sui?
1381 277 1422 312 et
1436 278 1517 312 tum
1544 272 1740 311 fortunam

159 354 411 388 contemnere
427 377 438 397 ‚
472 329 589 400 iluum
612 345 664 385 sit
686 359 801 386 omne
826 352 865 385 et
885 345 1032 385 bonum
1057 344 1141 385 eius
1162 352 1201 385 et
1224 345 1367 386 malum
1386 345 1427 386 in
1445 352 1639 401 potestate
1662 346 1741 385 for-

161 430 292 471 tunae,
325 427 405 461 tuin
430 419 560 460 dicere
580 432 624 459 se
640 419 796 460 beatum
814 419 853 460 in
871 433 1022 461 summo
1041 419 1216 460 cruciatu
1233 427 1351 474 atque
1366 420 1591 470 tormemiS‚
1624 433 1740 474 quum

160 494 431 544 constituerit,
467 508 543 534 non
571 494 686 534 modo
709 507 900 535 summum
927 495 1067 535 malum
1095 508 1184 535 esse.
1207 493 1405 546 dolorem,
1437 494 1506 535 sed
1530 494 1647 535 etiam
1673 507 1740 534 so-

159 570 265 610 lum?
307 575 374 610 74.
406 567 496 609 Nec
518 582 614 608 vero
638 569 703 609 illa
727 569 800 609 sibi
826 569 998 609 remedia
1020 569 1264 624 comparavit
1289 569 1336 609 ad
1359 568 1605 610 tolerandum
1631 568 1741 608 dolo—

160 658 259 695 rem,
293 644 514 684 lirmitatem
535 643 670 693 animi,
705 644 953 698 turpitudinis
971 643 1267 693 verecundiam,
1302 642 1628 684 exercitationem
1647 656 1741 682 con—

160 718 482 772 suetudinemque
506 717 691 773 patiendi,
728 725 936 772 praecepta
962 719 1215 768 l'ortitudiniS,
1250 718 1431 758 duritiam
1456 715 1637 766 virilem3
1669 717 1739 758 sed

162 807 238 832 una
264 806 308 832 se
335 793 428 833 dicit
461 792 734 833 recordatione
769 793 1024 846 acquiescere
1060 792 1360 846 praeteritarum
1387 791 1654 846 voluptatum,
1701 797 1742 831 ut

161 867 193 907 si
212 866 299 921 quis
317 874 516 916 aestuans,
544 882 659 922 quum
681 867 758 907 vim
780 867 922 906 ‹uloris
947 881 1025 906 non
1051 867 1162 907 facile
1185 866 1370 921 patiatur,
1403 865 1606 907 recordari
1628 865 1738 916 velit,

162 954 249 982 sese
269 941 472 994 aliquando
491 941 528 980 in
542 941 724 995 Arpinati
747 947 882 980 nostro
904 940 1042 994 gelidis
1068 940 1289 980 fluminibus
1303 940 1580 981 circumfusum
1601 940 1739 980 fuisse.

161 1014 253 1056 Non
272 1014 374 1055 enim
397 1014 528 1065 video,
563 1029 638 1069 quo
661 1015 775 1055 modo
797 1015 938 1055 sedare
962 1015 1114 1069 possint
1137 1014 1238 1055 mala
1264 1013 1487 1069 praesentia
1504 1013 1743 1070 praeteritae

163 1090 397 1144 voluptates.
460 1096 528 1130 75.
566 1087 645 1130 Sed
669 1104 785 1144 quum
813 1090 846 1129 is
870 1089 997 1146 dicat,
1031 1103 1188 1144 semper
1206 1089 1367 1129 beatum·
1385 1100 1475 1129 esse
1505 1088 1739 1144 sapientem,

163 1164 223 1204 cui
247 1164 378 1204 dicere
403 1164 500 1215 lior,
545 1165 577 1204 si
602 1164 674 1204 sibi
696 1171 879 1204 constare
900 1164 1045 1214 vellet,
1081 1178 1158 1204 non
1182 1163 1342 1214 liceret3
1384 1163 1566 1217 quidnam
1595 1162 1741 1203 lacien—

161 1239 250 1279 dum
285 1245 347 1280 est
378 1238 450 1289 iis,
495 1239 558 1293 qui
582 1238 677 1279 nihil
704 1239 990 1294 expetendum,
1037 1238 1132 1278 nihil
1156 1237 1196 1278 in
1217 1238 1330 1279 bonis
1354 1238 1597 1288 ducendum,
1639 1237 1740 1292 quod

162 1313 366 1354 honestate
396 1320 551 1363 careat,
592 1312 852 1353 existimant?
895 1310 965 1353 Me
987 1313 1140 1367 quidem
1166 1320 1328 1353 auctore
1349 1312 1467 1353 etiam
1488 1310 1744 1366 Peripatetici

161 1393 397 1440 veteresque
417 1386 646 1427 Academici
664 1386 857 1427 balbutire
878 1386 1084 1442 aliquando
1108 1387 1290 1427 desinant
1320 1394 1533 1443 aperteque
1566 1394 1606 1427 et
1637 1386 1744 1426 clara

162 1474 259 1502 voce
277 1460 446 1501 audeant
471 1461 618 1512 dicere,
651 1460 803 1502 beatam
825 1461 945 1502 vitam
970 1462 1007 1501 in
1024 1459 1245 1502 Phalaridis
1265 1468 1420 1502 taurum
1442 1461 1739 1502 descensuram.

273 1532 458 1576 XXVII.
493 1541 562 1576 76.
607 1533 698 1577 Sint
721 1536 824 1576 enim
845 1536 916 1576 tria
937 1550 1082 1591 genera
1108 1536 1324 1588 bonorum,
1365 1536 1426 1591 (ut
1445 1535 1521 1576 iam
1548 1549 1570 1576 a
1592 1535 1742 1590 laqueis

163 1606 413 1660 Stoicorum,
448 1609 586 1664 quibus
613 1624 724 1650 usum
749 1624 810 1650 me
839 1611 1037 1666 pluribus,
1071 1626 1182 1666 quam
1209 1610 1343 1662 solco,
1387 1610 1590 1664 intelligo,
1631 1623 1744 1650 rece-

162 1684 298 1724 damus
313 1684 345 1735 ,)
387 1683 465 1724 sint
485 1698 582 1726 sane
603 1684 665 1725 illa
687 1698 835 1740 genera
862 1684 1051 1726 bonorum
1066 1716 1078 1736 ,
1124 1686 1214 1726 dum
1236 1683 1412 1740 corporis
1432 1691 1472 1725 et
1494 1691 1663 1726 externa
1685 1684 1742 1725 ia-

227 1812 336 1842 inanes
363 1819 454 1842 sonos
475 1811 620 1853 fundere]
658 1809 751 1844 Κενὰ
778 1810 932 1854 ῳξῑέγγε-

164 1855 255 1889 σὲῖαι.
294 1857 401 1899 Supra
422 1856 479 1887 ΙΙΙ.
502 1856 561 1895 Ῐῦ,
582 1854 636 1888 42.
679 1856 838 1888 Similiter
861 1857 930 1888 Fin.

163 1902 204 1933 ll.
227 1902 284 1939 15),
304 1900 358 1934 (μ.
383 1901 418 1932 in
440 1901 555 1933 eadem
580 1913 633 1933 re:
670 1901 716 1933 ait
742 1902 930 1946 (Epicurus)

163 1957 220 1978 eos
252 1948 342 1978 inam·
363 1956 435 1979 voce
463 1957 574 1980 sonare
596 1967 641 1971 —
664 1959 771 1991 neque
804 1947 930 1980 intelli—

163 2002 252 2034 gere,
276 2003 382 2035 neque
400 1992 524 2032 videre,
541 1993 601 2025 sub
623 1993 709 2025 hanc
729 2005 846 2027 vocem
865 1993 933 2026 ho—

163 2036 298 2068 nestatis
331 2049 415 2080 quae
444 2038 489 2070 sit
515 2038 721 2071 subiicienda
753 2039 931 2071 sententia.

167 2081 220 2114 Cf.
244 2081 400 2114 Academ.
423 2084 465 2115 11.
479 2084 545 2126 23,
570 2084 633 2118 73:
658 2092 693 2117 at
716 2085 796 2117 mihi
823 2085 933 2129 <vide-

165 2134 219 2160 tur
237 2127 469 2170 Empedocles)
494 2129 720 2173 dignissimum
743 2132 840 2163 rebus
870 2131 931 2171 his,

165 2173 208 2205 de
230 2172 346 2217 quibus
370 2173 535 2217 loquitur,
557 2186 669 2208 sonum
691 2179 832 2217 sundere.

231 2220 275 2251 ad
287 2229 344 2251 nos
354 2219 519 2263 pertinere]
546 2232 652 2264 neque
673 2222 848 2266 quicquam
866 2222 933 2255 ho-

164 2263 270 2296 mines
304 2263 460 2304 afficere,
492 2266 556 2297 nisi
583 2267 674 2310 quod
694 2275 751 2300 aut
775 2269 848 2300 leve
875 2275 932 2301 aut

163 2321 317 2353 asperum
339 2309 373 2341 in
391 2321 532 2353 corpore
563 2312 744 2353 sentiatur,
767 2314 800 2346 h.
817 2326 845 2347 e.
870 2314 932 2346 nisi

153 2355 256 2400 quod
279 2355 427 2387 sensibus
451 2355 662 2399 percipiatur.

233 2403 305 2434 huic
332 2411 395 2433 non
423 2403 558 2434 multum
591 2404 746 2443 differenti
771 2415 791 2436 a
815 2407 933 2438 iudicio

165 2446 320 2490 ferarum]
347 2447 388 2478 H.
402 2458 430 2478 e.
453 2446 550 2485 huic,
574 2450 663 2480 cuius
685 2451 839 2481 iudicium
864 2462 931 2482 non

164 2492 305 2524 multum
327 2491 442 2524 differt
462 2504 480 2524 a
500 2494 618 2526 iudicio
630 2495 779 2534 ferarum.
803 2495 870 2527 Cic.
890 2496 932 2527 de

169 2537 234 2569 Off.
253 2539 293 2570 11.
315 2538 354 2578 7,
375 2537 437 2571 25:
464 2537 633 2577 Phalaris,
660 2538 749 2570 cuius
772 2546 822 2570 est
839 2551 932 2580 prae-

168 2587 213 2616 ter
233 2588 347 2616 ceteros
367 2583 544 2616 nobilitata
566 2583 742 2616 crudelitas
759 2584 781 2616 i.
792 2597 820 2616 e.
839 2597 932 2628 prae-

165 2635 219 2661 ter
240 2636 426 2662 ceterorum
448 2629 687 2662 crudelitatem.
745 2631 782 2662 V.
806 2642 867 2662 nos
890 2630 933 2663 ad

167 2675 191 2706 Ι.
214 2674 251 2714 1,
274 2675 306 2707 2.

231 2717 286 2753 74.
321 2722 534 2754 recordatione
560 2725 695 2763 praeter.
717 2723 928 2765 voluptatum]

167 2764 220 2797 Cf.
239 2766 296 2797 III.
320 2766 380 2805 15,
400 2765 456 2800 33.
481 2768 522 2800 V.
541 2766 606 2806 31,
626 2768 680 2800 ὃὸ.
721 2766 864 2799 Uberius
887 2768 929 2800 de

165 2809 227 2844 hac
243 2810 375 2854 Epicuri
394 2812 559 2845 sententia
581 2812 729 2856 disputat
750 2812 865 2845 Cicero
885 2813 927 2846 de

165 2855 300 2888 Finibus
322 2858 372 2893 ΙΙ,
392 2857 447 2891 30.
485 2858 537 2890 Cf.
563 2858 658 2902 Diog.
678 2859 718 2891 L.
735 2858 789 2899 X,
809 2858 863 2892 22.

229 2904 374 2941 Arpinati
394 2904 513 2948 nostro]
538 2904 615 2936 Scil.
640 2904 756 2937 fundo.

227 2947 390 2990 balbutire]
414 2950 573 2982 Balbutire
589 2952 686 2992 (nicht
699 2952 782 2983 recht
798 2953 853 2983 mit
870 2952 925 2982 der

967 1812 1106 1851 Sprache
1128 1812 1244 1843 heraus
1265 1812 1386 1850 wolteri,
1411 1808 1536 1847 Wolf.)
1567 1809 1742 1852 eleganter

970 1857 1125 1888 dicuntur
1147 1855 1361 1900 Peripatetici
1394 1862 1589 1899 veteresque
1611 1854 1743 1887 Acade-

967 1903 1061 1939 mici,
1099 1902 1175 1946 quia
1210 1902 1340 1934 beatam
1375 1900 1508 1944 quidem
1544 1900 1645 1933 vitam
1673 1912 1739 1933 una

968 1948 1091 1980 virtute
1112 1947 1230 1980 confici
1251 1948 1419 1986 dicebant,
1442 1945 1503 1979 sed
1517 1946 1739 1979 beatissimam

967 1993 1091 2026 virtute
1127 2001 1159 2026 et
1190 1994 1339 2038 corporis
1375 1992 1598 2036 fortunaeque
1631 1991 1740 2026 bonis.
1802 2001 1808 2013 ¹

967 2040 1057 2071 Bene
1082 2042 1242 2073 Ernestius
1265 2039 1300 2072 in
1325 2039 1416 2071 Clav.
1441 2041 1592 2071 balbutire
1620 2037 1663 2070 de
1688 2037 1740 2078 iis,

967 2085 1021 2128 qui
1055 2085 1134 2117 satis
1167 2085 1271 2124 olare,
1309 2096 1392 2129 quae
1424 2083 1593 2124 sentiunt,
1628 2083 1740 2116 dicere

966 2131 1095 2163 nolunt.

1034 2178 1269 2218 descensuram]
1291 2175 1484 2208 Sententia:
1508 2174 1634 2216 dicant,
1654 2175 1739 2208 bea-

967 2230 1034 2255 tam
1056 2223 1158 2254 vitam
1178 2222 1219 2254 ab
1244 2233 1307 2254 una
1331 2221 1451 2254 virtute
1473 2221 1640 2264 pendere',
1676 2232 1740 2253 nee

967 2269 1141 2313 quicquam
1165 2267 1288 2300 malurn
1310 2278 1402 2308 esse,
1427 2266 1491 2300 nisi
1511 2267 1604 2312 quod
1627 2267 1737 2299 hone-

966 2321 1054 2347 state
1080 2320 1202 2346 careat.

1038 2360 1116 2391 cip,
1129 2360 1275 2392 XXVII.
1301 2358 1355 2393 76.
1394 2358 1529 2403 laqueis]
1563 2358 1738 2391 fallacibus

967 2405 1253 2438 conclusiunculis.
1290 2407 1428 2438 Moserus
1459 2415 1567 2448 comp.
1591 2404 1633 2436 de
1653 2405 1737 2436 Fato

965 2449 997 2483 4.
1017 2451 1058 2482 de
1073 2453 1127 2483 Or.
1142 2452 1166 2483 l.
1182 2454 1231 2489 lo,
1246 2449 1307 2483 45:
1334 2450 1438 2483 Stoici
1451 2461 1530 2482 vero
1546 2449 1652 2481 nostri
1665 2449 1738 2481 dis-

965 2497 1174 2539 putationum
1206 2506 1337 2528 suarum
1371 2503 1472 2540 atque
1494 2494 1737 2537 interrogatio-

964 2553 1042 2573 num
1077 2542 1204 2585 laqueis
1236 2549 1270 2573 te
1302 2541 1470 2573 irretitum
1497 2547 1663 2572 tenerent.
1689 2561 1736 2565 —-

967 2587 1070 2618 Stoici
1086 2587 1174 2619 enim
1189 2587 1356 2627 dicebant,
1381 2585 1532 2629 corporis
1549 2592 1583 2617 et
1599 2592 1736 2619 externa

966 2631 1054 2664 bona
1074 2644 1142 2665 non
1163 2633 1251 2664 bona
1274 2643 1364 2672 esse,
1400 2631 1460 2664 sed
1480 2637 1611 2663 tantum
1638 2643 1735 2664 com-

964 2677 1081 2714 moda,
1117 2684 1151 2709 et
1172 2677 1250 2710 ideo
1274 2677 1417 2721 sapienti
1439 2687 1507 2708 non
1533 2677 1732 2720 expetenda,

962 2722 1122 2754 sumenda
1153 2725 1340 2766 (prodacta,
1371 2720 1583 2765 προηγμένα)
1609 2730 1732 2755 tamen.

962 2769 1002 2801 V.
1023 2767 1193 2800 Adnotata
1217 2769 1251 2800 in
1275 2779 1303 2800 c.
1325 2766 1386 2808 16,
1410 2766 1464 2801 47.

1029 2817 1063 2846 ut
1096 2813 1148 2856 ea]
1183 2814 1352 2856 Fuerunt,
1388 2813 1444 2857 qui
1473 2807 1670 2856 particulam
1698 2818 1732 2847 ut
1794 2839 1797 2845 .

961 2858 1137 2891 delendam
1159 2865 1354 2898 censerent3
1389 2865 1424 2891 at
1449 2858 1618 2892 audiamus
1640 2861 1730 2892 Han-

959 2907 1048 2938 dium
1077 2904 1119 2938 ad
1147 2905 1334 2948 Wopkens.
1354 2905 1464 2938 Lectt.
1484 2916 1516 2949 p.
1538 2904 1613 2938 152.
1625 2929 1636 2944 ‚
1673 2904 1730 2949 qui

958 2950 1001 2983 de
1023 2950 1056 2983 h.
1073 2950 1095 2983 l.
1119 2951 1252 2995 scripsit
1272 2951 1340 2985 sic:
1379 2950 1465 2984 Mihi
1487 2949 1623 2995 quidem
1644 2950 1730 2983 haec
