1843 3085
219 65 300 109 112

214 155 303 197 finis
335 168 423 196 esse
453 153 580 195 nullus
616 158 758 207 potest.

798 72 965 105 muna
989 73 1015 107 1.
1038 71 1100 114 42,
1127 70 1201 105 101.

820 148 899 192 Sed
933 151 1020 204 quid
1050 165 1123 206 ego
1148 149 1353 192 Socratem
1380 157 1447 191 ant
1469 149 1776 200 Theramenem,

212 235 457 285 praestantes
479 228 586 269 viros
604 226 759 266 virtutis
779 231 818 265 et
836 224 1047 279 sapientiae
1067 225 1204 279 gloria,
1231 224 1524 265 commemoro?
1562 238 1678 278 quum
1698 222 1781 264 La·
1819 258 1824 264 .

216 301 491 343 cedaemonius
521 300 671 353 quidam
690 330 701 348 ,
747 298 856 339 cuius
877 312 925 338 ne
948 312 1089 339 nomen
1111 299 1264 352 quidem
1293 298 1484 353 proditum
1507 304 1581 349 est,
1614 303 1780 338 mortem

214 382 321 416 tanto
343 388 460 429 opere
490 372 794 427 contempserit,
838 379 902 422 ut,
947 386 1061 426 quum
1088 372 1135 411 ad
1163 385 1248 411 eam
1276 371 1483 411 duceretur
1505 371 1708 411 damnatus
1732 370 1780 410 ab

213 448 384 504 Ephoris
406 454 443 487 et
460 454 566 487 esset
579 444 688 487 vultu
704 445 815 485 hilari
835 451 948 499 atque
964 445 1082 496 laeto,
1102 444 1345 498 dixissetque
1361 444 1397 484 ei
1410 444 1562 498 quidam
1577 443 1777 484 inimicus:

221 521 517 562 communesne
538 520 652 574 {eyes
664 518 883 573 Lycuryi?
912 518 1156 573 responderit
1176 535 1184 557 :
1221 517 1314 571 1390
1332 529 1438 558 vero
1460 517 1527 558 illi
1551 517 1780 558 maximam

208 596 400 650 qratiam
421 593 572 644 liabeo,
597 594 667 648 qui
684 606 748 633 me
765 606 816 633 ea
832 605 976 646 poena
991 592 1254 642 multaverit,
1272 604 1396 645 quam
1414 591 1506 632 sine
1521 591 1782 631 mutuatione

213 673 256 710 et
283 669 373 710 sine
397 680 582 709 versura
610 680 781 721 possem
806 665 1057 707 dissolvere.
1131 662 1166 705 Ο
1191 665 1319 705 virum
1343 663 1485 720 Sparta
1514 663 1695 718 dignum!
1739 670 1782 704 ut

214 742 307 783 mihi
330 742 498 797 quidem,
525 725 588 794 qui
611 747 685 780 tam
709 754 849 794 magno
872 739 1001 779 animo
1023 738 1156 789 suerit7
1180 738 1368 778 innocens
1390 738 1594 778 damnatus
1614 751 1702 778 esse
1721 736 1782 777 vi-

424 821 518 855 101.
546 813 668 854 Tales
690 812 992 854 innumerabiles
1008 819 1142 852 nostra
1158 811 1295 852 civitas
1313 811 1412 851 tulit.
1462 808 1542 852 Sed
1558 810 1647 865 quid
1663 810 1782 850 duces

213 815 365 856 deatur.

214 896 255 929 et
283 888 476 944 principes
502 888 722 939 nominem,
767 901 881 940 quum
905 885 1081 939 legiones
1114 885 1260 925 scribat
1283 882 1384 926 Cato
1415 898 1533 939 saepe
1560 884 1710 924 alacres
1741 883 1781 923 in
1838 883 1841 905 ²

214 976 301 1003 eum
316 963 441 1003 locum
461 963 673 1016 profectas,
698 960 799 1000 unde
817 960 1009 1000 redituras
1034 972 1078 998 se
1101 972 1177 998 non
1198 958 1508 998 arbitrarentur?
1536 955 1630 997 Pari
1652 956 1781 998 animo

212 1034 516 1077 Lacedaemonii
538 1035 578 1075 in
603 1032 880 1088 Thermopylis
906 1031 1158 1083 occiderunt,
1191 1031 1231 1071 in
1251 1045 1348 1086 quos
1369 1029 1619 1072 Simonides:

417 1111 508 1157 Die,
544 1111 674 1161 hospes
687 1139 698 1156 ,
733 1110 896 1159 Spartae
909 1136 919 1154 ‚
953 1120 1020 1144 nos
1044 1113 1078 1144 te
1096 1107 1157 1143 hic
1178 1108 1312 1144 vidisse
1332 1108 1508 1154 iacentes,

487 1185 585 1222 Dum
615 1184 757 1220 sanclis
781 1183 933 1232 patriae
964 1179 1109 1229 legibus
1138 1180 1386 1230 obsequimur.

215 1255 319 1311 Quid
350 1255 415 1297 ille
450 1255 531 1296 dux
551 1253 751 1295 Leonidas
781 1253 902 1294 dicit?
949 1252 1126 1306 Peryz‘le
1147 1253 1288 1292 auimo
1305 1250 1446 1306 sorti,
1485 1251 1781 1293 Lacedaemo-

284 1342 355 1381 finis
389 1350 451 1372 esse
485 1341 589 1371 nullus
618 1340 729 1380 polest]
766 1337 842 1368 Scil.
876 1339 983 1368 vnorlis

213 1388 355 1417 miserae.
401 1387 485 1416 Mors
516 1387 630 1415 misera
661 1390 709 1414 est
737 1382 835 1414 miser
864 1388 981 1421 status,

215 1429 251 1462 in
271 1441 335 1472 quo
351 1429 473 1461 mortui
492 1436 673 1459 versantur
709 1429 749 1460 V.
768 1427 810 1458 ad
832 1438 858 1458 c.
879 1429 910 1464 ὅ,
931 1426 980 1458 15.

285 1477 347 1506 Sed
377 1475 466 1515 quid]
513 1475 581 1505 Iam
622 1479 802 1516 sequuntur
834 1471 983 1514 exempla

215 1519 321 1552 minus
345 1519 492 1550 illustiia.

284 1568 372 1596 cuius
385 1574 421 1596 ne
437 1574 547 1596 nomen
559 1565 682 1604 quidem
694 1564 866 1605 proditum]
887 1561 982 1605 Apud

217 1609 383 1641 Plutarch.
419 1609 663 1651 Apophthegm.
693 1610 815 1640 Lacon
853 1620 884 1650 p.
903 1607 979 1639 ⁴¹0¹).

217 1655 259 1687 ’.Γ
284 1653 707 1696 V111.ed.Hutt.p.n>2'5.
732 1653 904 1696 p-570sq.
929 1651 980 1683 ed.

214 1699 392 1742 VVyttenb
418 1699 507 1742 Lips.
538 1706 676 1730 vocitur
697 1701 922 1737 Theclumenes,
947 1704 980 1728 ct

217 1744 352 1776 omnino
375 1755 424 1775 ies
446 1743 556 1787 paullo
579 1743 674 1775 aliter
695 1750 855 1775 narratur.

283 1800 320 1822 ea
339 1800 440 1830 poena
463 1799 557 1830 quam
576 1791 640 1820 sine
662 1790 852 1820 mutuatione
871 1791 896 1818 et
917 1789 981 1819 sine

214 1844 346 1866 versura
373 1845 492 1875 possem
515 1835 695 1875 dissolvere]
721 1834 763 1864 H.
786 1844 812 1864 e.
837 1844 873 1863 ea
894 1843 980 1875 poe—

218 1890 282 1917 na,
318 1891 414 1922 quam
456 1879 636 1910 dissolvere
673 1889 804 1920 possem
837 1877 905 1917 ita,
946 1883 981 1908 ut

219 1923 351 1955 aliunde
375 1923 453 1955 mihi
476 1936 542 1955 non
566 1923 760 1955 sumendum
783 1929 890 1962 esset,
915 1933 980 1965 quo

218 1979 291 1999 eam
325 1968 551 2000 dissolverem.
611 1971 762 2000 Mutuatio
799 1967 886 1999 euim
920 1973 980 2006 est,

219 2024 319 2055 quum
339 2013 510 2056 pecuniam
533 2013 664 2044 aliunde
686 2025 793 2044 sumas
814 2012 979 2055 gratuit03

216 2068 366 2098 versura,
400 2069 497 2100 quum
520 2057 692 2100 pecuniam
723 2057 853 2089 aliunde
873 2069 980 2089 sumas

217 2104 330 2142 fenore.
383 2103 422 2133 V.
446 2105 578 2134 Ernesliz
605 2102 693 2133 Clav.
723 2102 871 2134 Ciceron.
892 2103 926 2134 h.
948 2114 979 2133 v.

216 2147 268 2179 De
287 2147 485 2199 imperfecto
507 2157 629 2186 possem
651 2159 681 2179 v.
707 2146 749 2178 ad
773 2159 800 2179 c.
823 2145 862 2186 4,

289 2192 362 2225 101.
384 2193 553 2232 principes]
582 2192 620 2222 V
644 2191 685 2223 ad
711 2192 819 2230 c.15,
842 2188 895 2224 34.

287 2238 378 2278 Calo]
405 2236 480 2267 Scil.
503 2236 536 2267 in
556 2235 750 2278 Om'ginibus.
792 2237 873 2268 Cato
895 2236 982 2268 enim

217 2281 306 2325 apud
327 2281 473 2313 Ciceron.
497 2280 538 2312 de
562 2282 690 2314 Senect
718 2293 746 2315 c
764 2282 825 2313 2οῑ
855 2282 980 2313 Recor—

219 2326 452 2378 donin-quit,
476 2324 690 2367 ——legiones
718 2333 844 2357 nostras
878 2326 981 2369 (quod

217 2371 332 2415 scripsi
349 2371 382 2403 in
396 2370 622 2413 Originibus}
614 2382 645 2402 ln
661 2383 735 2402 eum
754 2383 853 2414 saepe
872 2371 982 2403 locum

217 2417 387 2461 profectas
412 2415 509 2448 alacri
533 2414 641 2447 animo
667 2422 700 2447 et
722 2423 855 2455 erecto,
894 2416 981 2448 unde

217 2473 254 2494 se
275 2473 441 2505 nunquam
462 2459 585 2492 reditui
589 2472 622 2491 as
646 2460 891 2492 arbitrarentur.

284 2510 317 2539 in
336 2517 411 2548 quos
428 2506 618 2547 Simonides]
645 2505 781 2547 Legitur
801 2505 889 2548 apud
908 2506 980 2537 He-

217 2551 329 2584 rodot.
355 2551 549 2593 V11,22z5:

260 2590 311 2630 Ὠ
347 2593 424 2637 ξεῖν’
435 2620 445 2636 ,
491 2593 659 2638 ἀγγέλλειν
693 2593 980 2637 Λακεδαιμονίοις,

310 2685 469 2729 Kaineiton
485 2688 554 2724 τοῖς
573 2683 689 2719 κείνων
708 2635 979 2727 ῥηξζέπιτᾨτῗιεῧό-

285 2777 362 2808 dum
384 2795 428 2801 —
452 2776 659 2816 obsequimur]
688 2739 882 2805 Οοηίμιιῖἒῖιιῖο
905 2774 981 2804 dum

221 2821 408 2862 (wiihrend,
432 2820 554 2859 indem,
578 2819 722 2859 indess),
740 2817 801 2849 etsi
824 2817 977 2849 enuntia-

218 2865 318 2896 tionis
360 2865 534 2909 primariae
574 2863 798 2914 praedicatum
828 2868 978 2905 tempore

218 2910 399 2950 praeterito
431 2921 619 2953 expressum
650 2915 718 2950 est,
758 2906 848 2949 iungi
881 2906 978 2947 solet,

219 2952 308 2995 apud
320 2958 436 2996 poetas
450 2955 524 2988 vel
516 2967 550 2987 m
570 2953 721 2987 oratione
738 2952 880 2996 obliqua,
904 2963 978 2984 cum

1017 1335 1197 1367 indicativo
1230 1336 1435 1379 praesentis,
1469 1348 1534 1379 quo
1566 1336 1672 1369 oratio
1694 1335 1781 1369 vivi-

1018 1380 1092 1412 dior
1118 1381 1299 1420 efficiatur,
1336 1393 1434 1424 quum
1458 1381 1678 1425 significatur,
1713 1393 1781 1413 non

1016 1432 1124 1457 totum
1147 1432 1287 1469 tempus,
1313 1438 1373 1470 per
1394 1406 1508 1470 quode
1503 1438 1554 1458 res
1575 1426 1779 1458 enuntiatio-

1017 1483 1059 1502 ne
1081 1470 1235 1513 primaria
1256 1471 1437 1514 significata
1459 1478 1549 1510 erat,
1573 1471 1632 1503 sed
1652 1478 1782 1515 partem

1018 1523 1145 1547 tantum
1170 1516 1236 1547 eius
1259 1516 1505 1560 comprehendi.

1017 1561 1183 1603 utxiusque
1204 1561 1437 1594 enuntiationis
1451 1562 1674 1605 praedicatum
1692 1562 1780 1593 idem

1016 1607 1174 1648 temporis
1200 1607 1341 1648 spatium
1366 1607 1528 1650 complet.
1563 1610 1639 1640 dum
1663 1619 1690 1639 c.
1712 1607 1779 1638 im—

1014 1652 1099 1694 perf.
1126 1651 1281 1693 iungitur.
1327 1652 1413 1684 Hinc
1446 1652 1557 1695 paullo
1590 1658 1668 1695 post
1689 1658 1780 1684 recte

1015 1696 1153 1728 dicitur:
1180 1697 1242 1728 fuit
1264 1697 1346 1728 haec
1365 1709 1444 1739 gens
1469 1697 1585 1736 fortis,
1609 1699 1686 1729 dum
1705 1698 1779 1740 Ly-

1015 1741 1104 1784 curgi
1144 1740 1232 1818 legLes
1272 1744 1415 1782 vt'9ebant
1453 1743 1533 1786 (non
1563 1743 1692 1785 viyenl).
1738 1743 1778 1774 V.

1013 1788 1150 1819 Kilhner.

1017 1831 1068 1863 ed.
1085 1833 1116 1863 2.

1081 1879 1150 1909 Per
1142 1879 1202 1917 Jue
1225 1879 1329 1908 animo
1353 1878 1439 1919 forti]
1481 1877 1517 1908 In
1540 1875 1664 1919 graecis
1691 1875 1778 1952 lscri-

1015 1921 1176 1964 ptoribus‚
1201 1921 1270 1974 qui
1276 1921 1414 1953 eandem
1434 1933 1504 1953 rem
1524 1927 1667 1960 narrant,
1691 1920 1777 1964 legi·-

1015 1973 1069 1998 tui
1092 1966 1226 1998 verbum
1249 1963 1437 2009 dotet-ertone
1441 1967 1534 2000 io‘sou
1551 1973 1608 1998 aut
1626 1962 1682 2007 ἄρ.
1685 1966 1779 2011 στᾷν.

1017 2011 1102 2043 Hinc
1125 2011 1337 2049 exstiterunt,
1373 2011 1427 2054 qui
1446 2011 1610 2050 dicerent,
1637 2000 1775 2043 Cicer'o—

1018 2068 1092 2088 nem
1115 2056 1147 2087 in
1171 2056 1342 2088 reddendo
1365 2068 1484 2099 graeco
1510 2056 1610 2088 verbo
1640 2053 1778 2099 ἄριστο-

1015 2102 1183 2135 masmim
1203 2101 1255 2133 vel
1277 2098 1417 2146 οἷοιστᾷν
1438 2101 1565 2144 lapsum
1585 2112 1676 2137 esse3
1701 2112 1777 2132 nam

1016 2158 1114 2198 quum
1142 2147 1278 2178 verbum
1303 2133 1593 2202 οἷριότοποιεῖσῧαι
1621 2145 1675 2178 vel
1699 2142 1775 2188 οἷρι-

1018 2191 1097 2234 στᾷ.)
1118 2191 1276 2233 originem
1298 2191 1398 2223 ducat
1421 2203 1440 2223 a
1461 2204 1491 2224 v.
1513 2187 1657 2234 ἄριστον,
1686 2190 1776 2234 quod

1017 2242 1051 2267 et
1068 2239 1259 2275 prandium,
1284 2242 1317 2266 et
1337 2239 1486 2276 optimum
1504 2236 1556 2268 vel
1575 2238 1778 2277 fortissimum

1015 2280 1199 2322 significat,
1233 2280 1377 2313 Tullium
1407 2282 1626 2323 posteriorem
1648 2280 1777 2323 signifi-

1017 2325 1180 2357 cationem
1200 2331 1325 2357 temere
1343 2325 1490 2368 elegisse.
1521 2327 1678 2368 Magnum
1697 2336 1776 2357 sane

1016 2382 1054 2402 ac
1076 2370 1233 2412 puerilem
1264 2370 1426 2402 errorem!
1461 2370 1495 2402 in
1518 2381 1614 2414 quem
1639 2369 1776 2402 Cicero-

1015 2427 1089 2447 nem
1106 2440 1114 2453 ,
1163 2422 1196 2447 et
1230 2415 1336 2458 ipsum
1380 2427 1496 2458 graece
1536 2414 1776 2456 doctissimum,

1016 2467 1050 2491 et
1075 2460 1288 2503 complurium
1311 2461 1512 2492 Graecorum
1540 2459 1776 2492 consuetudine

1015 2516 1128 2544 usum,
1153 2517 1251 2548 quum
1271 2505 1464 2548 praesertim
1486 2505 1552 2537 hoc
1575 2505 1776 2538 Graecorum

1015 2550 1260 2592 apophthegma
1306 2549 1564 2593 vulgatissimum
1611 2555 1697 2582 esset
1741 2555 1776 2581 et

1014 2594 1164 2626 omnibus
1180 2594 1287 2626 doctis
1304 2595 1519 2632 notissimum,
1541 2594 1688 2627 incidere
1706 2605 1774 2637 po-

1013 2639 1135 2677 tuisse,
1171 2639 1322 2682 equidem
1356 2639 1436 2670 mihi
1469 2639 1667 2681 persuadere
1705 2650 1774 2671 non

1014 2694 1157 2726 possum.
1204 2683 1286 2722 Alii,
1314 2683 1504 2715 Ciceronem
1529 2694 1547 2714 a
1569 2683 1664 2726 culpa
1685 2682 1773 2715 libe—

1014 2727 1126 2764 ratum,
1149 2727 1298 2759 librarios
1315 2727 1435 2759 erroris
1456 2727 1654 2760 insimulant.
1687 2727 1775 2760 Hinc

1013 2772 1122 2815 plures
1143 2779 1259 2803 enatae
1277 2778 1353 2803 sunt
1372 2771 1591 2805 coniecturae.
1621 2775 1775 2805 Bentleius

1012 2817 1121 2849 locum
1145 2816 1191 2848 sic
1213 2816 1420 2848 scribendum
1453 2823 1582 2849 censet:
1620 2819 1703 2857 Quid
1723 2819 1778 2850 ille

1012 2864 1078 2893 dux
1108 2863 1291 2894 Leonidas?
1328 2863 1502 2902 Prandete,
1537 2864 1602 2902 aiz,
1636 2873 1653 2894 ο
1682 2863 1774 2903 fortes

1010 2908 1271 2938 Lacedaemonii.-
1294 2908 1382 2939 hodie
1403 2908 1490 2947 apud
1507 2909 1624 2948 Inseros
1643 2908 1774 2948 fortasse

1010 2954 1227 2991 mutabimus,
1258 2951 1331 2992 vel,
1363 2953 1597 2993 prandeamus,
1631 2961 1650 2984 ο
1679 2953 1772 2992 fortes

1542 1518 1649 1557 Quum
1671 1523 1781 1549 autem
1809 1531 1813 1538 ⁴

1214 1787 1306 1818 ..Gr
1341 1786 1459 1830 §.152
1493 1788 1617 1821 Not.1.
1640 1799 1675 1831 p.
1697 1783 1775 1820 411.
