<?xml version="1.0" encoding="UTF-8"?>
<!DOCTYPE html PUBLIC "-//W3C//DTD XHTML 1.0 Transitional//EN"
    "http://www.w3.org/TR/xhtml1/DTD/xhtml1-transitional.dtd">
<html xmlns="http://www.w3.org/1999/xhtml" xml:lang="en" lang="en">
 <head>
  <title>
</title>
<meta http-equiv="Content-Type" content="text/html;charset=utf-8" />
  <meta name='ocr-system' content='tesseract 3.04.00' />
  <meta name='ocr-capabilities' content='ocr_page ocr_carea ocr_par ocr_line ocrx_word'/>
</head>
<body>
  <div class='ocr_page' id='page_1' title='image "./tusculanarumdi00ciceuoft_0286.png"; bbox 0 0 1843 3101; ppageno 0'>
   <div class='ocr_carea' id='block_1_1' title="bbox 180 34 1199 107">
    <p class='ocr_par' dir='ltr' id='par_1_1' title="bbox 180 34 1199 107">
     <span class='ocr_line' id='line_1_1' title="bbox 180 34 1199 107; baseline -0.01 0"><span class='ocrx_word' id='word_1_1' title='bbox 180 62 264 107; x_wconf 73' lang='lat' dir='ltr'><strong>27ss</strong></span> <span class='ocrx_word' id='word_1_2' title='bbox 740 34 909 101; x_wconf 62' lang='lat' dir='ltr'><strong>mix-12:11</strong></span> <span class='ocrx_word' id='word_1_3' title='bbox 929 65 971 101; x_wconf 89' lang='lat' dir='ltr'><strong>v.</strong></span> <span class='ocrx_word' id='word_1_4' title='bbox 995 65 1036 107; x_wconf 85' lang='lat'><strong>5,</strong></span> <span class='ocrx_word' id='word_1_5' title='bbox 1063 63 1118 98; x_wconf 81' lang='lat'><strong>12.</strong></span> <span class='ocrx_word' id='word_1_6' title='bbox 1144 62 1199 98; x_wconf 86' lang='lat'><strong>13.</strong></span> 
     </span>
    </p>
   </div>
   <div class='ocr_carea' id='block_1_2' title="bbox 770 139 1761 273">
    <p class='ocr_par' dir='ltr' id='par_1_2' title="bbox 770 139 1761 273">
     <span class='ocr_line' id='line_1_2' title="bbox 770 139 1761 201; baseline -0.005 -13"><span class='ocrx_word' id='word_1_7' title='bbox 770 147 935 188; x_wconf 80' lang='lat' dir='ltr'><strong>fecimus</strong></span> <span class='ocrx_word' id='word_1_8' title='bbox 960 152 1001 187; x_wconf 88' lang='lat' dir='ltr'><strong>et</strong></span> <span class='ocrx_word' id='word_1_9' title='bbox 1027 145 1123 187; x_wconf 86' lang='lat' dir='ltr'><strong>alias</strong></span> <span class='ocrx_word' id='word_1_10' title='bbox 1149 157 1268 201; x_wconf 81' lang='lat' dir='ltr'><strong>saepe</strong></span> <span class='ocrx_word' id='word_1_11' title='bbox 1283 176 1295 198; x_wconf 93' lang='lat'><strong>,</strong></span> <span class='ocrx_word' id='word_1_12' title='bbox 1328 149 1370 184; x_wconf 87' lang='lat' dir='ltr'><strong>et</strong></span> <span class='ocrx_word' id='word_1_13' title='bbox 1392 154 1518 199; x_wconf 84' lang='lat' dir='ltr'>nuper</span> <span class='ocrx_word' id='word_1_14' title='bbox 1539 141 1581 184; x_wconf 88' lang='lat' dir='ltr'><strong>in</strong></span> <span class='ocrx_word' id='word_1_15' title='bbox 1604 139 1761 184; x_wconf 89' lang='lat' dir='ltr'><strong>Tuscu-</strong></span> 
     </span>
     <span class='ocr_line' id='line_1_3' title="bbox 1307 215 1761 273; baseline -0.004 -14"><span class='ocrx_word' id='word_1_16' title='bbox 1307 216 1362 259; x_wconf 91' lang='lat' dir='ltr'><strong>Et</strong></span> <span class='ocrx_word' id='word_1_17' title='bbox 1381 215 1577 273; x_wconf 79' lang='lat' dir='ltr'>quatridui</span> <span class='ocrx_word' id='word_1_18' title='bbox 1606 215 1761 272; x_wconf 87' lang='lat' dir='ltr'><strong>quidem</strong></span> 
     </span>
    </p>
   </div>
   <div class='ocr_carea' id='block_1_3' title="bbox 182 150 1765 1089">
    <p class='ocr_par' dir='ltr' id='par_1_3' title="bbox 182 150 1761 504">
     <span class='ocr_line' id='line_1_4' title="bbox 182 150 722 212; baseline -0.015 -15"><span class='ocrx_word' id='word_1_19' title='bbox 182 153 481 212; x_wconf 88' lang='lat' dir='ltr'><strong>piosissimeque</strong></span> <span class='ocrx_word' id='word_1_20' title='bbox 508 150 722 200; x_wconf 86' lang='lat' dir='ltr'><strong>tenuisset,</strong></span> 
     </span>
     <span class='ocr_line' id='line_1_5' title="bbox 183 219 1245 280; baseline -0.01 -10"><span class='ocrx_word' id='word_1_21' title='bbox 183 230 294 280; x_wconf 90' lang='lat' dir='ltr'><strong>lano,</strong></span> <span class='ocrx_word' id='word_1_22' title='bbox 339 234 382 268; x_wconf 92' lang='lat' dir='ltr'><strong>ut</strong></span> <span class='ocrx_word' id='word_1_23' title='bbox 415 226 462 267; x_wconf 88' lang='lat' dir='ltr'><strong>ad</strong></span> <span class='ocrx_word' id='word_1_24' title='bbox 486 238 571 266; x_wconf 87' lang='lat' dir='ltr'><strong>eam</strong></span> <span class='ocrx_word' id='word_1_25' title='bbox 594 221 917 264; x_wconf 75' lang='lat' dir='ltr'><strong>consuetudinem</strong></span> <span class='ocrx_word' id='word_1_26' title='bbox 943 219 1245 276; x_wconf 77' lang='lat' dir='ltr'><strong>disputaremus.</strong></span> 
     </span>
     <span class='ocr_line' id='line_1_6' title="bbox 183 290 1761 354; baseline -0.009 -9"><span class='ocrx_word' id='word_1_27' title='bbox 183 315 405 346; x_wconf 90' lang='lat' dir='ltr'><strong>sermonem</strong></span> <span class='ocrx_word' id='word_1_28' title='bbox 446 296 714 354; x_wconf 89' lang='lat' dir='ltr'><strong>superioribus</strong></span> <span class='ocrx_word' id='word_1_29' title='bbox 759 297 807 337; x_wconf 91' lang='lat' dir='ltr'><strong>ad</strong></span> <span class='ocrx_word' id='word_1_30' title='bbox 850 302 887 336; x_wconf 90' lang='lat' dir='ltr'><strong>te</strong></span> <span class='ocrx_word' id='word_1_31' title='bbox 921 294 1177 351; x_wconf 87' lang='lat' dir='ltr'><strong>perscriptum</strong></span> <span class='ocrx_word' id='word_1_32' title='bbox 1219 292 1329 334; x_wconf 86' lang='lat' dir='ltr'><strong>libris</strong></span> <span class='ocrx_word' id='word_1_33' title='bbox 1372 290 1574 343; x_wconf 79' lang='lat' dir='ltr'><strong>misimus3</strong></span> <span class='ocrx_word' id='word_1_34' title='bbox 1625 290 1761 346; x_wconf 87' lang='lat' dir='ltr'><strong>quinto</strong></span> 
     </span>
     <span class='ocr_line' id='line_1_7' title="bbox 183 365 1759 427; baseline -0.008 -10"><span class='ocrx_word' id='word_1_35' title='bbox 183 384 311 418; x_wconf 88' lang='lat' dir='ltr'><strong>autem</strong></span> <span class='ocrx_word' id='word_1_36' title='bbox 333 374 419 424; x_wconf 90' lang='lat' dir='ltr'><strong>die,</strong></span> <span class='ocrx_word' id='word_1_37' title='bbox 466 386 581 427; x_wconf 91' lang='lat' dir='ltr'><strong>quum</strong></span> <span class='ocrx_word' id='word_1_38' title='bbox 606 371 743 412; x_wconf 90' lang='lat' dir='ltr'><strong>eodem</strong></span> <span class='ocrx_word' id='word_1_39' title='bbox 765 370 806 411; x_wconf 91' lang='lat' dir='ltr'><strong>in</strong></span> <span class='ocrx_word' id='word_1_40' title='bbox 834 370 921 411; x_wconf 91' lang='lat' dir='ltr'><strong>loco</strong></span> <span class='ocrx_word' id='word_1_41' title='bbox 947 368 1290 419; x_wconf 87' lang='lat' dir='ltr'><strong>consedissemus,</strong></span> <span class='ocrx_word' id='word_1_42' title='bbox 1336 366 1395 408; x_wconf 89' lang='lat' dir='ltr'><strong>sic</strong></span> <span class='ocrx_word' id='word_1_43' title='bbox 1417 372 1480 408; x_wconf 89' lang='lat' dir='ltr'><strong>est</strong></span> <span class='ocrx_word' id='word_1_44' title='bbox 1500 365 1759 422; x_wconf 89' lang='lat' dir='ltr'><strong>propositum,</strong></span> 
     </span>
     <span class='ocr_line' id='line_1_8' title="bbox 184 448 670 504; baseline -0.012 -12"><span class='ocrx_word' id='word_1_45' title='bbox 184 452 230 492; x_wconf 92' lang='lat' dir='ltr'><strong>de</strong></span> <span class='ocrx_word' id='word_1_46' title='bbox 262 463 337 504; x_wconf 91' lang='lat' dir='ltr'><strong>quo</strong></span> <span class='ocrx_word' id='word_1_47' title='bbox 367 448 670 503; x_wconf 81' lang='lat' dir='ltr'><strong>disputaremus.</strong></span> 
     </span>
    </p>

    <p class='ocr_par' dir='ltr' id='par_1_4' title="bbox 183 513 1765 1089">
     <span class='ocr_line' id='line_1_9' title="bbox 294 513 1762 569; baseline -0.007 -5"><span class='ocrx_word' id='word_1_48' title='bbox 294 521 349 565; x_wconf 91' lang='lat' dir='ltr'><strong>V.</strong></span> <span class='ocrx_word' id='word_1_49' title='bbox 386 528 453 564; x_wconf 85' lang='lat'><strong>12.</strong></span> <span class='ocrx_word' id='word_1_50' title='bbox 499 519 554 561; x_wconf 86' lang='grc' dir='ltr'><strong>Α.</strong></span> <span class='ocrx_word' id='word_1_51' title='bbox 586 518 682 561; x_wconf 92' lang='lat' dir='ltr'><strong>Non</strong></span> <span class='ocrx_word' id='word_1_52' title='bbox 714 517 806 560; x_wconf 90' lang='lat' dir='ltr'><strong>mihi</strong></span> <span class='ocrx_word' id='word_1_53' title='bbox 833 517 1010 569; x_wconf 88' lang='lat' dir='ltr'><strong>videtur,</strong></span> <span class='ocrx_word' id='word_1_54' title='bbox 1052 516 1101 557; x_wconf 91' lang='lat' dir='ltr'><strong>ad</strong></span> <span class='ocrx_word' id='word_1_55' title='bbox 1134 515 1249 557; x_wconf 88' lang='lat' dir='ltr'><strong>beate</strong></span> <span class='ocrx_word' id='word_1_56' title='bbox 1273 513 1486 556; x_wconf 88' lang='lat' dir='ltr'><strong>vivendum</strong></span> <span class='ocrx_word' id='word_1_57' title='bbox 1517 513 1613 556; x_wconf 87' lang='lat' dir='ltr'><strong>satis</strong></span> <span class='ocrx_word' id='word_1_58' title='bbox 1644 526 1762 569; x_wconf 87' lang='lat' dir='ltr'><strong>posse</strong></span> 
     </span>
     <span class='ocr_line' id='line_1_10' title="bbox 183 587 1760 643; baseline -0.007 -4"><span class='ocrx_word' id='word_1_59' title='bbox 183 599 383 640; x_wconf 75' lang='lat' dir='ltr'><strong>virtutem.</strong></span> <span class='ocrx_word' id='word_1_60' title='bbox 447 595 514 637; x_wconf 90' lang='lat' dir='ltr'><strong>M.</strong></span> <span class='ocrx_word' id='word_1_61' title='bbox 547 594 605 635; x_wconf 92' lang='lat' dir='ltr'><strong>At</strong></span> <span class='ocrx_word' id='word_1_62' title='bbox 628 593 787 634; x_wconf 78' lang='lat' dir='ltr'><strong>hercule</strong></span> <span class='ocrx_word' id='word_1_63' title='bbox 811 591 936 633; x_wconf 87' lang='lat' dir='ltr'><strong>Bruto</strong></span> <span class='ocrx_word' id='word_1_64' title='bbox 971 605 1057 632; x_wconf 88' lang='lat' dir='ltr'><strong>meo</strong></span> <span class='ocrx_word' id='word_1_65' title='bbox 1085 591 1263 641; x_wconf 89' lang='lat' dir='ltr'><strong>videtur,</strong></span> <span class='ocrx_word' id='word_1_66' title='bbox 1310 588 1420 630; x_wconf 86' lang='lat' dir='ltr'><strong>cuius</strong></span> <span class='ocrx_word' id='word_1_67' title='bbox 1452 602 1526 643; x_wconf 88' lang='lat' dir='ltr'><strong>ego</strong></span> <span class='ocrx_word' id='word_1_68' title='bbox 1558 587 1760 640; x_wconf 89' lang='lat' dir='ltr'><strong>iudicium,</strong></span> 
     </span>
     <span class='ocr_line' id='line_1_11' title="bbox 183 661 1764 728; baseline -0.008 -14"><span class='ocrx_word' id='word_1_69' title='bbox 183 686 277 728; x_wconf 89' lang='lat' dir='ltr'><strong>pace</strong></span> <span class='ocrx_word' id='word_1_70' title='bbox 317 679 383 713; x_wconf 87' lang='lat' dir='ltr'><strong>tua</strong></span> <span class='ocrx_word' id='word_1_71' title='bbox 414 670 608 720; x_wconf 88' lang='lat' dir='ltr'><strong>dixerim,</strong></span> <span class='ocrx_word' id='word_1_72' title='bbox 658 668 774 723; x_wconf 83' lang='lat' dir='ltr'><strong>longe</strong></span> <span class='ocrx_word' id='word_1_73' title='bbox 808 675 1005 722; x_wconf 79' lang='lat' dir='ltr'><strong>antepono</strong></span> <span class='ocrx_word' id='word_1_74' title='bbox 1045 672 1126 706; x_wconf 84' lang='lat' dir='ltr'><strong>tuo.</strong></span> <span class='ocrx_word' id='word_1_75' title='bbox 1198 664 1251 705; x_wconf 92' lang='lat' dir='ltr'><strong>A.</strong></span> <span class='ocrx_word' id='word_1_76' title='bbox 1283 662 1380 705; x_wconf 90' lang='lat' dir='ltr'><strong>Non</strong></span> <span class='ocrx_word' id='word_1_77' title='bbox 1413 662 1571 714; x_wconf 90' lang='lat' dir='ltr'><strong>dubito,</strong></span> <span class='ocrx_word' id='word_1_78' title='bbox 1617 676 1691 703; x_wconf 88' lang='lat' dir='ltr'><strong>nec</strong></span> <span class='ocrx_word' id='word_1_79' title='bbox 1724 661 1764 702; x_wconf 92' lang='lat' dir='ltr'><strong>id</strong></span> 
     </span>
     <span class='ocr_line' id='line_1_12' title="bbox 184 735 1764 801; baseline -0.008 -13"><span class='ocrx_word' id='word_1_80' title='bbox 184 761 287 788; x_wconf 91' lang='lat' dir='ltr'><strong>nunc</strong></span> <span class='ocrx_word' id='word_1_81' title='bbox 312 745 467 801; x_wconf 86' lang='lat' dir='ltr'><strong>agitur,</strong></span> <span class='ocrx_word' id='word_1_82' title='bbox 516 751 556 785; x_wconf 89' lang='lat' dir='ltr'><strong>tu</strong></span> <span class='ocrx_word' id='word_1_83' title='bbox 592 743 697 784; x_wconf 86' lang='lat' dir='ltr'><strong>illum</strong></span> <span class='ocrx_word' id='word_1_84' title='bbox 724 748 909 797; x_wconf 88' lang='lat' dir='ltr'><strong>quantum</strong></span> <span class='ocrx_word' id='word_1_85' title='bbox 932 754 1066 791; x_wconf 87' lang='lat' dir='ltr'><strong>ames,</strong></span> <span class='ocrx_word' id='word_1_86' title='bbox 1110 739 1179 780; x_wconf 89' lang='lat' dir='ltr'><strong>sed</strong></span> <span class='ocrx_word' id='word_1_87' title='bbox 1210 739 1309 789; x_wconf 88' lang='lat' dir='ltr'><strong>hoc,</strong></span> <span class='ocrx_word' id='word_1_88' title='bbox 1356 737 1459 793; x_wconf 89' lang='lat' dir='ltr'><strong>quod</strong></span> <span class='ocrx_word' id='word_1_89' title='bbox 1483 736 1576 778; x_wconf 90' lang='lat' dir='ltr'><strong>mihi</strong></span> <span class='ocrx_word' id='word_1_90' title='bbox 1600 736 1682 777; x_wconf 85' lang='lat' dir='ltr'><strong>dixi</strong></span> <span class='ocrx_word' id='word_1_91' title='bbox 1703 735 1764 778; x_wconf 89' lang='lat' dir='ltr'><strong>vi-</strong></span> 
     </span>
     <span class='ocr_line' id='line_1_13' title="bbox 184 810 1765 875; baseline -0.007 -13"><span class='ocrx_word' id='word_1_92' title='bbox 184 821 291 872; x_wconf 88' lang='lat' dir='ltr'><strong>deri,</strong></span> <span class='ocrx_word' id='word_1_93' title='bbox 335 819 448 875; x_wconf 89' lang='lat' dir='ltr'><strong>quale</strong></span> <span class='ocrx_word' id='word_1_94' title='bbox 469 818 548 870; x_wconf 68' lang='lat' dir='ltr'><strong>sit,</strong></span> <span class='ocrx_word' id='word_1_95' title='bbox 1250 812 1318 854; x_wconf 90' lang='lat' dir='ltr'><strong>M.</strong></span> <span class='ocrx_word' id='word_1_96' title='bbox 1351 810 1507 868; x_wconf 90' lang='lat' dir='ltr'><strong>Nempe</strong></span> <span class='ocrx_word' id='word_1_97' title='bbox 1531 824 1681 866; x_wconf 84' lang='lat' dir='ltr'><strong>negas,</strong></span> <span class='ocrx_word' id='word_1_98' title='bbox 1715 810 1765 852; x_wconf 88' lang='lat' dir='ltr'><strong>ad</strong></span> 
     </span>
     <span class='ocr_line' id='line_1_14' title="bbox 183 884 1765 947; baseline -0.007 -11"><span class='ocrx_word' id='word_1_99' title='bbox 183 896 297 936; x_wconf 86' lang='lat' dir='ltr'><strong>beate</strong></span> <span class='ocrx_word' id='word_1_100' title='bbox 314 893 524 935; x_wconf 87' lang='lat' dir='ltr'><strong>vivendum</strong></span> <span class='ocrx_word' id='word_1_101' title='bbox 548 892 643 933; x_wconf 86' lang='lat' dir='ltr'><strong>satis</strong></span> <span class='ocrx_word' id='word_1_102' title='bbox 664 905 779 947; x_wconf 89' lang='lat' dir='ltr'><strong>posse</strong></span> <span class='ocrx_word' id='word_1_103' title='bbox 802 890 1015 930; x_wconf 82' lang='lat' dir='ltr'><strong>virtutem?</strong></span> <span class='ocrx_word' id='word_1_104' title='bbox 1073 887 1126 928; x_wconf 91' lang='grc' dir='ltr'><strong>Α.</strong></span> <span class='ocrx_word' id='word_1_105' title='bbox 1158 886 1330 928; x_wconf 87' lang='lat' dir='ltr'><strong>Prorsus</strong></span> <span class='ocrx_word' id='word_1_106' title='bbox 1349 899 1466 941; x_wconf 83' lang='lat' dir='ltr'><strong>neg0.</strong></span> <span class='ocrx_word' id='word_1_107' title='bbox 1531 885 1599 927; x_wconf 90' lang='lat' dir='ltr'><strong>M.</strong></span> <span class='ocrx_word' id='word_1_108' title='bbox 1634 884 1765 940; x_wconf 80' lang='lat' dir='ltr'><strong>Quid?</strong></span> 
     </span>
     <span class='ocr_line' id='line_1_15' title="bbox 184 959 1765 1018; baseline -0.007 -8"><span class='ocrx_word' id='word_1_109' title='bbox 184 971 229 1011; x_wconf 89' lang='lat' dir='ltr'><strong>ad</strong></span> <span class='ocrx_word' id='word_1_110' title='bbox 257 975 391 1018; x_wconf 86' lang='lat' dir='ltr'><strong>recte,</strong></span> <span class='ocrx_word' id='word_1_111' title='bbox 425 967 616 1016; x_wconf 84' lang='lat' dir='ltr'><strong>honeste,</strong></span> <span class='ocrx_word' id='word_1_112' title='bbox 649 964 920 1014; x_wconf 79' lang='lat' dir='ltr'><strong>laudabiliter,</strong></span> <span class='ocrx_word' id='word_1_113' title='bbox 956 969 1154 1018; x_wconf 86' lang='lat' dir='ltr'><strong>postremo</strong></span> <span class='ocrx_word' id='word_1_114' title='bbox 1185 961 1232 1001; x_wconf 88' lang='lat' dir='ltr'><strong>ad</strong></span> <span class='ocrx_word' id='word_1_115' title='bbox 1256 961 1357 1001; x_wconf 89' lang='lat' dir='ltr'><strong>bene</strong></span> <span class='ocrx_word' id='word_1_116' title='bbox 1382 959 1593 1001; x_wconf 89' lang='lat' dir='ltr'><strong>vivendum</strong></span> <span class='ocrx_word' id='word_1_117' title='bbox 1616 959 1765 1000; x_wconf 90' lang='lat' dir='ltr'><strong>satisne</strong></span> 
     </span>
     <span class='ocr_line' id='line_1_16' title="bbox 778 1032 1764 1089; baseline -0.005 -10"><span class='ocrx_word' id='word_1_118' title='bbox 778 1038 835 1079; x_wconf 90' lang='lat' dir='ltr'><strong>A.</strong></span> <span class='ocrx_word' id='word_1_119' title='bbox 871 1035 993 1078; x_wconf 86' lang='lat' dir='ltr'><strong>Certe</strong></span> <span class='ocrx_word' id='word_1_120' title='bbox 1023 1035 1134 1077; x_wconf 85' lang='lat' dir='ltr'><strong>satis.</strong></span> <span class='ocrx_word' id='word_1_121' title='bbox 1199 1034 1263 1075; x_wconf 55' lang='grc' dir='ltr'><strong>ΙΙΙ.</strong></span> <span class='ocrx_word' id='word_1_122' title='bbox 1295 1032 1418 1075; x_wconf 83' lang='lat' dir='ltr'><strong>Potes</strong></span> <span class='ocrx_word' id='word_1_123' title='bbox 1447 1033 1568 1089; x_wconf 87' lang='lat' dir='ltr'><strong>igitur</strong></span> <span class='ocrx_word' id='word_1_124' title='bbox 1598 1040 1666 1074; x_wconf 93' lang='lat' dir='ltr'><strong>aut</strong></span> <span class='ocrx_word' id='word_1_125' title='bbox 1700 1033 1764 1089; x_wconf 92' lang='lat' dir='ltr'><strong>qui</strong></span> 
     </span>
    </p>
   </div>
   <div class='ocr_carea' id='block_1_4' title="bbox 589 813 1186 872">
    <p class='ocr_par' dir='ltr' id='par_1_5' title="bbox 589 813 1186 872">
     <span class='ocr_line' id='line_1_17' title="bbox 589 813 1186 872; baseline -0.007 -14"><span class='ocrx_word' id='word_1_126' title='bbox 589 818 636 858; x_wconf 89' lang='lat' dir='ltr'><strong>de</strong></span> <span class='ocrx_word' id='word_1_127' title='bbox 661 831 736 872; x_wconf 91' lang='lat' dir='ltr'><strong>quo</strong></span> <span class='ocrx_word' id='word_1_128' title='bbox 761 830 784 857; x_wconf 83' lang='lat' dir='ltr'><strong>a</strong></span> <span class='ocrx_word' id='word_1_129' title='bbox 807 823 843 856; x_wconf 91' lang='lat' dir='ltr'><strong>te</strong></span> <span class='ocrx_word' id='word_1_130' title='bbox 867 814 1055 870; x_wconf 87' lang='lat' dir='ltr'><strong>disputari</strong></span> <span class='ocrx_word' id='word_1_131' title='bbox 1079 813 1186 855; x_wconf 85' lang='lat' dir='ltr'><strong>volo.</strong></span> 
     </span>
    </p>
   </div>
   <div class='ocr_carea' id='block_1_5' title="bbox 185 1039 711 1097">
    <p class='ocr_par' dir='ltr' id='par_1_6' title="bbox 185 1039 711 1097">
     <span class='ocr_line' id='line_1_18' title="bbox 185 1039 711 1097; baseline -0.011 -13"><span class='ocrx_word' id='word_1_132' title='bbox 185 1050 245 1084; x_wconf 89' lang='lat' dir='ltr'><strong>est</strong></span> <span class='ocrx_word' id='word_1_133' title='bbox 268 1040 435 1097; x_wconf 85' lang='lat' dir='ltr'><strong>praesidi</strong></span> <span class='ocrx_word' id='word_1_134' title='bbox 466 1039 507 1080; x_wconf 90' lang='lat' dir='ltr'><strong>in</strong></span> <span class='ocrx_word' id='word_1_135' title='bbox 538 1039 711 1080; x_wconf 83' lang='lat' dir='ltr'><strong>virtute?</strong></span> 
     </span>
    </p>
   </div>
   <div class='ocr_carea' id='block_1_6' title="bbox 184 1109 1822 1166">
    <p class='ocr_par' dir='ltr' id='par_1_7' title="bbox 184 1109 1822 1166">
     <span class='ocr_line' id='line_1_19' title="bbox 184 1109 1822 1166; baseline -0.006 -8"><span class='ocrx_word' id='word_1_136' title='bbox 184 1117 286 1158; x_wconf 86' lang='lat' dir='ltr'><strong>male</strong></span> <span class='ocrx_word' id='word_1_137' title='bbox 310 1116 441 1166; x_wconf 79' lang='lat' dir='ltr'><strong>vivat,</strong></span> <span class='ocrx_word' id='word_1_138' title='bbox 491 1128 568 1154; x_wconf 89' lang='lat' dir='ltr'><strong>non</strong></span> <span class='ocrx_word' id='word_1_139' title='bbox 593 1127 681 1154; x_wconf 90' lang='lat' dir='ltr'><strong>eum</strong></span> <span class='ocrx_word' id='word_1_140' title='bbox 706 1112 892 1154; x_wconf 89' lang='lat' dir='ltr'><strong>miserum</strong></span> <span class='ocrx_word' id='word_1_141' title='bbox 918 1111 1073 1162; x_wconf 87' lang='lat' dir='ltr'><strong>dicere,</strong></span> <span class='ocrx_word' id='word_1_142' title='bbox 1107 1116 1173 1151; x_wconf 89' lang='lat' dir='ltr'><strong>aut</strong></span> <span class='ocrx_word' id='word_1_143' title='bbox 1198 1122 1312 1164; x_wconf 91' lang='lat' dir='ltr'><strong>quem</strong></span> <span class='ocrx_word' id='word_1_144' title='bbox 1338 1109 1439 1150; x_wconf 88' lang='lat' dir='ltr'><strong>bene</strong></span> <span class='ocrx_word' id='word_1_145' title='bbox 1465 1109 1642 1160; x_wconf 83' lang='lat' dir='ltr'><strong>fateare,</strong></span> <span class='ocrx_word' id='word_1_146' title='bbox 1675 1122 1764 1149; x_wconf 91' lang='lat' dir='ltr'><strong>eum</strong></span> <span class='ocrx_word' id='word_1_147' title='bbox 1819 1154 1822 1157; x_wconf 67' lang='lat'>‚</span> 
     </span>
    </p>
   </div>
   <div class='ocr_carea' id='block_1_7' title="bbox 736 1182 1766 1298">
    <p class='ocr_par' dir='ltr' id='par_1_8' title="bbox 736 1182 1766 1298">
     <span class='ocr_line' id='line_1_20' title="bbox 736 1182 1766 1240; baseline -0.004 -13"><span class='ocrx_word' id='word_1_148' title='bbox 736 1186 791 1227; x_wconf 93' lang='lat' dir='ltr'><strong>A.</strong></span> <span class='ocrx_word' id='word_1_149' title='bbox 830 1185 976 1240; x_wconf 83' lang='lat' dir='ltr'><strong>Quidni</strong></span> <span class='ocrx_word' id='word_1_150' title='bbox 1006 1184 1178 1240; x_wconf 81' lang='lat' dir='ltr'><strong>possim?</strong></span> <span class='ocrx_word' id='word_1_151' title='bbox 1222 1197 1311 1224; x_wconf 88' lang='lat' dir='ltr'><strong>nam</strong></span> <span class='ocrx_word' id='word_1_152' title='bbox 1341 1183 1458 1223; x_wconf 90' lang='lat' dir='ltr'><strong>etiam</strong></span> <span class='ocrx_word' id='word_1_153' title='bbox 1488 1182 1529 1223; x_wconf 90' lang='lat' dir='ltr'><strong>in</strong></span> <span class='ocrx_word' id='word_1_154' title='bbox 1559 1182 1766 1224; x_wconf 89' lang='lat' dir='ltr'><strong>tormentis</strong></span> 
     </span>
     <span class='ocr_line' id='line_1_21' title="bbox 1656 1257 1766 1298; baseline -0.009 0"><span class='ocrx_word' id='word_1_155' title='bbox 1656 1257 1766 1298; x_wconf 92' lang='lat' dir='ltr'><strong>dum-</strong></span> 
     </span>
    </p>
   </div>
   <div class='ocr_carea' id='block_1_8' title="bbox 185 1188 1765 1535">
    <p class='ocr_par' dir='ltr' id='par_1_9' title="bbox 185 1188 1765 1535">
     <span class='ocr_line' id='line_1_22' title="bbox 185 1188 667 1246; baseline -0.008 -14"><span class='ocrx_word' id='word_1_156' title='bbox 185 1203 332 1246; x_wconf 86' lang='lat' dir='ltr'><strong>negare</strong></span> <span class='ocrx_word' id='word_1_157' title='bbox 357 1189 472 1231; x_wconf 87' lang='lat' dir='ltr'><strong>beate</strong></span> <span class='ocrx_word' id='word_1_158' title='bbox 503 1188 667 1229; x_wconf 74' lang='lat' dir='ltr'><strong>w‘vere?</strong></span> 
     </span>
     <span class='ocr_line' id='line_1_23' title="bbox 185 1257 1613 1317; baseline -0.007 -10"><span class='ocrx_word' id='word_1_159' title='bbox 185 1272 292 1307; x_wconf 87' lang='lat' dir='ltr'><strong>recte</strong></span> <span class='ocrx_word' id='word_1_160' title='bbox 307 1297 317 1317; x_wconf 95' lang='lat'><strong>,</strong></span> <span class='ocrx_word' id='word_1_161' title='bbox 363 1264 528 1305; x_wconf 89' lang='lat' dir='ltr'><strong>honeste</strong></span> <span class='ocrx_word' id='word_1_162' title='bbox 543 1294 554 1314; x_wconf 86' lang='lat'>‚</span> <span class='ocrx_word' id='word_1_163' title='bbox 602 1260 847 1302; x_wconf 84' lang='lat' dir='ltr'><strong>laudabiliter</strong></span> <span class='ocrx_word' id='word_1_164' title='bbox 870 1267 910 1301; x_wconf 92' lang='lat' dir='ltr'><strong>et</strong></span> <span class='ocrx_word' id='word_1_165' title='bbox 931 1260 978 1301; x_wconf 90' lang='lat' dir='ltr'><strong>ob</strong></span> <span class='ocrx_word' id='word_1_166' title='bbox 1006 1273 1092 1300; x_wconf 87' lang='lat' dir='ltr'><strong>eam</strong></span> <span class='ocrx_word' id='word_1_167' title='bbox 1116 1272 1200 1300; x_wconf 90' lang='lat' dir='ltr'><strong>rem</strong></span> <span class='ocrx_word' id='word_1_168' title='bbox 1227 1257 1328 1299; x_wconf 90' lang='lat' dir='ltr'><strong>hene</strong></span> <span class='ocrx_word' id='word_1_169' title='bbox 1351 1257 1431 1299; x_wconf 91' lang='lat' dir='ltr'><strong>vivi</strong></span> <span class='ocrx_word' id='word_1_170' title='bbox 1457 1263 1613 1313; x_wconf 91' lang='lat' dir='ltr'><strong>potest,</strong></span> 
     </span>
     <span class='ocr_line' id='line_1_24' title="bbox 185 1332 1765 1393; baseline -0.007 -11"><span class='ocrx_word' id='word_1_171' title='bbox 185 1341 300 1382; x_wconf 87' lang='lat' dir='ltr'><strong>modo</strong></span> <span class='ocrx_word' id='word_1_172' title='bbox 321 1338 540 1393; x_wconf 82' lang='lat' dir='ltr'><strong>intelligas,</strong></span> <span class='ocrx_word' id='word_1_173' title='bbox 574 1335 664 1391; x_wconf 92' lang='lat' dir='ltr'><strong>quid</strong></span> <span class='ocrx_word' id='word_1_174' title='bbox 691 1349 793 1376; x_wconf 89' lang='lat' dir='ltr'><strong>nunc</strong></span> <span class='ocrx_word' id='word_1_175' title='bbox 815 1334 939 1375; x_wconf 86' lang='lat' dir='ltr'><strong>dicam</strong></span> <span class='ocrx_word' id='word_1_176' title='bbox 961 1334 1075 1375; x_wconf 89' lang='lat' dir='ltr'><strong>bene.</strong></span> <span class='ocrx_word' id='word_1_177' title='bbox 1140 1332 1241 1374; x_wconf 84' lang='lat' dir='ltr'><strong>Dico</strong></span> <span class='ocrx_word' id='word_1_178' title='bbox 1264 1332 1367 1373; x_wconf 87' lang='lat' dir='ltr'><strong>enim</strong></span> <span class='ocrx_word' id='word_1_179' title='bbox 1390 1338 1643 1382; x_wconf 81' lang='lat' dir='ltr'><strong>constanter,</strong></span> <span class='ocrx_word' id='word_1_180' title='bbox 1675 1345 1765 1387; x_wconf 80' lang='lat' dir='ltr'><strong>gra-</strong></span> 
     </span>
     <span class='ocr_line' id='line_1_25' title="bbox 845 1405 1761 1458; baseline -0.004 -8"><span class='ocrx_word' id='word_1_181' title='bbox 845 1414 912 1450; x_wconf 82' lang='lat'><strong>15.</strong></span> <span class='ocrx_word' id='word_1_182' title='bbox 948 1406 1058 1448; x_wconf 85' lang='lat' dir='ltr'><strong>Haec</strong></span> <span class='ocrx_word' id='word_1_183' title='bbox 1079 1407 1195 1448; x_wconf 84' lang='lat' dir='ltr'><strong>etiam</strong></span> <span class='ocrx_word' id='word_1_184' title='bbox 1218 1406 1258 1448; x_wconf 91' lang='lat' dir='ltr'><strong>in</strong></span> <span class='ocrx_word' id='word_1_185' title='bbox 1279 1407 1458 1448; x_wconf 85' lang='lat' dir='ltr'><strong>eculeum</strong></span> <span class='ocrx_word' id='word_1_186' title='bbox 1483 1405 1761 1458; x_wconf 87' lang='lat' dir='ltr'><strong>coniiciuntur,</strong></span> 
     </span>
     <span class='ocr_line' id='line_1_26' title="bbox 920 1479 1762 1535; baseline -0.001 -14"><span class='ocrx_word' id='word_1_187' title='bbox 920 1481 986 1522; x_wconf 84' lang='lat' dir='ltr'><strong>M.</strong></span> <span class='ocrx_word' id='word_1_188' title='bbox 1023 1479 1126 1535; x_wconf 83' lang='lat' dir='ltr'><strong>Quid</strong></span> <span class='ocrx_word' id='word_1_189' title='bbox 1156 1481 1305 1535; x_wconf 80' lang='lat' dir='ltr'><strong>igitur?</strong></span> <span class='ocrx_word' id='word_1_190' title='bbox 1349 1481 1486 1522; x_wconf 91' lang='lat' dir='ltr'><strong>solane</strong></span> <span class='ocrx_word' id='word_1_191' title='bbox 1518 1480 1632 1521; x_wconf 85' lang='lat' dir='ltr'><strong>beata</strong></span> <span class='ocrx_word' id='word_1_192' title='bbox 1666 1480 1762 1533; x_wconf 89' lang='lat' dir='ltr'><strong>vita,</strong></span> 
     </span>
    </p>
   </div>
   <div class='ocr_carea' id='block_1_9' title="bbox 188 1555 1767 1616">
    <p class='ocr_par' dir='ltr' id='par_1_10' title="bbox 188 1555 1767 1616">
     <span class='ocr_line' id='line_1_27' title="bbox 188 1555 1767 1616; baseline -0.004 -14"><span class='ocrx_word' id='word_1_193' title='bbox 188 1575 359 1616; x_wconf 85' lang='lat' dir='ltr'><strong>quaeso,</strong></span> <span class='ocrx_word' id='word_1_194' title='bbox 406 1559 640 1614; x_wconf 83' lang='lat' dir='ltr'><strong>relinquitur</strong></span> <span class='ocrx_word' id='word_1_195' title='bbox 661 1565 777 1598; x_wconf 79' lang='lat' dir='ltr'><strong>extra</strong></span> <span class='ocrx_word' id='word_1_196' title='bbox 803 1556 944 1597; x_wconf 89' lang='lat' dir='ltr'><strong>ostium</strong></span> <span class='ocrx_word' id='word_1_197' title='bbox 968 1556 1164 1610; x_wconf 85' lang='lat' dir='ltr'><strong>limenque</strong></span> <span class='ocrx_word' id='word_1_198' title='bbox 1189 1555 1387 1606; x_wconf 87' lang='lat' dir='ltr'><strong>carceris,</strong></span> <span class='ocrx_word' id='word_1_199' title='bbox 1435 1569 1552 1610; x_wconf 91' lang='lat' dir='ltr'><strong>quum</strong></span> <span class='ocrx_word' id='word_1_200' title='bbox 1580 1560 1767 1595; x_wconf 91' lang='lat' dir='ltr'><strong>constan-</strong></span> 
     </span>
    </p>
   </div>
   <div class='ocr_carea' id='block_1_10' title="bbox 184 1408 854 1543">
    <p class='ocr_par' dir='ltr' id='par_1_11' title="bbox 184 1408 854 1543">
     <span class='ocr_line' id='line_1_28' title="bbox 184 1408 779 1468; baseline -0.01 -13"><span class='ocrx_word' id='word_1_201' title='bbox 184 1414 310 1465; x_wconf 87' lang='lat' dir='ltr'><strong>viter,</strong></span> <span class='ocrx_word' id='word_1_202' title='bbox 349 1412 575 1468; x_wconf 87' lang='lat' dir='ltr'><strong>sapienter,</strong></span> <span class='ocrx_word' id='word_1_203' title='bbox 608 1408 779 1450; x_wconf 89' lang='lat' dir='ltr'><strong>fortiter.</strong></span> 
     </span>
     <span class='ocr_line' id='line_1_29' title="bbox 186 1482 854 1543; baseline -0.009 -15"><span class='ocrx_word' id='word_1_204' title='bbox 186 1501 262 1543; x_wconf 90' lang='lat' dir='ltr'><strong>quo</strong></span> <span class='ocrx_word' id='word_1_205' title='bbox 295 1486 377 1529; x_wconf 90' lang='lat' dir='ltr'><strong>vita</strong></span> <span class='ocrx_word' id='word_1_206' title='bbox 411 1500 488 1526; x_wconf 93' lang='lat' dir='ltr'><strong>non</strong></span> <span class='ocrx_word' id='word_1_207' title='bbox 520 1484 692 1539; x_wconf 79' lang='lat' dir='ltr'><strong>adspirat</strong></span> <span class='ocrx_word' id='word_1_208' title='bbox 725 1482 854 1523; x_wconf 86' lang='lat' dir='ltr'><strong>beata.</strong></span> 
     </span>
    </p>
   </div>
   <div class='ocr_carea' id='block_1_11' title="bbox 187 1628 1768 2279">
    <p class='ocr_par' dir='ltr' id='par_1_12' title="bbox 187 1628 1768 2279">
     <span class='ocr_line' id='line_1_30' title="bbox 187 1628 1765 1690; baseline -0.004 -13"><span class='ocrx_word' id='word_1_209' title='bbox 187 1636 263 1688; x_wconf 85' lang='lat' dir='ltr'><strong>tia,</strong></span> <span class='ocrx_word' id='word_1_210' title='bbox 308 1634 507 1690; x_wconf 86' lang='lat' dir='ltr'><strong>gravitas,</strong></span> <span class='ocrx_word' id='word_1_211' title='bbox 557 1632 743 1673; x_wconf 81' lang='lat' dir='ltr'><strong>fortitudo</strong></span> <span class='ocrx_word' id='word_1_212' title='bbox 760 1664 770 1682; x_wconf 94' lang='lat'><strong>,</strong></span> <span class='ocrx_word' id='word_1_213' title='bbox 813 1631 1003 1686; x_wconf 82' lang='lat' dir='ltr'><strong>sapientia</strong></span> <span class='ocrx_word' id='word_1_214' title='bbox 1026 1630 1278 1685; x_wconf 74' lang='lat' dir='ltr'><strong>reliquaeque</strong></span> <span class='ocrx_word' id='word_1_215' title='bbox 1308 1629 1476 1671; x_wconf 87' lang='lat' dir='ltr'><strong>virtutes</strong></span> <span class='ocrx_word' id='word_1_216' title='bbox 1493 1628 1695 1685; x_wconf 85' lang='lat' dir='ltr'><strong>rapiantur</strong></span> <span class='ocrx_word' id='word_1_217' title='bbox 1715 1628 1765 1670; x_wconf 89' lang='lat' dir='ltr'><strong>ad</strong></span> 
     </span>
     <span class='ocr_line' id='line_1_31' title="bbox 187 1701 1763 1762; baseline -0.006 -11"><span class='ocrx_word' id='word_1_218' title='bbox 187 1716 377 1751; x_wconf 90' lang='lat' dir='ltr'><strong>tortorem</strong></span> <span class='ocrx_word' id='word_1_219' title='bbox 397 1708 620 1762; x_wconf 91' lang='lat' dir='ltr'><strong>nullumque</strong></span> <span class='ocrx_word' id='word_1_220' title='bbox 644 1712 829 1747; x_wconf 85' lang='lat' dir='ltr'><strong>recusent</strong></span> <span class='ocrx_word' id='word_1_221' title='bbox 863 1719 935 1745; x_wconf 85' lang='lat' dir='ltr'><strong>nec</strong></span> <span class='ocrx_word' id='word_1_222' title='bbox 959 1704 1187 1759; x_wconf 81' lang='lat' dir='ltr'><strong>supplicium</strong></span> <span class='ocrx_word' id='word_1_223' title='bbox 1205 1735 1215 1754; x_wconf 99' lang='lat'><strong>,</strong></span> <span class='ocrx_word' id='word_1_224' title='bbox 1250 1717 1322 1744; x_wconf 89' lang='lat' dir='ltr'><strong>nec</strong></span> <span class='ocrx_word' id='word_1_225' title='bbox 1340 1703 1541 1744; x_wconf 84' lang='lat' dir='ltr'><strong>dolorem?</strong></span> <span class='ocrx_word' id='word_1_226' title='bbox 1599 1703 1652 1743; x_wconf 92' lang='lat' dir='ltr'><strong>A.</strong></span> <span class='ocrx_word' id='word_1_227' title='bbox 1683 1701 1763 1754; x_wconf 88' lang='lat' dir='ltr'><strong>Tu,</strong></span> 
     </span>
     <span class='ocr_line' id='line_1_32' title="bbox 187 1776 1767 1839; baseline -0.005 -14"><span class='ocrx_word' id='word_1_228' title='bbox 187 1784 221 1826; x_wconf 91' lang='lat' dir='ltr'><strong>si</strong></span> <span class='ocrx_word' id='word_1_229' title='bbox 251 1783 342 1839; x_wconf 92' lang='lat' dir='ltr'><strong>quid</strong></span> <span class='ocrx_word' id='word_1_230' title='bbox 370 1797 413 1824; x_wconf 94' lang='lat' dir='ltr'><strong>es</strong></span> <span class='ocrx_word' id='word_1_231' title='bbox 438 1783 635 1832; x_wconf 87' lang='lat' dir='ltr'><strong>facturus,</strong></span> <span class='ocrx_word' id='word_1_232' title='bbox 670 1795 771 1821; x_wconf 76' lang='lat' dir='ltr'><strong>nova</strong></span> <span class='ocrx_word' id='word_1_233' title='bbox 794 1780 922 1833; x_wconf 82' lang='lat' dir='ltr'><strong>aliqua</strong></span> <span class='ocrx_word' id='word_1_234' title='bbox 947 1779 1157 1833; x_wconf 86' lang='lat' dir='ltr'><strong>conquiras</strong></span> <span class='ocrx_word' id='word_1_235' title='bbox 1180 1784 1350 1833; x_wconf 85' lang='lat' dir='ltr'><strong>oportet.</strong></span> <span class='ocrx_word' id='word_1_236' title='bbox 1412 1776 1494 1818; x_wconf 89' lang='lat' dir='ltr'><strong>Ista</strong></span> <span class='ocrx_word' id='word_1_237' title='bbox 1518 1791 1579 1817; x_wconf 91' lang='lat' dir='ltr'><strong>me</strong></span> <span class='ocrx_word' id='word_1_238' title='bbox 1607 1777 1767 1818; x_wconf 85' lang='lat' dir='ltr'><strong>minime</strong></span> 
     </span>
     <span class='ocr_line' id='line_1_33' title="bbox 188 1851 1764 1911; baseline -0.005 -12"><span class='ocrx_word' id='word_1_239' title='bbox 188 1865 373 1908; x_wconf 90' lang='lat' dir='ltr'><strong>movent,</strong></span> <span class='ocrx_word' id='word_1_240' title='bbox 420 1872 500 1898; x_wconf 92' lang='lat' dir='ltr'><strong>non</strong></span> <span class='ocrx_word' id='word_1_241' title='bbox 527 1856 650 1898; x_wconf 88' lang='lat' dir='ltr'><strong>solum</strong></span> <span class='ocrx_word' id='word_1_242' title='bbox 686 1856 773 1911; x_wconf 86' lang='lat' dir='ltr'><strong>quia</strong></span> <span class='ocrx_word' id='word_1_243' title='bbox 801 1855 1029 1910; x_wconf 72' lang='lat' dir='ltr'><strong>pervulgata</strong></span> <span class='ocrx_word' id='word_1_244' title='bbox 1055 1859 1170 1903; x_wconf 88' lang='lat' dir='ltr'><strong>sunt,</strong></span> <span class='ocrx_word' id='word_1_245' title='bbox 1217 1852 1285 1893; x_wconf 90' lang='lat' dir='ltr'><strong>sed</strong></span> <span class='ocrx_word' id='word_1_246' title='bbox 1313 1851 1432 1892; x_wconf 86' lang='lat' dir='ltr'><strong>multo</strong></span> <span class='ocrx_word' id='word_1_247' title='bbox 1460 1851 1611 1906; x_wconf 85' lang='lat' dir='ltr'><strong>magis,</strong></span> <span class='ocrx_word' id='word_1_248' title='bbox 1659 1851 1764 1906; x_wconf 90' lang='lat' dir='ltr'><strong>quia,</strong></span> 
     </span>
     <span class='ocr_line' id='line_1_34' title="bbox 189 1923 1768 1986; baseline -0.004 -14"><span class='ocrx_word' id='word_1_249' title='bbox 189 1939 372 1985; x_wconf 88' lang='lat' dir='ltr'><strong>tanquam</strong></span> <span class='ocrx_word' id='word_1_250' title='bbox 396 1931 498 1973; x_wconf 78' lang='lat' dir='ltr'><strong>levia</strong></span> <span class='ocrx_word' id='word_1_251' title='bbox 523 1931 708 1986; x_wconf 75' lang='lat' dir='ltr'><strong>quaedam</strong></span> <span class='ocrx_word' id='word_1_252' title='bbox 737 1930 829 1970; x_wconf 80' lang='lat' dir='ltr'><strong>vina</strong></span> <span class='ocrx_word' id='word_1_253' title='bbox 854 1929 948 1970; x_wconf 87' lang='lat' dir='ltr'><strong>nihil</strong></span> <span class='ocrx_word' id='word_1_254' title='bbox 972 1927 1106 1969; x_wconf 81' lang='lat' dir='ltr'><strong>valent</strong></span> <span class='ocrx_word' id='word_1_255' title='bbox 1130 1926 1169 1967; x_wconf 93' lang='lat' dir='ltr'><strong>in</strong></span> <span class='ocrx_word' id='word_1_256' title='bbox 1196 1940 1321 1981; x_wconf 86' lang='lat' dir='ltr'><strong>aqua,</strong></span> <span class='ocrx_word' id='word_1_257' title='bbox 1355 1926 1412 1967; x_wconf 89' lang='lat' dir='ltr'><strong>sic</strong></span> <span class='ocrx_word' id='word_1_258' title='bbox 1440 1923 1664 1967; x_wconf 90' lang='lat' dir='ltr'><strong>Stoicorum</strong></span> <span class='ocrx_word' id='word_1_259' title='bbox 1690 1926 1768 1966; x_wconf 88' lang='lat' dir='ltr'><strong>ista</strong></span> 
     </span>
     <span class='ocr_line' id='line_1_35' title="bbox 190 1993 1767 2060; baseline -0.003 -15"><span class='ocrx_word' id='word_1_260' title='bbox 190 2006 313 2060; x_wconf 85' lang='lat' dir='ltr'><strong>magis</strong></span> <span class='ocrx_word' id='word_1_261' title='bbox 333 2012 513 2060; x_wconf 87' lang='lat' dir='ltr'><strong>gustata,</strong></span> <span class='ocrx_word' id='word_1_262' title='bbox 547 2020 660 2059; x_wconf 80' lang='lat' dir='ltr'><strong>quam</strong></span> <span class='ocrx_word' id='word_1_263' title='bbox 683 1993 815 2060; x_wconf 78' lang='lat' dir='ltr'><strong>potata</strong></span> <span class='ocrx_word' id='word_1_264' title='bbox 839 2004 1049 2044; x_wconf 85' lang='lat' dir='ltr'><strong>delectant.</strong></span> <span class='ocrx_word' id='word_1_265' title='bbox 1112 1999 1233 2043; x_wconf 90' lang='lat' dir='ltr'><strong>Velut</strong></span> <span class='ocrx_word' id='word_1_266' title='bbox 1255 2001 1329 2042; x_wconf 88' lang='lat' dir='ltr'><strong>iste</strong></span> <span class='ocrx_word' id='word_1_267' title='bbox 1352 2000 1494 2041; x_wconf 87' lang='lat' dir='ltr'><strong>chorus</strong></span> <span class='ocrx_word' id='word_1_268' title='bbox 1517 2000 1701 2042; x_wconf 90' lang='lat' dir='ltr'><strong>virtutum</strong></span> <span class='ocrx_word' id='word_1_269' title='bbox 1726 2000 1767 2041; x_wconf 93' lang='lat' dir='ltr'><strong>in</strong></span> 
     </span>
     <span class='ocr_line' id='line_1_36' title="bbox 190 2074 1767 2134; baseline -0.003 -14"><span class='ocrx_word' id='word_1_270' title='bbox 190 2080 366 2121; x_wconf 89' lang='lat' dir='ltr'><strong>eculeum</strong></span> <span class='ocrx_word' id='word_1_271' title='bbox 391 2079 595 2134; x_wconf 89' lang='lat' dir='ltr'><strong>impositus</strong></span> <span class='ocrx_word' id='word_1_272' title='bbox 621 2079 811 2133; x_wconf 74' lang='lat' dir='ltr'><strong>imagines</strong></span> <span class='ocrx_word' id='word_1_273' title='bbox 838 2076 1042 2118; x_wconf 86' lang='lat' dir='ltr'><strong>coustituit</strong></span> <span class='ocrx_word' id='word_1_274' title='bbox 1062 2083 1153 2117; x_wconf 88' lang='lat' dir='ltr'><strong>ante</strong></span> <span class='ocrx_word' id='word_1_275' title='bbox 1179 2075 1314 2116; x_wconf 92' lang='lat' dir='ltr'><strong>oculos</strong></span> <span class='ocrx_word' id='word_1_276' title='bbox 1337 2089 1424 2116; x_wconf 82' lang='lat' dir='ltr'><strong>cum</strong></span> <span class='ocrx_word' id='word_1_277' title='bbox 1448 2074 1687 2131; x_wconf 88' lang='lat' dir='ltr'><strong>amplissima</strong></span> <span class='ocrx_word' id='word_1_278' title='bbox 1710 2074 1767 2115; x_wconf 88' lang='lat' dir='ltr'><strong>di-</strong></span> 
     </span>
     <span class='ocr_line' id='line_1_37' title="bbox 998 2187 1764 2228; baseline -0.003 -6"><span class='ocrx_word' id='word_1_279' title='bbox 998 2197 1093 2222; x_wconf 83' lang='lat' dir='ltr'><strong>caute</strong></span> <span class='ocrx_word' id='word_1_280' title='bbox 1116 2189 1276 2222; x_wconf 88' lang='lat' dir='ltr'><strong>utendum</strong></span> <span class='ocrx_word' id='word_1_281' title='bbox 1301 2195 1371 2228; x_wconf 88' lang='lat' dir='ltr'><strong>est,</strong></span> <span class='ocrx_word' id='word_1_282' title='bbox 1410 2200 1473 2221; x_wconf 86' lang='lat' dir='ltr'><strong>nec</strong></span> <span class='ocrx_word' id='word_1_283' title='bbox 1506 2187 1569 2221; x_wconf 88' lang='lat' dir='ltr'><strong>nisi</strong></span> <span class='ocrx_word' id='word_1_284' title='bbox 1600 2188 1688 2220; x_wconf 85' lang='lat' dir='ltr'><strong>serio</strong></span> <span class='ocrx_word' id='word_1_285' title='bbox 1722 2187 1764 2220; x_wconf 89' lang='lat' dir='ltr'><strong>ab</strong></span> 
     </span>
     <span class='ocr_line' id='line_1_38' title="bbox 996 2233 1764 2279; baseline -0.001 -11"><span class='ocrx_word' id='word_1_286' title='bbox 996 2237 1106 2279; x_wconf 76' lang='lat' dir='ltr'><strong>aliquo</strong></span> <span class='ocrx_word' id='word_1_287' title='bbox 1128 2235 1386 2274; x_wconf 85' lang='lat' dir='ltr'><strong>dissentimus‚¹‘</strong></span> <span class='ocrx_word' id='word_1_288' title='bbox 1421 2234 1468 2266; x_wconf 88' lang='lat' dir='ltr'><strong>uti</strong></span> <span class='ocrx_word' id='word_1_289' title='bbox 1500 2233 1601 2266; x_wconf 86' lang='lat' dir='ltr'><strong>docet</strong></span> <span class='ocrx_word' id='word_1_290' title='bbox 1627 2236 1764 2274; x_wconf 77' lang='lat' dir='ltr'><strong>Wytlen-</strong></span> 
     </span>
    </p>
   </div>
   <div class='ocr_carea' id='block_1_12' title="bbox 996 2278 1764 2370">
    <p class='ocr_par' dir='ltr' id='par_1_13' title="bbox 996 2278 1764 2368">
     <span class='ocr_line' id='line_1_39' title="bbox 996 2278 1764 2323; baseline -0.003 -9"><span class='ocrx_word' id='word_1_291' title='bbox 996 2284 1124 2314; x_wconf 81' lang='lat' dir='ltr'><strong>bachius</strong></span> <span class='ocrx_word' id='word_1_292' title='bbox 1155 2281 1198 2313; x_wconf 87' lang='lat' dir='ltr'><strong>ad</strong></span> <span class='ocrx_word' id='word_1_293' title='bbox 1221 2281 1323 2312; x_wconf 86' lang='lat' dir='ltr'><strong>Cicer.</strong></span> <span class='ocrx_word' id='word_1_294' title='bbox 1359 2279 1402 2312; x_wconf 88' lang='lat' dir='ltr'><strong>de</strong></span> <span class='ocrx_word' id='word_1_295' title='bbox 1423 2280 1528 2323; x_wconf 79' lang='lat' dir='ltr'><strong>Legg.</strong></span> <span class='ocrx_word' id='word_1_296' title='bbox 1547 2280 1683 2320; x_wconf 77' lang='lat'><strong>111.12,</strong></span> <span class='ocrx_word' id='word_1_297' title='bbox 1708 2278 1764 2312; x_wconf 80' lang='lat'><strong>29.</strong></span> 
     </span>
     <span class='ocr_line' id='line_1_40' title="bbox 996 2324 1764 2370; baseline -0.001 -10.935"><span class='ocrx_word' id='word_1_298' title='bbox 996 2325 1120 2370; x_wconf 51' lang='lat'>1³43&amp;</span> <span class='ocrx_word' id='word_1_299' title='bbox 1143 2327 1195 2359; x_wconf 88' lang='lat' dir='ltr'><strong>Cr.</strong></span> <span class='ocrx_word' id='word_1_300' title='bbox 1211 2325 1352 2358; x_wconf 83' lang='lat' dir='ltr'><strong>laudatis</strong></span> <span class='ocrx_word' id='word_1_301' title='bbox 1373 2325 1416 2357; x_wconf 85' lang='lat' dir='ltr'><strong>de</strong></span> <span class='ocrx_word' id='word_1_302' title='bbox 1438 2326 1540 2368; x_wconf 83' lang='lat' dir='ltr'><strong>Legg.</strong></span> <span class='ocrx_word' id='word_1_303' title='bbox 1557 2326 1621 2365; x_wconf 90' lang='grc' dir='ltr'><strong>ΙΙΙ,</strong></span> <span class='ocrx_word' id='word_1_304' title='bbox 1650 2324 1701 2358; x_wconf 83' lang='grc'><strong>16.</strong></span> <span class='ocrx_word' id='word_1_305' title='bbox 1722 2324 1764 2358; x_wconf 88' lang='lat' dir='ltr'><strong>de</strong></span> 
     </span>
    </p>
   </div>
   <div class='ocr_carea' id='block_1_13' title="bbox 194 2191 961 2280">
    <p class='ocr_par' dir='ltr' id='par_1_14' title="bbox 194 2191 961 2280">
     <span class='ocr_line' id='line_1_41' title="bbox 258 2191 960 2234; baseline -0.003 -9"><span class='ocrx_word' id='word_1_306' title='bbox 258 2194 462 2234; x_wconf 78' lang='lat' dir='ltr'><strong>fecimus—,</strong></span> <span class='ocrx_word' id='word_1_307' title='bbox 486 2196 520 2224; x_wconf 82' lang='lat' dir='ltr'><strong>ut</strong></span> <span class='ocrx_word' id='word_1_308' title='bbox 540 2193 787 2233; x_wconf 77' lang='lat' dir='ltr'><strong>disputaremus]</strong></span> <span class='ocrx_word' id='word_1_309' title='bbox 816 2193 877 2223; x_wconf 81' lang='lat' dir='ltr'><strong>Per</strong></span> <span class='ocrx_word' id='word_1_310' title='bbox 894 2191 960 2223; x_wconf 82' lang='lat' dir='ltr'><strong>cir-</strong></span> 
     </span>
     <span class='ocr_line' id='line_1_42' title="bbox 194 2237 961 2280; baseline -0.004 -9"><span class='ocrx_word' id='word_1_311' title='bbox 194 2238 490 2275; x_wconf 84' lang='lat' dir='ltr'><strong>cumlocutionem,</strong></span> <span class='ocrx_word' id='word_1_312' title='bbox 516 2237 683 2269; x_wconf 83' lang='lat' dir='ltr'><strong>Ciceronis</strong></span> <span class='ocrx_word' id='word_1_313' title='bbox 707 2238 856 2280; x_wconf 61' lang='lat' dir='ltr'><strong>appi-ime</strong></span> <span class='ocrx_word' id='word_1_314' title='bbox 879 2249 961 2280; x_wconf 85' lang='lat' dir='ltr'><strong>pio-</strong></span> 
     </span>
    </p>
   </div>
   <div class='ocr_carea' id='block_1_14' title="bbox 192 2282 960 2373">
    <p class='ocr_par' dir='ltr' id='par_1_15' title="bbox 192 2282 960 2373">
     <span class='ocr_line' id='line_1_43' title="bbox 193 2282 960 2336; baseline -0.003 -20"><span class='ocrx_word' id='word_1_315' title='bbox 193 2283 320 2336; x_wconf 82' lang='lat' dir='ltr'><strong>priam,</strong></span> <span class='ocrx_word' id='word_1_316' title='bbox 355 2294 418 2326; x_wconf 89' lang='lat' dir='ltr'><strong>pro</strong></span> <span class='ocrx_word' id='word_1_317' title='bbox 435 2282 594 2330; x_wconf 86' lang='lat' dir='ltr'><strong>simplici:</strong></span> <span class='ocrx_word' id='word_1_318' title='bbox 631 2285 872 2323; x_wconf 74' lang='lat' dir='ltr'><strong>disputatimus.</strong></span> <span class='ocrx_word' id='word_1_319' title='bbox 920 2283 960 2314; x_wconf 88' lang='lat' dir='ltr'><strong>V.</strong></span> 
     </span>
     <span class='ocr_line' id='line_1_44' title="bbox 192 2325 960 2373; baseline -0.004 -11"><span class='ocrx_word' id='word_1_320' title='bbox 192 2340 254 2362; x_wconf 89' lang='lat' dir='ltr'><strong>nos</strong></span> <span class='ocrx_word' id='word_1_321' title='bbox 286 2329 320 2361; x_wconf 89' lang='lat' dir='ltr'><strong>in</strong></span> <span class='ocrx_word' id='word_1_322' title='bbox 359 2329 417 2361; x_wconf 91' lang='lat' dir='ltr'><strong>Gr.</strong></span> <span class='ocrx_word' id='word_1_323' title='bbox 434 2329 474 2360; x_wconf 90' lang='lat' dir='ltr'><strong>L.</strong></span> <span class='ocrx_word' id='word_1_324' title='bbox 500 2330 528 2373; x_wconf 83' lang='lat'>§</span> <span class='ocrx_word' id='word_1_325' title='bbox 545 2325 616 2360; x_wconf 76' lang='lat'><strong>14²</strong></span> <span class='ocrx_word' id='word_1_326' title='bbox 642 2329 766 2361; x_wconf 70' lang='lat' dir='ltr'><strong>Not-L</strong></span> <span class='ocrx_word' id='word_1_327' title='bbox 787 2340 819 2372; x_wconf 90' lang='lat' dir='ltr'><strong>p.</strong></span> <span class='ocrx_word' id='word_1_328' title='bbox 832 2327 960 2372; x_wconf 76' lang='lat' dir='ltr'><strong>369sq.</strong></span> 
     </span>
    </p>
   </div>
   <div class='ocr_carea' id='block_1_15' title="bbox 193 2372 1255 2408">
    <p class='ocr_par' dir='ltr' id='par_1_16' title="bbox 193 2372 1255 2408">
     <span class='ocr_line' id='line_1_45' title="bbox 193 2372 1255 2408; baseline -0.004 -1"><span class='ocrx_word' id='word_1_329' title='bbox 193 2373 1176 2408; x_wconf 76' lang='lat' dir='ltr'><strong>ed.2.0ffic.111,</strong></span> <span class='ocrx_word' id='word_1_330' title='bbox 1204 2372 1255 2405; x_wconf 88' lang='grc'><strong>10.</strong></span> 
     </span>
    </p>
   </div>
   <div class='ocr_carea' id='block_1_16' title="bbox 192 2417 961 3006">
    <p class='ocr_par' dir='ltr' id='par_1_17' title="bbox 192 2417 961 2917">
     <span class='ocr_line' id='line_1_46' title="bbox 263 2417 961 2461; baseline -0.003 -9"><span class='ocrx_word' id='word_1_331' title='bbox 263 2420 342 2452; x_wconf 76' lang='lat' dir='ltr'><strong>CAP.</strong></span> <span class='ocrx_word' id='word_1_332' title='bbox 359 2421 400 2452; x_wconf 91' lang='lat' dir='ltr'><strong>V.</strong></span> <span class='ocrx_word' id='word_1_333' title='bbox 428 2418 476 2451; x_wconf 79' lang='lat'><strong>12.</strong></span> <span class='ocrx_word' id='word_1_334' title='bbox 502 2417 660 2461; x_wconf 68' lang='lat' dir='ltr'><strong>virtutem]</strong></span> <span class='ocrx_word' id='word_1_335' title='bbox 697 2418 860 2450; x_wconf 84' lang='lat' dir='ltr'><strong>Lambino</strong></span> <span class='ocrx_word' id='word_1_336' title='bbox 885 2418 961 2461; x_wconf 79' lang='lat' dir='ltr'><strong>pla—</strong></span> 
     </span>
     <span class='ocr_line' id='line_1_47' title="bbox 194 2462 961 2501; baseline -0.008 -3"><span class='ocrx_word' id='word_1_337' title='bbox 194 2465 292 2499; x_wconf 82' lang='lat' dir='ltr'><strong>cebat</strong></span> <span class='ocrx_word' id='word_1_338' title='bbox 312 2468 422 2499; x_wconf 79' lang='lat' dir='ltr'><strong>virtus.</strong></span> <span class='ocrx_word' id='word_1_339' title='bbox 469 2467 513 2496; x_wconf 80' lang='lat' dir='ltr'><strong>At</strong></span> <span class='ocrx_word' id='word_1_340' title='bbox 532 2462 614 2494; x_wconf 84' lang='lat' dir='ltr'><strong>nihil</strong></span> <span class='ocrx_word' id='word_1_341' title='bbox 637 2463 848 2501; x_wconf 81' lang='lat' dir='ltr'><strong>mutandum3</strong></span> <span class='ocrx_word' id='word_1_342' title='bbox 873 2466 961 2496; x_wconf 72' lang='lat' dir='ltr'><strong>vide-</strong></span> 
     </span>
     <span class='ocr_line' id='line_1_48' title="bbox 193 2507 959 2553; baseline -0.005 -9"><span class='ocrx_word' id='word_1_343' title='bbox 193 2516 244 2544; x_wconf 75' lang='lat' dir='ltr'><strong>tur</strong></span> <span class='ocrx_word' id='word_1_344' title='bbox 261 2511 349 2543; x_wconf 89' lang='lat' dir='ltr'><strong>enim</strong></span> <span class='ocrx_word' id='word_1_345' title='bbox 364 2519 599 2553; x_wconf 86' lang='lat' dir='ltr'><strong>nonnunquam</strong></span> <span class='ocrx_word' id='word_1_346' title='bbox 615 2507 882 2550; x_wconf 85' lang='lat' dir='ltr'><strong>impersonaliter</strong></span> <span class='ocrx_word' id='word_1_347' title='bbox 900 2521 959 2551; x_wconf 86' lang='lat' dir='ltr'><strong>po—</strong></span> 
     </span>
     <span class='ocr_line' id='line_1_49' title="bbox 194 2555 957 2595; baseline -0.005 -6"><span class='ocrx_word' id='word_1_348' title='bbox 194 2557 302 2595; x_wconf 87' lang='lat' dir='ltr'><strong>nitur,</strong></span> <span class='ocrx_word' id='word_1_349' title='bbox 339 2556 386 2588; x_wconf 88' lang='lat' dir='ltr'><strong>nti</strong></span> <span class='ocrx_word' id='word_1_350' title='bbox 410 2558 546 2594; x_wconf 81' lang='lat' dir='ltr'><strong>dicitur,</strong></span> <span class='ocrx_word' id='word_1_351' title='bbox 579 2555 734 2592; x_wconf 74' lang='lat' dir='ltr'><strong>traditur,</strong></span> <span class='ocrx_word' id='word_1_352' title='bbox 758 2555 857 2593; x_wconf 77' lang='lat' dir='ltr'><strong>fertur</strong></span> <span class='ocrx_word' id='word_1_353' title='bbox 879 2561 957 2585; x_wconf 83' lang='lat' dir='ltr'><strong>cett.</strong></span> 
     </span>
     <span class='ocr_line' id='line_1_50' title="bbox 194 2598 958 2647; baseline -0.008 -13"><span class='ocrx_word' id='word_1_354' title='bbox 194 2609 228 2634; x_wconf 88' lang='lat' dir='ltr'><strong>et</strong></span> <span class='ocrx_word' id='word_1_355' title='bbox 247 2601 336 2647; x_wconf 86' lang='lat' dir='ltr'><strong>apud</strong></span> <span class='ocrx_word' id='word_1_356' title='bbox 357 2603 503 2634; x_wconf 83' lang='lat' dir='ltr'><strong>Graecos</strong></span> <span class='ocrx_word' id='word_1_357' title='bbox 523 2602 635 2638; x_wconf 80' lang='grc' dir='ltr'>δοκεῖ,</span> <span class='ocrx_word' id='word_1_358' title='bbox 660 2598 792 2640; x_wconf 73' lang='grc' dir='ltr'>λέγεται</span> <span class='ocrx_word' id='word_1_359' title='bbox 812 2605 847 2629; x_wconf 87' lang='lat' dir='ltr'><strong>et</strong></span> <span class='ocrx_word' id='word_1_360' title='bbox 864 2598 958 2630; x_wconf 83' lang='lat' dir='ltr'><strong>simi—</strong></span> 
     </span>
     <span class='ocr_line' id='line_1_51' title="bbox 192 2643 957 2679; baseline -0.005 0"><span class='ocrx_word' id='word_1_361' title='bbox 192 2647 249 2679; x_wconf 88' lang='lat' dir='ltr'><strong>lia</strong></span> <span class='ocrx_word' id='word_1_362' title='bbox 296 2649 333 2679; x_wconf 86' lang='lat' dir='ltr'><strong>In</strong></span> <span class='ocrx_word' id='word_1_363' title='bbox 365 2646 473 2679; x_wconf 86' lang='lat' dir='ltr'><strong>verbis</strong></span> <span class='ocrx_word' id='word_1_364' title='bbox 495 2648 619 2678; x_wconf 76' lang='lat' dir='ltr'><strong>videtur</strong></span> <span class='ocrx_word' id='word_1_365' title='bbox 648 2646 724 2676; x_wconf 76' lang='lat' dir='ltr'><strong>mihi</strong></span> <span class='ocrx_word' id='word_1_366' title='bbox 756 2643 839 2675; x_wconf 85' lang='lat' dir='ltr'><strong>latet</strong></span> <span class='ocrx_word' id='word_1_367' title='bbox 865 2644 957 2675; x_wconf 87' lang='lat' dir='ltr'><strong>notio</strong></span> 
     </span>
     <span class='ocr_line' id='line_1_52' title="bbox 193 2689 956 2735; baseline -0.008 -10"><span class='ocrx_word' id='word_1_368' title='bbox 193 2692 381 2735; x_wconf 63' lang='lat' dir='ltr'><strong>iudicanda,</strong></span> <span class='ocrx_word' id='word_1_369' title='bbox 404 2690 581 2724; x_wconf 83' lang='lat' dir='ltr'><strong>sentiendi.</strong></span> <span class='ocrx_word' id='word_1_370' title='bbox 629 2689 679 2721; x_wconf 84' lang='lat' dir='ltr'><strong>Cf.</strong></span> <span class='ocrx_word' id='word_1_371' title='bbox 698 2689 835 2721; x_wconf 84' lang='lat' dir='ltr'><strong>insr.ac</strong></span> <span class='ocrx_word' id='word_1_372' title='bbox 848 2692 879 2726; x_wconf 46' lang='grc' dir='ltr'><em>Ἃ</em></span> <span class='ocrx_word' id='word_1_373' title='bbox 893 2691 956 2720; x_wconf 82' lang='lat'>&#39;².²:</span> 
     </span>
     <span class='ocr_line' id='line_1_53' title="bbox 194 2713 957 2780; baseline -0.008 -10"><span class='ocrx_word' id='word_1_374' title='bbox 194 2739 249 2770; x_wconf 91' lang='lat' dir='ltr'><strong>ubi</strong></span> <span class='ocrx_word' id='word_1_375' title='bbox 269 2746 406 2780; x_wconf 81' lang='lat' dir='ltr'><strong>utraque</strong></span> <span class='ocrx_word' id='word_1_376' title='bbox 423 2744 588 2770; x_wconf 70' lang='lat' dir='ltr'><strong>structura</strong></span> <span class='ocrx_word' id='word_1_377' title='bbox 605 2735 781 2767; x_wconf 70' lang='lat' dir='ltr'><strong>invenitur.</strong></span> <span class='ocrx_word' id='word_1_378' title='bbox 807 2713 917 2765; x_wconf 77' lang='lat' dir='ltr'><strong>Divin.</strong></span> <span class='ocrx_word' id='word_1_379' title='bbox 932 2735 957 2765; x_wconf 91' lang='grc' dir='ltr'><strong>Ι.</strong></span> 
     </span>
     <span class='ocr_line' id='line_1_54' title="bbox 195 2778 957 2826; baseline -0.009 -9"><span class='ocrx_word' id='word_1_380' title='bbox 195 2784 223 2826; x_wconf 69' lang='lat'><strong>§-</strong></span> <span class='ocrx_word' id='word_1_381' title='bbox 237 2782 299 2817; x_wconf 77' lang='lat'><strong>44:</strong></span> <span class='ocrx_word' id='word_1_382' title='bbox 332 2783 438 2816; x_wconf 79' lang='lat' dir='ltr'><strong>visum</strong></span> <span class='ocrx_word' id='word_1_383' title='bbox 459 2790 508 2815; x_wconf 79' lang='lat' dir='ltr'><strong>est</strong></span> <span class='ocrx_word' id='word_1_384' title='bbox 529 2782 561 2813; x_wconf 86' lang='lat' dir='ltr'><strong>in</strong></span> <span class='ocrx_word' id='word_1_385' title='bbox 582 2781 706 2813; x_wconf 87' lang='lat' dir='ltr'><strong>somnis</strong></span> <span class='ocrx_word' id='word_1_386' title='bbox 726 2787 893 2822; x_wconf 72' lang='lat' dir='ltr'><strong>pastorem</strong></span> <span class='ocrx_word' id='word_1_387' title='bbox 915 2778 957 2811; x_wconf 85' lang='lat' dir='ltr'><strong>ad</strong></span> 
     </span>
     <span class='ocr_line' id='line_1_55' title="bbox 193 2824 954 2872; baseline -0.005 -11"><span class='ocrx_word' id='word_1_388' title='bbox 193 2841 246 2861; x_wconf 85' lang='lat' dir='ltr'><strong>me</strong></span> <span class='ocrx_word' id='word_1_389' title='bbox 268 2841 287 2861; x_wconf 82' lang='lat' dir='ltr'><strong>a</strong></span> <span class='ocrx_word' id='word_1_390' title='bbox 290 2830 449 2872; x_wconf 83' lang='lat' dir='ltr'><strong>pp.ellere</strong></span> <span class='ocrx_word' id='word_1_391' title='bbox 497 2827 549 2860; x_wconf 84' lang='lat' dir='ltr'><strong>Cf.</strong></span> <span class='ocrx_word' id='word_1_392' title='bbox 572 2839 632 2859; x_wconf 92' lang='lat' dir='ltr'><strong>nos</strong></span> <span class='ocrx_word' id='word_1_393' title='bbox 653 2827 687 2859; x_wconf 86' lang='lat' dir='ltr'><strong>iu</strong></span> <span class='ocrx_word' id='word_1_394' title='bbox 709 2827 768 2859; x_wconf 76' lang='lat' dir='ltr'><strong>Gr.</strong></span> <span class='ocrx_word' id='word_1_395' title='bbox 781 2826 820 2858; x_wconf 92' lang='lat' dir='ltr'><strong>L.</strong></span> <span class='ocrx_word' id='word_1_396' title='bbox 837 2826 866 2868; x_wconf 49' lang='grc' dir='ltr'><strong>ᾗ.</strong></span> <span class='ocrx_word' id='word_1_397' title='bbox 882 2824 954 2857; x_wconf 79' lang='lat'><strong>1¹²9.</strong></span> 
     </span>
     <span class='ocr_line' id='line_1_56' title="bbox 192 2873 574 2917; baseline 0 -12"><span class='ocrx_word' id='word_1_398' title='bbox 192 2875 273 2905; x_wconf 88' lang='lat' dir='ltr'><strong>Not</strong></span> <span class='ocrx_word' id='word_1_399' title='bbox 292 2877 320 2907; x_wconf 93' lang='grc'><strong>1.</strong></span> <span class='ocrx_word' id='word_1_400' title='bbox 341 2886 374 2917; x_wconf 90' lang='lat' dir='ltr'><strong>p</strong></span> <span class='ocrx_word' id='word_1_401' title='bbox 389 2874 466 2907; x_wconf 66' lang='lat'><strong>293.</strong></span> <span class='ocrx_word' id='word_1_402' title='bbox 489 2873 574 2905; x_wconf 49' lang='lat' dir='ltr'><strong>edfi.</strong></span> 
     </span>
    </p>

    <p class='ocr_par' dir='ltr' id='par_1_18' title="bbox 192 2915 956 3006">
     <span class='ocr_line' id='line_1_57' title="bbox 254 2915 956 2960; baseline -0.01 -8"><span class='ocrx_word' id='word_1_403' title='bbox 254 2876 594 2960; x_wconf 51' lang='lat' dir='ltr'><strong>pacetuadixerims</strong></span> <span class='ocrx_word' id='word_1_404' title='bbox 600 2919 672 2956; x_wconf 86' lang='lat' dir='ltr'><strong>Est</strong></span> <span class='ocrx_word' id='word_1_405' title='bbox 694 2916 825 2960; x_wconf 74' lang='lat' dir='ltr'><strong>elegans</strong></span> <span class='ocrx_word' id='word_1_406' title='bbox 846 2915 956 2947; x_wconf 82' lang='lat' dir='ltr'><strong>forma</strong></span> 
     </span>
     <span class='ocr_line' id='line_1_58' title="bbox 192 2944 952 3006; baseline -0.003 -12"><span class='ocrx_word' id='word_1_407' title='bbox 192 2965 349 3006; x_wconf 79' lang='lat' dir='ltr'><strong>precandi</strong></span> <span class='ocrx_word' id='word_1_408' title='bbox 368 2964 497 2997; x_wconf 86' lang='lat' dir='ltr'><strong>veniam</strong></span> <span class='ocrx_word' id='word_1_409' title='bbox 517 2964 551 2996; x_wconf 86' lang='lat' dir='ltr'><strong>in</strong></span> <span class='ocrx_word' id='word_1_410' title='bbox 570 2944 730 3003; x_wconf 85' lang='lat' dir='ltr'><strong>dissensu,</strong></span> <span class='ocrx_word' id='word_1_411' title='bbox 756 2973 820 3006; x_wconf 83' lang='lat' dir='ltr'><strong>qua</strong></span> <span class='ocrx_word' id='word_1_412' title='bbox 840 2967 952 2993; x_wconf 84' lang='lat' dir='ltr'><strong>tamen</strong></span> 
     </span>
    </p>
   </div>
   <div class='ocr_carea' id='block_1_17' title="bbox 988 2371 1763 3006">
    <p class='ocr_par' dir='ltr' id='par_1_19' title="bbox 988 2371 1763 3006">
     <span class='ocr_line' id='line_1_59' title="bbox 1294 2371 1762 2410; baseline 0 -6"><span class='ocrx_word' id='word_1_413' title='bbox 1294 2374 1433 2404; x_wconf 84' lang='lat' dir='ltr'><strong>Moserus</strong></span> <span class='ocrx_word' id='word_1_414' title='bbox 1453 2371 1547 2403; x_wconf 82' lang='lat' dir='ltr'><strong>addit</strong></span> <span class='ocrx_word' id='word_1_415' title='bbox 1568 2371 1610 2403; x_wconf 86' lang='lat' dir='ltr'><strong>de</strong></span> <span class='ocrx_word' id='word_1_416' title='bbox 1629 2371 1715 2402; x_wconf 87' lang='lat' dir='ltr'><strong>Fato</strong></span> <span class='ocrx_word' id='word_1_417' title='bbox 1729 2371 1762 2410; x_wconf 86' lang='lat'><strong>3.</strong></span> 
     </span>
     <span class='ocr_line' id='line_1_60' title="bbox 994 2415 1763 2461; baseline -0.003 -11"><span class='ocrx_word' id='word_1_418' title='bbox 994 2419 1033 2450; x_wconf 83' lang='lat'><strong>5:</strong></span> <span class='ocrx_word' id='word_1_419' title='bbox 1060 2417 1221 2461; x_wconf 81' lang='lat' dir='ltr'><strong>quaedam</strong></span> <span class='ocrx_word' id='word_1_420' title='bbox 1245 2417 1345 2449; x_wconf 52' lang='lat' dir='ltr'><strong>etium</strong></span> <span class='ocrx_word' id='word_1_421' title='bbox 1368 2415 1564 2449; x_wconf 86' lang='lat' dir='ltr'><strong>Posidonius</strong></span> <span class='ocrx_word' id='word_1_422' title='bbox 1584 2418 1675 2459; x_wconf 83' lang='lat' dir='ltr'><strong>(pace</strong></span> <span class='ocrx_word' id='word_1_423' title='bbox 1692 2426 1763 2448; x_wconf 78' lang='grc' dir='ltr'><strong><em>πια-</em></strong></span> 
     </span>
     <span class='ocr_line' id='line_1_61' title="bbox 994 2461 1649 2504; baseline -0.005 -8"><span class='ocrx_word' id='word_1_424' title='bbox 994 2466 1083 2504; x_wconf 77' lang='lat' dir='ltr'><strong>9istri</strong></span> <span class='ocrx_word' id='word_1_425' title='bbox 1106 2463 1254 2504; x_wconf 78' lang='lat' dir='ltr'><strong>dixerim)</strong></span> <span class='ocrx_word' id='word_1_426' title='bbox 1281 2461 1485 2495; x_wconf 83' lang='lat' dir='ltr'><strong>comminisci</strong></span> <span class='ocrx_word' id='word_1_427' title='bbox 1507 2461 1649 2494; x_wconf 82' lang='lat' dir='ltr'><strong>videtur.</strong></span> 
     </span>
     <span class='ocr_line' id='line_1_62' title="bbox 1064 2505 1761 2552; baseline -0.003 -12"><span class='ocrx_word' id='word_1_428' title='bbox 1064 2511 1179 2549; x_wconf 82' lang='lat' dir='ltr'><strong>Nempe</strong></span> <span class='ocrx_word' id='word_1_429' title='bbox 1210 2508 1321 2552; x_wconf 71' lang='lat' dir='ltr'><strong>myas]</strong></span> <span class='ocrx_word' id='word_1_430' title='bbox 1361 2507 1441 2539; x_wconf 89' lang='lat' dir='ltr'><strong>Cum</strong></span> <span class='ocrx_word' id='word_1_431' title='bbox 1472 2506 1579 2539; x_wconf 80' lang='lat' dir='ltr'><strong>ironia</strong></span> <span class='ocrx_word' id='word_1_432' title='bbox 1609 2505 1761 2549; x_wconf 90' lang='lat' dir='ltr'><strong>quadam.</strong></span> 
     </span>
     <span class='ocr_line' id='line_1_63' title="bbox 993 2551 1761 2602; baseline -0.004 -17"><span class='ocrx_word' id='word_1_433' title='bbox 993 2555 1080 2587; x_wconf 77' lang='lat' dir='ltr'><strong>Nicht</strong></span> <span class='ocrx_word' id='word_1_434' title='bbox 1100 2556 1218 2585; x_wconf 76' lang='lat' dir='ltr'><strong>walir?</strong></span> <span class='ocrx_word' id='word_1_435' title='bbox 1243 2556 1287 2586; x_wconf 80' lang='lat' dir='ltr'><strong>du</strong></span> <span class='ocrx_word' id='word_1_436' title='bbox 1310 2554 1514 2593; x_wconf 75' lang='lat' dir='ltr'><strong>behauptest?</strong></span> <span class='ocrx_word' id='word_1_437' title='bbox 1562 2551 1616 2583; x_wconf 90' lang='lat' dir='ltr'><strong>Sic</strong></span> <span class='ocrx_word' id='word_1_438' title='bbox 1636 2551 1761 2602; x_wconf 78' lang='lat' dir='ltr'><strong>saepis-</strong></span> 
     </span>
     <span class='ocr_line' id='line_1_64' title="bbox 992 2596 1758 2650; baseline 0.001 -22"><span class='ocrx_word' id='word_1_439' title='bbox 992 2598 1073 2630; x_wconf 86' lang='lat' dir='ltr'><strong>sime</strong></span> <span class='ocrx_word' id='word_1_440' title='bbox 1106 2609 1216 2650; x_wconf 77' lang='lat' dir='ltr'><strong>nempe</strong></span> <span class='ocrx_word' id='word_1_441' title='bbox 1247 2599 1279 2630; x_wconf 86' lang='lat' dir='ltr'><strong>in</strong></span> <span class='ocrx_word' id='word_1_442' title='bbox 1315 2597 1577 2650; x_wconf 74' lang='lat' dir='ltr'><strong>iuteirogatione</strong></span> <span class='ocrx_word' id='word_1_443' title='bbox 1612 2596 1758 2640; x_wconf 85' lang='lat' dir='ltr'><strong>ponitur,</strong></span> 
     </span>
     <span class='ocr_line' id='line_1_65' title="bbox 992 2641 1761 2686; baseline 0 -12"><span class='ocrx_word' id='word_1_444' title='bbox 992 2643 1047 2674; x_wconf 87' lang='lat' dir='ltr'><strong>nbi</strong></span> <span class='ocrx_word' id='word_1_445' title='bbox 1070 2643 1141 2686; x_wconf 86' lang='lat' dir='ltr'><strong>quis</strong></span> <span class='ocrx_word' id='word_1_446' title='bbox 1164 2643 1248 2676; x_wconf 90' lang='lat' dir='ltr'><strong>scire</strong></span> <span class='ocrx_word' id='word_1_447' title='bbox 1270 2643 1378 2686; x_wconf 79' lang='lat' dir='ltr'><strong>cupit,</strong></span> <span class='ocrx_word' id='word_1_448' title='bbox 1403 2641 1647 2674; x_wconf 79' lang='lat' dir='ltr'><strong>intellexeritne</strong></span> <span class='ocrx_word' id='word_1_449' title='bbox 1671 2649 1761 2674; x_wconf 82' lang='lat' dir='ltr'><strong>recte</strong></span> 
     </span>
     <span class='ocr_line' id='line_1_66' title="bbox 993 2687 1760 2730; baseline -0.001 -10"><span class='ocrx_word' id='word_1_450' title='bbox 993 2688 1128 2720; x_wconf 80' lang='lat' dir='ltr'><strong>alterius</strong></span> <span class='ocrx_word' id='word_1_451' title='bbox 1149 2689 1250 2721; x_wconf 86' lang='lat' dir='ltr'><strong>verba</strong></span> <span class='ocrx_word' id='word_1_452' title='bbox 1268 2688 1320 2720; x_wconf 88' lang='lat' dir='ltr'><strong>vel</strong></span> <span class='ocrx_word' id='word_1_453' title='bbox 1341 2687 1397 2719; x_wconf 86' lang='lat' dir='ltr'><strong>nbi</strong></span> <span class='ocrx_word' id='word_1_454' title='bbox 1416 2687 1488 2730; x_wconf 89' lang='lat' dir='ltr'><strong>quis</strong></span> <span class='ocrx_word' id='word_1_455' title='bbox 1507 2687 1648 2720; x_wconf 87' lang='lat' dir='ltr'><strong>alterum</strong></span> <span class='ocrx_word' id='word_1_456' title='bbox 1669 2688 1760 2720; x_wconf 76' lang='lat' dir='ltr'><strong>exci-</strong></span> 
     </span>
     <span class='ocr_line' id='line_1_67' title="bbox 992 2732 1760 2776; baseline 0.003 -12"><span class='ocrx_word' id='word_1_457' title='bbox 992 2740 1064 2772; x_wconf 85' lang='lat' dir='ltr'><strong>tat,</strong></span> <span class='ocrx_word' id='word_1_458' title='bbox 1090 2740 1123 2765; x_wconf 88' lang='lat' dir='ltr'><strong>u.t</strong></span> <span class='ocrx_word' id='word_1_459' title='bbox 1148 2735 1311 2772; x_wconf 83' lang='lat' dir='ltr'><strong>fateatur,</strong></span> <span class='ocrx_word' id='word_1_460' title='bbox 1337 2744 1406 2764; x_wconf 87' lang='lat' dir='ltr'><strong>rem</strong></span> <span class='ocrx_word' id='word_1_461' title='bbox 1429 2732 1571 2776; x_wconf 85' lang='lat' dir='ltr'><strong>aliquam</strong></span> <span class='ocrx_word' id='word_1_462' title='bbox 1592 2740 1684 2766; x_wconf 86' lang='lat' dir='ltr'><strong>recte</strong></span> <span class='ocrx_word' id='word_1_463' title='bbox 1707 2733 1760 2766; x_wconf 90' lang='lat' dir='ltr'><strong>vel</strong></span> 
     </span>
     <span class='ocr_line' id='line_1_68' title="bbox 991 2778 1759 2819; baseline 0.003 -10"><span class='ocrx_word' id='word_1_464' title='bbox 991 2778 1196 2810; x_wconf 81' lang='lat' dir='ltr'><strong>intellectam</strong></span> <span class='ocrx_word' id='word_1_465' title='bbox 1216 2778 1269 2811; x_wconf 90' lang='lat' dir='ltr'><strong>vel</strong></span> <span class='ocrx_word' id='word_1_466' title='bbox 1293 2778 1415 2810; x_wconf 84' lang='lat' dir='ltr'><strong>factam</strong></span> <span class='ocrx_word' id='word_1_467' title='bbox 1438 2790 1527 2819; x_wconf 86' lang='lat' dir='ltr'><strong>esse,</strong></span> <span class='ocrx_word' id='word_1_468' title='bbox 1563 2790 1634 2811; x_wconf 90' lang='lat' dir='ltr'><strong>rem</strong></span> <span class='ocrx_word' id='word_1_469' title='bbox 1655 2779 1702 2811; x_wconf 84' lang='lat' dir='ltr'><strong>sic</strong></span> <span class='ocrx_word' id='word_1_470' title='bbox 1722 2791 1759 2811; x_wconf 83' lang='lat' dir='ltr'><strong>se</strong></span> 
     </span>
     <span class='ocr_line' id='line_1_69' title="bbox 990 2822 1751 2867; baseline 0.001 -12"><span class='ocrx_word' id='word_1_471' title='bbox 990 2824 1112 2856; x_wconf 85' lang='lat' dir='ltr'><strong>habere</strong></span> <span class='ocrx_word' id='word_1_472' title='bbox 1146 2830 1266 2867; x_wconf 81' lang='lat' dir='ltr'><strong>sponte</strong></span> <span class='ocrx_word' id='word_1_473' title='bbox 1301 2830 1428 2867; x_wconf 81' lang='lat' dir='ltr'><strong>patere.</strong></span> <span class='ocrx_word' id='word_1_474' title='bbox 1478 2825 1568 2857; x_wconf 85' lang='lat' dir='ltr'><strong>Brut.</strong></span> <span class='ocrx_word' id='word_1_475' title='bbox 1585 2826 1655 2864; x_wconf 87' lang='lat'><strong>111,</strong></span> <span class='ocrx_word' id='word_1_476' title='bbox 1692 2822 1751 2856; x_wconf 89' lang='lat'><strong>14.</strong></span> 
     </span>
     <span class='ocr_line' id='line_1_70' title="bbox 989 2868 1757 2915; baseline 0.001 -14"><span class='ocrx_word' id='word_1_477' title='bbox 989 2870 1076 2901; x_wconf 89' lang='lat' dir='ltr'><strong>Tum</strong></span> <span class='ocrx_word' id='word_1_478' title='bbox 1096 2869 1173 2902; x_wconf 78' lang='lat' dir='ltr'><strong>ille:</strong></span> <span class='ocrx_word' id='word_1_479' title='bbox 1197 2872 1311 2910; x_wconf 84' lang='lat' dir='ltr'><strong>Nempe</strong></span> <span class='ocrx_word' id='word_1_480' title='bbox 1334 2881 1408 2901; x_wconf 89' lang='lat' dir='ltr'><strong>eum</strong></span> <span class='ocrx_word' id='word_1_481' title='bbox 1431 2868 1523 2910; x_wconf 87' lang='lat' dir='ltr'><strong>dicis,</strong></span> <span class='ocrx_word' id='word_1_482' title='bbox 1547 2869 1665 2915; x_wconf 89' lang='lat' dir='ltr'><strong>inquit,</strong></span> <span class='ocrx_word' id='word_1_483' title='bbox 1691 2881 1757 2913; x_wconf 89' lang='lat' dir='ltr'><strong>quo</strong></span> 
     </span>
     <span class='ocr_line' id='line_1_71' title="bbox 988 2914 1758 2948; baseline 0.003 -2"><span class='ocrx_word' id='word_1_484' title='bbox 988 2914 1051 2947; x_wconf 85' lang='lat' dir='ltr'><strong>iste</strong></span> <span class='ocrx_word' id='word_1_485' title='bbox 1068 2926 1200 2948; x_wconf 88' lang='lat' dir='ltr'><strong>omnem</strong></span> <span class='ocrx_word' id='word_1_486' title='bbox 1219 2926 1328 2947; x_wconf 84' lang='lat' dir='ltr'><strong>relum</strong></span> <span class='ocrx_word' id='word_1_487' title='bbox 1346 2915 1541 2948; x_wconf 88' lang='lat' dir='ltr'><strong>memoriam</strong></span> <span class='ocrx_word' id='word_1_488' title='bbox 1555 2915 1702 2948; x_wconf 85' lang='lat' dir='ltr'><strong>breviter</strong></span> <span class='ocrx_word' id='word_1_489' title='bbox 1715 2934 1758 2940; x_wconf 94' lang='lat'><strong>—</strong></span> 
     </span>
     <span class='ocr_line' id='line_1_72' title="bbox 989 2960 1756 3006; baseline 0 -14"><span class='ocrx_word' id='word_1_490' title='bbox 989 2961 1179 3006; x_wconf 83' lang='lat' dir='ltr'><strong>complexus</strong></span> <span class='ocrx_word' id='word_1_491' title='bbox 1203 2960 1280 2993; x_wconf 80' lang='lat' dir='ltr'><strong>est?</strong></span> <span class='ocrx_word' id='word_1_492' title='bbox 1329 2963 1433 2994; x_wconf 84' lang='lat' dir='ltr'><strong>Istum</strong></span> <span class='ocrx_word' id='word_1_493' title='bbox 1456 2961 1584 3006; x_wconf 89' lang='lat' dir='ltr'><strong>ipsum,</strong></span> <span class='ocrx_word' id='word_1_494' title='bbox 1608 2961 1756 3006; x_wconf 84' lang='lat' dir='ltr'><strong>inquam,</strong></span> 
     </span>
    </p>
   </div>
  </div>
 </body>
</html>
