1843 3101
173 58 256 103 166

171 150 284 205 quasi
305 151 412 194 faces
436 153 473 194 ei
495 153 641 194 doloris
665 151 996 204 admoverentur,
1042 165 1162 209 saepe
1186 152 1362 194 dixisse:
1406 151 1519 194 Nihil
1539 154 1624 209 agis
1639 187 1650 207 ,
1683 155 1752 197 do-

719 71 884 105 LIBER
907 72 950 105 11.
974 69 1039 114 26,
1063 69 1118 105 62.
1142 70 1199 107 63.

169 224 254 266 lor!
287 227 465 281 quamvis
496 227 551 267 sis
583 226 797 277 molestus,
831 241 1029 282 nunquam
1062 234 1098 268 te
1131 241 1220 268 esse
1251 227 1470 268 conlitebor
1498 227 1659 270 malum.

224 297 387 342 XXVI.
414 307 480 341 62.
507 298 757 356 Omninoque
774 314 910 342 omnes
929 302 1022 343 clari
1040 309 1079 343 et
1095 302 1287 343 nobilitati
1306 302 1462 343 labores
1478 303 1752 346 contendendo

169 373 266 414 flunt
293 374 407 415 etiam
433 374 674 416 tolerabiles.
737 374 1005 428 Videmusne,
1048 383 1090 417 ut
1119 377 1219 431 apud
1253 390 1350 431 quos
1386 390 1521 417 eorum
1553 376 1749 431 ludorum,

168 447 231 501 qui
263 448 433 502 gymnici
467 450 742 500 nominantur,
787 465 950 505 magnus
983 451 1107 492 honos
1139 451 1212 502 sit,
1257 450 1405 491 nullum
1430 451 1576 503 abiis,
1621 452 1686 507 qui
1712 453 1752 494 in

165 519 204 560 id
233 528 433 563 certamen
468 523 732 576 descendant,
775 525 941 566 devitari
975 525 1178 565 dolorem?
1236 523 1351 580 Apud
1385 539 1482 579 quos
1519 533 1648 568 autem
1682 540 1753 568 ve-

164 595 280 635 nandi
315 603 354 637 et
383 597 580 652 equitandi
614 599 697 640 laus
732 599 862 654 viget,
910 599 972 654 qui
1008 599 1107 640 hane
1141 606 1368 654 petessunt,
1415 599 1562 640 nullum
1597 601 1752 656 fugiunt

418 669 522 725 Quid
547 674 594 713 de
616 674 760 714 nostris
784 673 1085 725 ambitionibus,
1134 673 1223 728 quid
1249 674 1295 714 de
1320 673 1532 729 cupiditate
1557 674 1751 716 honorum

162 741 328 797 loquar?
370 760 468 800 quae
501 748 655 788 flamma
685 756 769 799 est,
817 762 887 803 per
919 762 1031 802 quam
1066 762 1144 788 non
1176 748 1423 788 cucurrerint
1455 748 1506 799 ii,
1553 749 1616 803 qui
1653 749 1748 791 haec

163 667 337 710 dolorem
346 701 354 711 .

162 817 253 858 olim
276 820 430 874 punctis
451 821 615 877 singulis
637 822 899 877 colligebant?
932 820 1065 876 ltaque
1086 835 1244 877 semper
1264 822 1479 863 Africanus
1499 820 1749 866 Socraticum

159 889 469 949 Xenophontem
490 896 530 936 in'
549 897 729 937 manibus
749 897 929 946 habebat,
961 896 1071 936 cuius
1094 896 1130 936 in
1150 896 1283 951 primis
1303 896 1484 937 laudabat
1502 897 1609 948 illud,
1644 898 1748 958 quod

160 965 333 1019 diceret,
378 970 536 1010 eosdem
558 971 714 1011 labores
738 985 815 1011 non
850 984 939 1010 esse
966 983 1090 1024 aeque
1116 983 1259 1023 graves
1293 970 1520 1025 imperatori
1552 977 1591 1011 et
1616 971 1744 1024 militi,

158 1041 260 1095 quod
291 1042 375 1097 ipse
408 1043 532 1084 honos
561 1045 735 1085 laborem
772 1045 962 1085 leviorem
1002 1047 1151 1085 laceret
1186 1044 1496 1099 imperatorium.

210 1148 321 1190 'quasi
351 1153 436 1192 faces
470 1154 601 1197 doloris]
640 1152 792 1195 Eleganti
824 1159 934 1185 meta—

159 1193 266 1237 phora
287 1208 349 1239 pro
371 1200 598 1231 ardentissimis
619 1202 787 1231 doloribus.
835 1199 933 1231 Oslic.

159 1241 200 1272 Il.
218 1242 268 1281 10,
291 1242 352 1276 57:
379 1245 522 1277 dotorum
537 1256 633 1285 quum
651 1248 858 1277 admoventur
879 1246 934 1276 fa—

160 1297 233 1324 ces,
270 1293 397 1327 praeter
419 1292 545 1322 modum
570 1293 709 1331 plerique
733 1294 932 1322 efferrentur.

159 1331 216 1363 Sic
238 1331 324 1365 {nfra
348 1335 386 1365 V.
404 1335 467 1372 27,
495 1335 556 1369 76:
599 1337 702 1368 Dolor
724 1346 786 1367 esse
810 1338 935 1368 videtur

157 1380 330 1410 acerrimus
349 1382 457 1412 virtuti
477 1383 700 1413 adversarius:
733 1383 759 1413 is
778 1381 933 1412 ardentes

158 1421 250 1455 faces
282 1427 420 1457 intentat.
479 1426 568 1458 Alias
604 1429 688 1467 faces
720 1438 781 1469 pro
809 1426 931 1458 incita—

159 1468 280 1500 mentis
302 1478 487 1512 ponnntur,
525 1478 560 1503 ut
582 1474 607 1504 1.
628 1473 687 1511 19,
713 1472 773 1505 44:
811 1485 932 1515 quum-

158 1524 222 1557 que
256 1516 404 1558 corporis
436 1517 564 1549 facibus
594 1517 788 1549 inllummari
820 1518 932 1550 solea-

157 1571 230 1591 mus
252 1560 294 1592 ad
319 1573 432 1594 omnes
457 1563 528 1595 sere
553 1563 763 1607 cupiditates.
823 1565 931 1596 Etiam

157 1605 295 1638 verbum
330 1609 465 1641 ardendi
505 1609 546 1641 de
583 1610 754 1641 doloribus
798 1609 930 1642 dicitur.

155 1650 228 1683 Fin.
245 1652 283 1683 ΙΙ.
302 1652 356 1685 2³5⁴.
374 1661 478 1685 extu:
505 1667 604 1698 quum
627 1667 741 1687 omnes
761 1663 849 1687 artus
872 1667 930 1688 ar-

153 1697 225 1729 dere
246 1697 450 1731 viderentur.
482 1701 520 1732 V.
545 1701 599 1733 31.
620 1709 722 1733 extr.:
749 1713 848 1745 quum
871 1712 930 1734 ar-

155 1743 239 1775 deret
261 1743 430 1788 podagrae
452 1745 634 1778 doloribus.

221 1808 300 1839 nihil
322 1808 407 1851 ayis]
435 1809 476 1839 II.
492 1820 519 1840 e.
540 1809 621 1840 nihil
643 1809 766 1847 efficis,
793 1821 929 1853 operam

155 1851 278 1894 perdis.
327 1853 431 1897 Epist.
450 1855 512 1886 XI.
534 1856 588 1894 20¹,
616 1856 672 1887 10:
715 1861 806 1887 metu
832 1855 928 1888 nobis

155 1903 354 1940 extorquere
377 1907 550 1932 conantur.
587 1900 652 1932 Sed
675 1901 755 1933 nihil
776 1908 888 1944 agunt.

220 1970 382 2001 nunquam
404 1982 450 1987 -
473 1964 607 2005 malum]
636 1963 738 1996 stoici
762 1964 849 1995 enim
873 1963 927 1995 di-

156 2003 295 2043 cebant,
331 2014 464 2048 praeter
487 2009 727 2051 turpitudinem
749 2009 830 2041 nihil
857 2022 927 2042 esse

153 2049 294 2088 malum,
320 2051 471 2085 dolorem
492 2053 610 2096 igitur,
636 2055 711 2097 qnia
732 2055 837 2098 turpis
859 2067 926 2089 non

155 2101 262 2134 esset,
288 2108 350 2129 nec
369 2098 491 2130 malum
513 2111 583 2131 esse
605 2106 639 2131 et
658 2100 833 2133 serendum
856 2113 926 2134 esse

153 2140 238 2173 viro.
289 2142 340 2174 Cf.
364 2143 435 2175 Fin.
459 2146 506 2184 V,
533 2146 587 2178 311.

223 2197 300 2229 cip.
315 2200 443 2232 XXVI.
464 2200 517 2233 (32.
543 2204 766 2245 contendendo]
792 2203 847 2235 Sic
862 2215 924 2246 pro

152 2241 289 2286 vulgato
307 2249 526 2278 contemnendo
549 2246 724 2289 legendnm
749 2260 821 2280 esse
845 2261 925 2292 per—

153 2289 262 2332 spexit
292 2302 429 2323 acumen
453 2294 591 2324 Bentleii.
648 2294 800 2337 Namque
824 2306 924 2338 quum

152 2345 213 2378 per
228 2335 358 2368 labores
372 2336 580 2379 intelligendi
598 2338 664 2369 sint
682 2339 750 2370 ludi
766 2340 922 2383 gymnici,

152 2381 350 2414 vocabulum
374 2386 594 2415 contemnendo
617 2384 792 2416 absurdam
818 2386 921 2428 signi-

152 2425 250 2458 ficare
283 2428 502 2467 sententiam,
541 2429 716 2461 obscurum
751 2442 820 2462 esse
855 2443 923 2463 non

151 2478 276 2515 potest.
325 2475 475 2513 „Immo‚
513 2474 618 2517 inquit
651 2476 827 2516 Bentleius,
867 2476 923 2520 qui

151 2517 379 2562 admirantur,
405 2519 459 2563 qui
481 2519 710 2563 Olympiorum
736 2521 921 2560 victoriam,

152 2570 189 2594 ut
210 2565 360 2608 superius
389 2565 492 2604 dixit,
527 2565 697 2609 antiquum
721 2565 813 2597 illum
838 2578 922 2598 cou-

151 2608 294 2642 sulatum
314 2611 528 2650 arbitrantur,
553 2611 587 2643 hi
604 2618 699 2644 tanto
721 2611 849 2643 facilius
870 2612 922 2644 la-

152 2654 250 2687 bores
271 2667 328 2688 eos
343 2657 584 2701 perpetiuntur,
611 2664 735 2700 quanto
750 2657 783 2688 in
797 2656 922 2689 maiore

151 2700 322 2734 felicitatis
343 2710 438 2745 parte
456 2707 623 2746 ponunt.“
672 2703 796 2735 Contra
817 2714 922 2735 voca—

148 2745 262 2778 bulum
284 2751 494 2782 contendendo
525 2748 604 2781 huic
633 2748 709 2781 loco
743 2748 842 2791 longe
873 2755 923 2781 est

149 2791 366 2834 aptissimum.
414 2795 501 2826 Nam
518 2793 697 2838 superioris
717 2793 922 2837 disputatio-

150 2836 199 2868 nis
232 2838 323 2881 (inde
358 2852 377 2872 a
403 2852 429 2872 c.
454 2840 517 2880 22,
542 2841 596 2873 51.
631 2851 732 2884 usque
763 2839 806 2871 ad
829 2840 863 2872 h.
882 2840 919 2882 l.)

150 2889 248 2924 caput
270 2883 304 2916 in
332 2896 372 2917 eo
396 2885 609 2926 versabatur,
645 2892 682 2918 ut
707 2885 922 2918 demonstra-

147 2932 259 2966 retur,
285 2929 508 2964 firmissimum
529 2939 646 2965 contra
666 2931 800 2965 dolores
820 2943 921 2976 prae-

145 2970 266 3005 sidium
281 2976 427 3017 positum
454 2989 525 3010 esse
542 2977 576 3010 in
595 2980 793 3012 contentione.
828 2979 922 3011 Bent-

1559 1050 1629 1086 63.
1665 1043 1747 1087 Sed

969 1156 1020 1186 leii
1045 1153 1236 1185 coniectura
1259 1152 1408 1184 firmatur
1441 1163 1507 1185 uno
1532 1152 1605 1185 cod.
1628 1153 1746 1186 Lalle-

969 1198 1092 1231 manni.

1038 1246 1127 1285 apud
1140 1244 1230 1287 quos]
1254 1243 1404 1276 Breviter
1416 1243 1542 1276 dictum
1556 1255 1635 1287 pro:
1656 1245 1745 1289 apud

970 1301 1052 1334 quos
1083 1301 1196 1321 eornm
1223 1289 1376 1321 ludorum
1397 1310 1442 1315 —
1466 1301 1603 1332 magnus
1633 1290 1742 1323 honos

969 1337 1032 1373 sit,
1069 1338 1157 1376 apud
1181 1346 1230 1367 eos
1254 1335 1379 1366 nullum
1401 1335 1441 1367 ab
1467 1334 1505 1366 iis
1530 1354 1576 1360 —
1600 1335 1744 1369 devitari

971 1381 1147 1414 dolorem?
1192 1380 1281 1424 apud
1317 1392 1399 1424 quos
1432 1387 1543 1412 autem
1567 1400 1613 1405 ——
1642 1381 1743 1424 viget,

970 1427 1058 1471 apud
1081 1438 1135 1459 eos
1161 1427 1232 1469 (ii),
1257 1426 1310 1470 qui
1335 1426 1420 1458 hauc
1444 1426 1602 1470 (laudem)
1626 1434 1745 1471 petes—

968 1481 1064 1514 sunt,
1092 1473 1217 1505 nullum
1241 1472 1374 1514 fugiunt
1397 1472 1562 1504 dolorem.

1034 1520 1204 1561 petessant]
1223 1518 1359 1550 Festus:
1382 1520 1532 1551 Petissere
1546 1519 1742 1562 (petessere)

967 1565 1093 1608 antiqui
1129 1576 1188 1607 pro
1211 1568 1311 1604 petere
1336 1564 1512 1603 dicebant,
1549 1576 1587 1596 ea
1611 1564 1746 1608 quidem

967 1612 1094 1649 forma,
1134 1623 1196 1654 qua
1229 1616 1306 1641 sunt
1338 1612 1487 1642 lacessere
1520 1616 1554 1642 et
1582 1613 1745 1652 incessere,

965 1657 1043 1692 sed,
1085 1663 1118 1687 ut
1142 1655 1221 1687 mibi
1246 1655 1395 1695 videtur,
1417 1663 1488 1687 tum
1511 1656 1744 1699 significabant

964 1705 1091 1743 saepius
1111 1706 1223 1742 petere.
1275 1702 1321 1732 De
1346 1700 1505 1733 orationis
1528 1702 1683 1745 obliquae
1705 1701 1741 1734 in

966 1755 1091 1780 rectam
1115 1747 1256 1779 transitu
1280 1758 1309 1778 v.
1337 1745 1380 1778 ad
1404 1747 1460 1778 1V.
1486 1748 1545 1784 10,
1571 1751 1625 1780 24.

1032 1792 1266 1835 atribilionibus]
1302 1793 1345 1826 H.
1367 1803 1396 1823 e.
1426 1791 1643 1835 petitionibus
1671 1793 1739 1826 ho-

964 1850 1090 1872 norum.
1139 1839 1178 1871 V.
1206 1839 1330 1870 Schutz.
1351 1837 1420 1869 lnd.
1448 1837 1556 1870 Latin.
1583 1839 1615 1870 h.
1639 1851 1671 1871 v.

1033 1894 1113 1926 quoe
1137 1886 1270 1926 flamma
1300 1887 1360 1923 est,
1393 1893 1450 1924 per
1472 1894 1568 1924 quam
1602 1895 1663 1917 non
1683 1895 1739 1917 cu—

961 1930 1126 1974 currerint]
1173 1928 1393 1961 Proverbialis
1425 1928 1558 1961 dicendi
1592 1929 1738 1963 formula

964 1988 1045 2020 pro:
1071 1978 1194 2008 nullum
1216 1976 1390 2015 periculum
1411 1976 1638 2016 subterfugere,
1662 1985 1738 2017 yra-

960 2025 1104 2054 vissimos
1138 2023 1259 2053 labores
1279 2023 1434 2060 suscipere
1469 2024 1519 2063 (ut
1550 2020 1666 2054 nobis:
1704 2031 1738 2054 er

965 2069 1046 2108 taust
1069 2070 1122 2109 fiir
1146 2068 1227 2098 mich
1249 2067 1374 2098 durch’s
1396 2066 1520 2109 Feuer).

1028 2116 1152 2154 punctis
1164 2111 1310 2156 sinqulis]
1338 2112 1379 2143 H.
1398 2123 1425 2143 e.
1440 2111 1646 2155 singulorum
1662 2112 1738 2144 suf-

962 2159 1087 2201 fragiis.
1147 2157 1312 2200 Snll'ragiu
1337 2157 1425 2189 enim
1447 2164 1524 2189 ante
1548 2157 1737 2191 tabularum

963 2217 1053 2236 usum
1069 2204 1100 2235 in
1119 2203 1262 2235 comitiis
1279 2203 1481 2235 notabantur
1494 2206 1628 2244 punctis,
1642 2215 1737 2250 ,quae

961 2249 1215 2282 candidatorum
1231 2248 1419 2280 nominibus
1438 2248 1659 2282 addebantur.
1695 2251 1735 2283 V.

959 2298 1091 2328 Ernesiii
1114 2294 1205 2326 Clav.
1229 2294 1381 2326 Ciceron.
1401 2293 1433 2325 h.
1447 2305 1478 2325 v.
1529 2296 1637 2333 Quem
1656 2306 1732 2328 mo-

958 2353 1028 2373 rem
1047 2339 1211 2383 significat
1231 2339 1390 2371 Horatius
1411 2341 1448 2370 A.
1463 2340 1499 2372 P.
1515 2338 1602 2373 343:
1626 2342 1733 2373 Omne
1789 2343 1792 2347 '

958 2387 1036 2418 tulit
1066 2392 1246 2429 punctum,
1284 2385 1339 2428 qui
1363 2384 1495 2416 miscuit
1529 2385 1610 2417 utile
1630 2385 1732 2418 dulci.

1026 2432 1272 2472 Xenophontem]
1302 2430 1378 2474 Cyr.
1396 2431 1421 2461 Ι.
1440 2428 1473 2469 6,
1492 2430 1546 2463 25.
1579 2431 1735 2463 Ceterum

959 2477 1066 2510 oratio
1096 2475 1316 2519 negligentius
1341 2474 1551 2508 conformata
1575 2483 1625 2507 est
1649 2488 1730 2519 pro:

956 2526 1063 2563 Itaque
1086 2524 1253 2563 Africanus
1280 2524 1313 2553 in
1338 2523 1498 2554 socratico
1523 2523 1733 2563 Xenophonte,

956 2579 1046 2608 quem
1068 2578 1188 2607 semper
1211 2570 1245 2599 in
1266 2569 1412 2599 manibus
1435 2568 1588 2607 habebat,
1611 2569 1645 2600 in
1665 2569 1735 2609 pri-

957 2616 1017 2645 ‘mis
1049 2615 1203 2645 laudabat
1235 2615 1315 2645 illud
1339 2617 1418 2644 cett.
1467 2612 1573 2651 Quam
1599 2612 1733 2645 dicendi

957 2658 1196 2701 negligentiam
1214 2669 1281 2690 non
1302 2657 1498 2690 oscitantiae
1517 2657 1648 2690 cuidam
1664 2659 1731 2691 tri-

956 2704 1088 2743 bueris,
1114 2703 1173 2735 sed
1197 2702 1380 2747 quotidiani
1403 2703 1563 2736 sermonis
1587 2715 1732 2737 consue-

957 2748 1083 2788 tudini,
1123 2760 1240 2792 quam,
1280 2755 1317 2780 ut
1349 2760 1450 2792 saepe
1481 2749 1547 2782 iam
1578 2749 1732 2792 diximus,

956 2794 991 2827 hi
1026 2793 1101 2826 libri
1135 2793 1300 2837 dialogica
1335 2794 1443 2840 forma
1473 2795 1654 2840 conscripti
1688 2796 1732 2829 de

957 2839 1120 2872 industria
1138 2840 1235 2872 affeci
1243 2846 1350 2873 arunt.

1021 2896 1116 2927 aeque
1130 2896 1242 2928 9raves
1255 2888 1435 2927 imperatori
1448 2890 1476 2919 et
1489 2886 1596 2931 militi]
1621 2887 1733 2920 Verba

956 2931 1004 2964 sic
1032 2931 1197 2975 iungenda
1221 2937 1315 2963 sunt:
1353 2931 1489 2965 eosdem
1509 2932 1642 2965 labores
1663 2932 1732 2966 im·-

956 2977 1105 3022 peratori
1127 2984 1162 3011 et
1184 2977 1280 3010 militi
1299 2988 1368 3010 non
1386 2989 1458 3011 esse
1481 2989 1586 3025 aeque
1602 2989 1731 3024 graves,
