1843 3101
141 36 229 82 294

147 134 218 170 51.
255 125 347 183 Quo
369 128 458 170 loeo
490 143 636 185 quaero
651 161 662 181 ,
696 143 810 184 quam
833 129 913 171 vim
939 129 1081 170 habeat
1099 129 1198 170 libra
1219 129 1284 171 illa
1303 127 1498 185 Critolai,
1531 129 1597 185 qui
1617 144 1736 186 quum

150 202 190 244 in
215 202 379 245 alteram
411 203 565 245 lancem
596 204 717 244 animi
748 204 852 245 bona
885 204 1085 260 imponat,
1128 205 1169 245 in
1196 205 1361 247 alteram
1392 204 1571 261 corporis
1597 212 1638 246 et
1665 217 1738 246 ex-

151 284 288 330 terna,
336 284 485 319 tantum
513 278 759 335 propendere
789 279 894 320 illam
927 279 1080 320 lancem
1113 287 1244 336 putet,
1296 287 1339 322 ut
1366 286 1513 321 terram
1544 285 1585 321 et
1613 279 1739 321 maria

151 351 356 407 deprimat.

262 423 426 467 XVIII.
491 424 594 480 Quid
620 440 716 482 ergo
747 434 815 468 aut
845 427 947 470 hunc
980 428 1183 485 prohibet,
1228 435 1295 469 aut
1326 428 1444 469 etiam
1466 426 1739 486 Xenocratem

151 499 281 550 illum,
324 500 600 556 gravissimum
629 501 971 557 philosophorum,
1006 510 1315 559 exaggerantem
1339 509 1449 544 tanto
1474 515 1595 558 opere
1613 502 1740 563 virtu-

152 580 246 624 tem,
280 581 563 617 extenuantem
589 584 723 618 cetera
749 584 789 617 et
809 577 1075 630 abiicientem,
1109 578 1148 618 in
1171 577 1317 618 virtute
1343 580 1422 618 non
1443 576 1597 618 beatam
1623 576 1741 618 modo

152 647 297 701 vitam,
340 649 409 691 sed
441 650 557 691 etiam
581 651 847 693 beatissimam
875 654 1049 708 ponere?
1092 652 1194 707 quod
1217 651 1372 707 quidem
1403 651 1478 692 nisi
1505 651 1569 703 fit,
1614 651 1742 692 virtu-

154 730 233 763 tum
265 723 448 765 interitus
476 733 758 780 consequetur.

610 49 777 83 menn
802 49 843 83 v.
871 46 933 89 17,
958 48 1013 82 51.
1041 47 1104 90 18,
1129 47 1182 82 52.
1207 48 1262 84 53.

832 734 902 768 52.
935 726 1041 768 Nam
1069 727 1109 768 in
1141 740 1256 782 quem
1286 725 1390 767 eadit
1421 725 1655 781 aegritudo,
1701 725 1742 767 in

153 797 318 838 eundem
345 805 489 840 metum
511 800 651 842 cadere
675 815 842 843 necesse
865 809 951 853 est;
984 809 1045 842 est
1067 802 1170 842 enim
1194 808 1322 842 metus
1351 801 1506 841 futurae
1528 800 1743 856 aegritudi-

154 871 214 912 nis
237 872 404 914 sollicita
432 875 705 930 exspectati03
752 877 791 916 in
814 890 927 931 quem
953 883 1081 916 antem
1110 883 1259 926 metus,
1306 875 1346 915 in
1364 875 1532 916 eundem
1556 875 1741 927 l'ormido,

153 945 364 998 timiditas,
409 962 554 1003 pavor,
596 948 780 1004 ignavia:
822 963 918 1004 ergo
953 956 994 990 ut
1017 949 1117 990 idem
1144 949 1328 991 vincatur
1351 950 1548 991 interdum
1575 963 1648 991 neo
1674 964 1743 1006 pu-

157 1025 211 1061 tet
240 1021 288 1061 ad
319 1035 363 1062 se
395 1031 648 1079 praeceptum
679 1023 772 1065 illud
803 1024 920 1083 Atrei
952 1024 1174 1078 pertinere:

285 1098 449 1137 Proinde
479 1101 536 1137 ita
561 1107 705 1151 parent
730 1113 770 1138 se
801 1101 839 1138 in
871 1098 970 1146 vita,
1007 1106 1051 1137 ut
1080 1100 1182 1138 vinci
1205 1100 1391 1138 nesciant.

154 1165 231 1209 Hic
253 1177 383 1211 autem
409 1172 615 1225 vincetur,
650 1180 692 1214 ut
712 1173 819 1224 dixi,
855 1187 928 1214 nec
955 1172 1071 1214 modo
1097 1173 1304 1224 vincetur,
1338 1171 1409 1214 sed
1430 1171 1548 1214 etiam
1575 1171 1740 1214 serviet.

153 1240 244 1285 Nos
260 1251 391 1286 autem
417 1247 602 1289 virtutem
621 1262 780 1304 semper
799 1248 962 1289 liberam
982 1248 1180 1300 volumus,
1202 1260 1360 1302 semper
1380 1246 1584 1288 invictam.
1630 1245 1746 1302 Quae

156 1317 229 1359 nisi
252 1327 368 1371 sunt,
417 1321 572 1362 sublata
593 1323 719 1363 virtus
743 1329 818 1363 est.
882 1328 953 1363 53.
987 1321 1110 1376 Atqui
1147 1322 1180 1363 si
1204 1322 1244 1363 in
1266 1321 1411 1363 virtute
1429 1321 1527 1363 satis
1549 1329 1612 1363 est
1631 1335 1745 1377 prae-

155 1392 244 1433 sidii
278 1395 327 1435 ad
361 1394 464 1436 bene
497 1396 736 1447 vivendum,
783 1396 880 1437 satis
912 1403 972 1437 est
1000 1397 1116 1437 etiam
1145 1396 1192 1437 ad
1220 1396 1352 1438 beate.

155 1474 264 1508 certe
292 1468 332 1509 in
364 1469 509 1510 virtute
526 1502 537 1520 ,
585 1477 626 1511 ut
650 1471 805 1511 sortiter
829 1470 1027 1512 vivamus.

1417 1394 1525 1438 Satis
1552 1403 1616 1437 est
1641 1395 1745 1437 enim

1092 1469 1137 1513 Si
1164 1471 1342 1522 fortiter,
1388 1471 1507 1512 etiam
1533 1478 1576 1512 ut
1601 1485 1747 1526 magno

154 1540 287 1583 animo
304 1573 315 1593 ,
350 1550 389 1584 et
414 1544 568 1599 quidem
593 1551 636 1585 ut
658 1545 764 1586 nulla
785 1559 829 1586 re
851 1560 1019 1601 unquam
1044 1552 1265 1587 terreamur
1285 1559 1521 1602 semperque
1544 1546 1667 1587 simus
1686 1545 1747 1586 in-

223 1678 277 1712 51.
304 1690 401 1721 quam
423 1683 489 1714 vim
510 1683 638 1725 habeat]
676 1683 718 1714 H.
733 1694 761 1717 e.
786 1682 866 1726 quid
884 1682 933 1714 si-

968 1682 1066 1721 lanx,
1103 1681 1136 1714 in
1170 1694 1235 1726 qua
1261 1682 1361 1715 animi
1393 1682 1482 1715 bona
1513 1689 1613 1724 sunt,
1648 1688 1746 1715 tanto

153 1723 301 1767 gnificat.
339 1727 446 1770 Supra
470 1728 494 1759 1.
518 1729 582 1760 22:
610 1735 644 1760 et
668 1728 823 1760 nimirum
847 1729 934 1761 hanc

969 1728 1120 1772 pondere
1144 1728 1332 1772 propendet
1352 1728 1375 1761 i.
1397 1740 1425 1760 e.
1451 1728 1609 1761 deorsum
1629 1728 1749 1761 defer-

155 1769 258 1803 habet
283 1770 349 1803 vim
374 1780 592 1816 praeceptum
618 1774 795 1818 Apollinis.

223 1818 304 1849 libra
333 1820 390 1850 illa
415 1818 560 1863 Critolai]
599 1820 696 1852 Hanc
729 1820 800 1852 sine
831 1819 933 1853 dubio

155 1862 305 1906 respexit
336 1863 437 1896 etiam
460 1864 532 1897 Fin.
553 1866 592 1897 V.
614 1866 681 1905 30,
701 1865 765 1899 92:
802 1866 933 1898 audebo

155 1905 279 1950 igitur,
323 1920 407 1953 quae
441 1910 623 1943 secundum
666 1919 819 1944 naturam
855 1912 934 1953 sint,

156 1952 245 1985 bona
269 1955 438 1998 appellare
460 1976 525 1996 ——,
562 1957 694 1990 virtutis
723 1965 835 1990 autem
859 1970 935 1990 am-

156 1997 356 2041 plitudinem
387 2001 478 2045 qnasi
502 2002 536 2034 in
560 2003 666 2036 altera
700 2003 805 2037 librae
838 2003 934 2036 lance

156 2054 294 2087 ponere.
342 2046 503 2087 Terram,
530 2048 612 2081 mihi
636 2049 755 2089 crede,
792 2062 831 2082 ea
856 2050 934 2082 lanx

157 2095 192 2121 et
215 2089 319 2122 maria
343 2090 521 2135 deprimet.

224 2138 278 2176 qui
301 2146 398 2177 quum
420 2140 452 2170 in
478 2141 626 2183 alteram]
670 2141 931 2185 Exspectamus:

156 2179 191 2212 in
214 2181 305 2213 cuius
327 2181 467 2215 alteram
491 2184 618 2218 lancem
637 2198 736 2230 quum
759 2207 803 2211 —
821 2187 935 2230 impo—

158 2233 291 2258 nantur.
339 2230 384 2259 At
405 2240 436 2260 v.
457 2229 582 2263 Adnot.
607 2232 639 2263 in
665 2234 720 2264 111.
747 2231 791 2266 24
805 2258 814 2273 ‚
835 2233 889 2267 57-

225 2274 370 2316 externa]
409 2274 508 2306 Bhet.
545 2276 588 2308 ad
619 2278 764 2310 Herenn.
800 2280 869 2317 III,
893 2277 935 2311 ὃς

158 2317 283 2350 Rerum
306 2325 517 2352 externarum
552 2329 630 2354 sunt
654 2334 713 2363 ea,
752 2335 836 2367 quae
861 2336 939 2356 casu

158 2370 216 2396 aut
234 2363 371 2397 fortuna
385 2365 532 2398 secunda
549 2374 606 2398 aut
623 2367 762 2400 adversa
786 2369 939 2402 accidere

159 2415 322 2453 possunt,
361 2416 396 2442 ut
419 2423 521 2454 genus
537 2437 545 2451 ,
584 2412 760 2452 educatio,
787 2415 937 2454 divitiae,

159 2461 367 2498 potestates,
393 2456 540 2499 gloriae,
568 2457 695 2497 civitas,
721 2459 886 2492 amicitiae
907 2467 940 2492 ct

160 2512 245 2544 quae
275 2500 468 2535 huiusmodi
491 2510 586 2544 sunt,
623 2510 658 2535 et
686 2516 724 2536 ea
746 2516 829 2548 quae
861 2514 938 2538 sunt

160 2545 200 2578 iis
225 2546 405 2579 contraria.
457 2548 615 2593 Corporis
647 2556 725 2581 sunt
758 2562 818 2589 ea,
855 2562 939 2594 qnae

161 2597 279 2624 natura
317 2593 452 2637 corpori
486 2594 640 2627 attribuit
668 2595 866 2634 commoda,
904 2603 941 2628 ut

161 2637 347 2678 velocitas,
383 2639 472 2672 vires
489 2666 497 2681 ‚
534 2640 677 2685 dignitas
692 2667 700 2681 ,
725 2641 883 2674 valetudo
907 2648 941 2673 et

162 2694 248 2727 quae
265 2685 432 2718 contraria
447 2693 535 2719 sunt.
571 2686 681 2719 Animi
695 2693 772 2720 sunt
789 2698 838 2727 ea,
858 2699 942 2731 quae

163 2728 307 2762 consilio
332 2737 367 2763 et
391 2730 595 2775 cogitatione
626 2739 740 2766 nostra
775 2739 941 2773 constant,

163 2775 421 2826 ut·prudentia,
446 2778 573 2810 iustitia
588 2805 595 2819 ‚
620 2778 798 2820 fortitudo,
820 2778 944 2812 mode-

164 2825 229 2852 stla
258 2828 292 2853 et
316 2833 401 2865 quae
427 2824 595 2857 contraria
619 2831 706 2857 sunt.

237 2868 409 2912 deprimat]
437 2870 611 2902 Sententia
629 2871 713 2904 haec
730 2877 800 2904 est:
833 2871 945 2911 Quum

169 2909 202 2941 in
223 2911 362 2946 alteram
382 2914 512 2949 lancem
536 2916 637 2949 animi
657 2917 746 2950 bona
767 2917 946 2961 imponun-

169 2960 244 2995 tur,
267 2956 302 2989 in
323 2958 463 2993 alteram
484 2962 634 3007 corporis
653 2969 688 2995 et
708 2970 867 3001 externa3
888 2962 946 2995 illa

970 1782 1043 1814 tur,
1071 1782 1106 1806 ut
1127 1785 1168 1806 ne
1189 1780 1279 1806 terra
1305 1773 1438 1818 quidem
1461 1780 1495 1806 et
1517 1774 1620 1807 maria
1640 1773 1670 1807 ei
1690 1785 1747 1806 re—

970 1819 1086 1852 sistere
1111 1820 1261 1863 possint,
1286 1819 1347 1853 sed
1371 1819 1612 1863 deprimantur.

1041 1865 1120 1899 CAP.
1142 1866 1269 1900 XVIII.
1294 1866 1348 1899 51.
1375 1864 1596 1910 Xenocratem]
1621 1877 1653 1898 v.
1671 1864 1746 1898 Ind.

969 1911 1048 1944 hist.

1038 1961 1282 2000 exaggerantem
1312 1977 1354 1981 —
1377 1956 1539 2002 virtutem]
1574 1956 1631 1989 Sic
1657 1955 1748 1989 infra

971 2015 999 2036 c.
1019 2004 1083 2042 30,
1103 2005 1164 2037 175:
1202 2010 1237 2036 ut
1260 2003 1460 2047 gravitatem
1482 2002 1749 2047 dignitatemque

971 2049 1102 2081 virtutis
1132 2053 1330 2091 exuyyerent.
1389 2052 1496 2093 Supra
1523 2050 1565 2081 ΙΙ.
1595 2048 1658 2088 26,
1683 2046 1748 2083 64:

971 2095 1032 2127 tibi
1049 2095 1473 2139 propone'amplitudinem
1490 2101 1524 2127 et
1540 2093 1633 2139 quasi
1645 2105 1749 2139 quan·

971 2141 1047 2173 dam
1064 2144 1338 2183 exaggerationem
1351 2153 1449 2185 quam
1465 2140 1661 2173 altissimam
1679 2139 1752 2172 ani·

971 2187 1026 2219 mi.
1060 2188 1119 2218 Ill.
1136 2189 1188 2226 w,
1207 2185 1270 2219 45:
1297 2189 1499 2229 exo99eralis
1512 2186 1598 2229 regis
1618 2185 1752 2230 opibus.

972 2233 1173 2276 Metaphora
1205 2232 1306 2265 ducta
1335 2240 1386 2265 est
1416 2232 1458 2265 ab
1490 2243 1612 2276 aggere
1640 2244 1659 2264 e
1692 2242 1751 2264 ce·

973 2279 1060 2322 spite
1096 2278 1174 2310 vivo
1211 2279 1367 2311 excitato.
1437 2278 1611 2321 Significat
1650 2277 1752 2317 idem,

975 2324 1063 2369 quod
1086 2326 1239 2357 extollere.
1283 2324 1428 2358 Tirones
1449 2324 1512 2357 sibi
1535 2330 1685 2363 caveant,
1710 2333 1753 2355 ne

973 2370 1061 2402 hanc
1088 2381 1203 2402 vocem
1227 2370 1438 2403 confundant
1461 2381 1535 2402 cum
1557 2368 1753 2413 francogal-

976 2416 1042 2449 lico
1067 2417 1217 2458 escaye'rer
1242 2416 1497 2460 (ubertreiben).

1047 2463 1100 2494 52.
1127 2473 1200 2504 ergo
1221 2466 1256 2494 ut
1275 2464 1360 2495 idem
1382 2463 1542 2504 vincatur]
1578 2461 1627 2492 Ex
1652 2465 1753 2492 ante-

977 2506 1172 2540 cedentibus
1202 2507 1446 2552 supplendum:
1481 2507 1515 2539 in
1537 2517 1613 2539 eum
1633 2504 1754 2538 cadere

974 2564 1109 2584 necesse
1129 2559 1191 2586 est.

1044 2600 1194 2641 Proinde]
1230 2598 1385 2631 Senarius
1416 2596 1576 2629 iambicus
1599 2608 1639 2628 ex
1660 2595 1753 2629 Accii

974 2644 1149 2685 tragoedia
1169 2644 1279 2688 aliqua
1293 2669 1301 2683 ,
1325 2650 1360 2675 ut
1382 2643 1516 2675 videtur
1539 2645 1663 2683 Atreo,
1688 2653 1754 2686 pe-

978 2687 1069 2719 titus.
1100 2692 1238 2722 Proinde
1253 2688 1453 2733 bisyllabum
1469 2694 1539 2727 est;
1563 2687 1607 2721 de
1620 2689 1755 2729 proinde

978 2745 1006 2766 c.
1032 2734 1246 2768 coniunctivo
1270 2733 1484 2767 adhortativo
1505 2733 1700 2767 consociato
1721 2743 1754 2766 v.

977 2789 1038 2812 nos
1061 2779 1096 2812 in
1120 2780 1177 2812 Gr.
1200 2781 1240 2812 L.
1263 2781 1294 2824 §.
1309 2779 1396 2822 136,
1414 2785 1435 2805 ²
1453 2778 1486 2812 4.
1505 2791 1540 2823 p.
1554 2779 1632 2813 351.
1654 2779 1708 2813 ed.
1720 2779 1754 2812 2.

1047 2825 1101 2859 53.
1127 2835 1306 2866 semperque
1333 2827 1433 2858 simus
1454 2827 1578 2868 invicti]
1615 2827 1667 2859 De
1695 2834 1755 2866 que

980 2877 1057 2916 post
1079 2871 1294 2915 negationem
1319 2871 1431 2915 posito
1457 2883 1486 2903 v.
1512 2871 1556 2904 ad
1576 2873 1603 2904 Ι.
1627 2871 1673 2912 2,
1696 2871 1732 2904 4.

1050 2919 1202 2959 absolute]
1239 2916 1361 2949 dicitur
1394 2923 1433 2949 ut
1459 2917 1618 2961 perfecte.
1666 2916 1757 2949 Hine

981 2962 1066 2996 haec
1087 2963 1250 2996 vocabula
1272 2962 1373 2995 etiam
1395 2962 1508 2995 iuncta
1530 2963 1696 3006 leguntur,
1720 2967 1756 2994 ut
