1859 3149
1617 64 1702 109 225

99 169 219 212 quum
242 154 475 198 Academici
511 167 650 196 eorum
686 152 984 194 controversias
1019 152 1316 210 disceptarent,
1357 152 1464 194 nulla
1491 155 1576 196 fere
1606 164 1700 198 sunt

94 236 163 273 aut
199 244 324 287 pauca
351 228 559 272 admodum
581 226 729 270 Latina
753 234 1008 269 monumenta
1025 260 1036 280 ,
1085 227 1171 270 sive
1203 235 1366 285 propter
1385 229 1697 285 magnitudinem

93 319 228 348 rerum
251 304 628 361 occupationemque
649 303 874 353 bominum,
909 302 996 344 sive
1023 303 1159 355 etiam,
1192 304 1296 360 quod
1318 304 1512 361 imperitis
1537 319 1585 347 ea
1606 320 1697 362 pro-

646 71 816 105 LIBER
840 71 898 106 tv.
923 70 968 111 3,
993 69 1026 104 7.
1051 70 1095 111 4,
1119 70 1152 105 8.

91 380 177 423 bari
203 393 323 438 posse
346 394 426 422 non
445 378 765 421 arbitrabantur:
800 392 916 434 quum
937 377 1113 430 iuterim,
1143 378 1219 420 illis
1240 380 1467 433 silentibus,
1502 377 1553 423 C.
1571 380 1697 423 Ama-

92 455 207 497 finius
244 455 399 497 exstitit
430 455 590 507 diceus,
634 454 746 495 cuius
778 453 890 494 libris
924 453 1040 494 editis
1071 461 1268 495 commota
1301 455 1507 497 multitudo
1531 457 1697 499 contulit

94 544 140 573 se
163 531 212 573 ad
242 531 409 573 eandem
433 530 679 588 potissimum
712 529 956 585 disciplinam
974 561 984 579 ‚
1026 528 1112 570 sive
1138 529 1240 584 quod
1264 537 1351 571 erat
1380 530 1541 586 cognitu
1562 533 1695 588 persa-

91 606 204 660 cilis,
253 607 340 649 sive
382 606 486 662 quod
526 604 839 648 *invitabantur
873 604 1072 646 illecebris
1107 604 1275 646 blandae
1314 605 1552 661 voluptatis,
1607 607 1693 651 sive

95 682 241 734 etiam,
287 682 379 738 quia
405 681 501 723 nihil
527 690 611 722 erat
634 681 828 736 prolatum
860 680 1026 731 melius,
1061 680 1178 732 illud,
1213 680 1317 736 quod
1343 687 1454 733 erat,
1487 682 1690 726 tenebant.

94 763 135 800 7.
168 755 268 799 Post
296 757 539 799 Amafinium
572 764 705 798 autem
737 755 848 797 multi
873 755 1049 797 eiusdem
1074 755 1218 797 aemuli
1239 755 1406 797 rationis
1430 756 1551 798 multa
1575 773 1694 814 quum

89 832 348 890 scripsissent
360 865 372 886 ‚

89 914 265 950 mentum
296 914 384 960 est,
428 922 509 950 non
539 907 614 949 dici
644 908 711 949 illa
739 907 960 958 subtiliter,
1005 906 1108 962 quod
1136 914 1176 948 et
1207 906 1323 948 facile
1355 907 1608 960 ediscantur,
1652 916 1693 951 et

417 830 570 874 Italiam
600 839 720 874 totam
745 838 1066 887 occupaverunt:
1115 831 1298 887 quodque
1330 830 1548 874 maximum
1575 848 1694 888 argu-

89 983 139 1025 ab
161 983 332 1025 indoctis
353 982 593 1040 probentur,
628 983 665 1024 id
690 982 744 1023 illi
768 983 1056 1024 firmamentum
1079 996 1169 1023 esse
1195 982 1426 1038 disciplinae
1451 990 1604 1039 putant.

204 1057 280 1101 lv.
314 1056 396 1101 Sed
424 1058 611 1100 defendat
639 1058 741 1114 quod
761 1058 925 1114 quisque
950 1057 1096 1108 sentit3
1131 1064 1224 1098 sunt
1248 1058 1353 1099 enim
1372 1057 1518 1099 iudicia
1539 1059 1688 1113 libera3

88 1148 162 1177 nos
186 1134 407 1176 institutum
437 1133 683 1184 tenebimus,
730 1133 924 1189 nullisque
958 1132 1073 1173 unius
1099 1132 1331 1188 disciplinae
1370 1133 1523 1188 legibus
1547 1135 1690 1176 adstri-

89 1209 168 1262 cti,
202 1209 343 1264 quibus
363 1209 402 1250 in
425 1208 670 1265 philosophia
692 1208 921 1250 necessario
944 1222 1152 1264 pareamus
1167 1240 1178 1259 ,
1213 1208 1303 1264 quid
1329 1208 1382 1250 sit
1408 1208 1448 1250 in
1468 1223 1623 1265 quaque
1645 1224 1689 1252 re

1114 1281 1231 1337 Quod
1268 1298 1386 1339 quum
1416 1297 1536 1340 saepe
1571 1285 1687 1338 alias,

1097 1356 1234 1413 ltaque
1256 1358 1451 1414 expositis
1474 1359 1590 1400 tridui
1612 1360 1691 1402 dis-

87 1284 265 1326 maxime
297 1283 524 1341 probabile,
572 1297 732 1339 semper
768 1284 1034 1339 requiremus.

87 1365 170 1402 tum
193 1373 320 1416 nuper
338 1359 378 1401 in
401 1359 635 1401 Tusculano
659 1358 835 1400 studiose
862 1359 1032 1414 egimus.

87 1433 385 1492 putationibus,
430 1441 593 1490 quartus
621 1433 705 1475 dies
737 1434 809 1475 hoc
843 1434 942 1475 libro
972 1434 1236 1475 concluditur.
1300 1431 1353 1476 Ut
1389 1433 1494 1474 enim
1525 1433 1564 1475 in
1589 1435 1690 1476 insc-

87 1509 237 1553 riorem
262 1509 568 1551 ambulationem
590 1509 883 1561 descendimus,
919 1510 1022 1566 quod
1049 1511 1270 1550 feceramus
1293 1509 1395 1550 idem
1417 1509 1690 1565 superioribus

763 1592 806 1626 8.
843 1585 910 1627 Μ.
946 1583 1086 1638 Dicat,

87 1677 149 1711 illo
172 1676 406 1720 desciverunt,
443 1677 503 1709 sed
536 1688 645 1710 novae
668 1677 870 1710 Academiae

87 1723 254 1765 asseclae,
291 1724 368 1768 qui,
404 1735 504 1768 quum
526 1723 607 1756 nulli
632 1732 742 1756 certae
767 1724 869 1756 addi-

90 1585 258 1638 diebus,
302 1593 390 1627 acta
428 1599 493 1627 res
527 1593 589 1626 est
620 1585 693 1627 sic.
1130 1585 1164 1626 si
1188 1584 1274 1641 quis
1300 1584 1408 1636 vult,
1456 1599 1529 1640 qua
1560 1584 1608 1626 de
1640 1600 1686 1627 re

904 1676 996 1722 quod
1032 1676 1148 1709 sentit.
1206 1677 1248 1708 V.
1274 1687 1335 1708 nos
1360 1675 1394 1708 in
1421 1676 1479 1707 Gr.
1497 1676 1537 1707 L
1561 1677 1588 1721 ζ)
1609 1673 1684 1719 1¹24,

929 1726 981 1763 .a)
1003 1723 1124 1767 [1..’77-
1144 1721 1195 1754 ed.
1209 1725 1241 1755 3.
1282 1723 1428 1765 Supral.
1443 1720 1476 1761 4,
1531 1734 1686 1765 :ponere

89 1767 136 1804 cti
154 1777 267 1803 essent
288 1769 496 1814 discipliuae
518 1769 657 1802 aliarum
678 1770 869 1803 scholarum

88 1815 345 1858 controversias,
367 1816 536 1849 rationum
556 1817 733 1849 momentis
753 1829 869 1849 excus-

87 1862 132 1896 sis
163 1869 198 1895 et
230 1862 321 1896 inter
352 1874 389 1895 se
414 1863 637 1906 compar-atis,
678 1863 869 1906 disceptare

88 1915 123 1942 et
145 1908 330 1942 diiudicare
354 1915 525 1952 poterant.

158 1956 192 1988 G.
215 1954 409 1999 Amafinius]
443 1956 484 1986 V.
507 1966 568 1987 nos
600 1954 633 1986 in
658 1954 679 1986 1.
700 1953 733 1986 d.
759 1967 792 1998 p.
811 1955 868 1987 22.

81 2008 124 2035 ·et
144 2001 270 2034 Adnot.
291 2001 324 2032 in
351 2001 375 2034 1.
391 2002 431 2038 3,
455 2000 489 2034 6.

164 2050 281 2081 exstitit
312 2046 434 2091 dicens]
468 2047 649 2090 Pei-peram
688 2046 870 2078 Lambinus

87 2093 210 2138 aliique
226 2091 406 2124 delendum
426 2099 626 2125 censuerunt
645 2094 772 2128 dic-ens·
794 2104 870 2125 nam

88 2139 273 2183 opponitur
302 2138 519 2170 antecedenti
548 2141 726 2178 silentibus;
763 2151 870 2183 neque

89 2184 264 2218 offendere
288 2190 401 2227 potest
429 2185 640 2228 „ffl-ticipium
669 2187 777 2217 dicens
805 2185 869 2218 ad-

88 2231 239 2264 iunctum
255 2230 358 2263 verbo
373 2234 509 2267 exstilil:
530 2231 598 2264 hoc
611 2230 699 2263 enim
715 2240 765 2263 est
779 2242 870 2265 exor-

88 2282 139 2310 tus
161 2281 206 2310 est
220 2279 364 2322 (prodiit)
390 2283 424 2309 et
445 2279 580 2310 dicebat.
629 2277 679 2309 cf.
699 2277 741 2309 ad
761 2278 869 2312 Divin.

89 2324 116 2355 Ι.
129 2324 184 2362 25,
208 2324 270 2356 53:
295 2325 352 2356 Est
372 2322 406 2367 (i.
427 2334 456 2355 e.
476 2323 659 2358 induciturl
682 2323 771 2367 apud
791 2324 870 2357 Pla-

88 2375 206 2403 tonem
228 2370 384 2401 Socrates
406 2389 453 2394 —
476 2368 592 2402 dicens
620 2369 750 2402 Critoni
766 2377 830 2403 etc.

171 2417 216 2449 ad
248 2417 382 2449 eandem
414 2418 615 2456 potissimum
650 2415 870 2461 disciplinam]

89 2472 190 2506 quam
221 2461 414 2494 sectabatur
441 2462 643 2501 Amafinius,
680 2474 726 2495 sc.
752 2463 870 2506 epicu-

87 2519 191 2541 ream.
243 2508 293 2540 De
316 2519 353 2540 re
374 2507 446 2552 ipsa
468 2520 498 2540 v.
521 2520 582 2541 nos
605 2508 639 2540 in
664 2508 685 2541 l.
706 2507 738 2540 d.
761 2520 794 2552 p.
810 2510 865 2541 ’.Ἰ

155 2554 391 2598 invitabantur]
415 2553 470 2586 Sic
490 2566 552 2598 pro
568 2553 658 2598 vulg.
676 2557 873 2587 invilabalur

51 2605 56 2607 ”
89 2599 215 2643 primus
244 2599 351 2632 edidit
373 2599 540 2640 wolfius,
579 2580 645 2632 itan
654 2607 689 2632 ut
716 2613 870 2633 numerus

89 2644 226 2688 pluralis
248 2657 307 2690 per
325 2646 475 2702 figuram,
497 2626 582 2691 qtiae
603 2659 622 2678 a
645 2646 871 2690 grammaticis

92 2692 296 2724 constructio
318 2690 408 2726 κατὰ
432 2704 512 2726 συνε.
516 2704 565 2727 σιν
587 2693 786 2736 appellatur,
815 2705 872 2724 re-

90 2734 242 2770 ferretur
254 2738 298 2771 ad
319 2750 441 2771 nomen
459 2739 672 2771 collectivum
691 2741 871 2772 mullitudo.

94 2780 150 2814 cf.
173 2783 243 2823 Fin.
262 2785 287 2816 Ι
308 2784 339 2824 7,
360 2785 423 2818 25:
454 2787 690 2818 multitudinem
710 2784 873 2829 —quod

91 2825 291 2916 113ιῖ111111πὲ
305 2829 384 2908 2Cf.
405 2842 467 2864 nos
488 2831 524 2864 in
551 2831 609 2865 Gr.
628 2831 667 2865 L.
694 2832 723 2875 §i
742 2833 817 2871 105,
838 2833 870 2864 2.

239 2885 257 2906 e

173 2917 392 2955 (291ka
428 2923 586 2963 Defendet
619 2923 705 2963 quod
741 2925 874 2963 quisque

90 2965 198 3006 sentit]
221 2964 315 2998 Haec
334 2973 386 2998 est
404 2966 554 3010 legitima
575 2967 755 3000 collocatio
778 2967 874 2999 verbi

89 3011 222 3051 quisque
242 3017 301 3044 aut
321 3012 396 3052 qms'
412 3024 496 3056 pro:
533 3012 698 3046 defendat
719 3012 871 3057 quisque,

904 1743 1078 1807 iribebam,
1105 1768 1147 1800 dc
1171 1779 1236 1812 quo
1258 1771 1329 1809 quis
1344 1767 1459 1800 audiie
1479 1767 1581 1800 vellet
1601 1780 1682 1813 pro:

905 1827 1032 1859 ponere
1053 1826 1152 1858 quem
1173 1814 1260 1852 iub..
1287 1813 1330 1845 de
1349 1825 1414 1858 quo
1436 1813 1551 1846 audire
1571 1814 1683 1848 vellet.

973 1863 1127 1901 nullisque
1156 1860 1265 1904 unius]
1305 1860 1400 1892 Hanc
1432 1860 1580 1893 omnium
1611 1861 1684 1894 fere

905 1906 1004 1939 codd.
1029 1906 1302 1950 optimorumque
1323 1906 1504 1939 lectionem
1528 1907 1687 1940 revocavi

905 1965 967 1997 pro
993 1952 1133 1985 Bentleii
1148 1952 1358 1985 correctione
1373 1955 1550 1994 nulliusque
1569 1956 1685 1986 unius:

905 2011 1004 2051 (1113111
1022 2011 1203 2043 paucorum
1217 1998 1423 2031 deteriorum
1439 1999 1539 2032 codd.
1561 2007 1686 2033 aucto-

906 2046 1006 2077 nitate
1042 2045 1207 2078 firmatam
1239 2045 1370 2089 recepit
1401 2047 1549 2079 Orellius.
1604 2046 1685 2079 Non

907 2092 993 2124 enim
1024 2091 1142 2124 Cicero
1174 2091 1361 2135 significare
1383 2091 1509 2132 voluit,
1546 2104 1583 2124 se
1605 2092 1684 2124 nul-

905 2138 967 2169 lius
997 2138 1134 2170 omnino
1153 2137 1371 2182 disciplinae,
1410 2138 1466 2170 scd
1498 2149 1560 2172 non
1579 2141 1686 2179 unius,

905 2184 938 2216 h.
953 2196 982 2216 e.
1009 2191 1120 2217 certae.
1136 2185 1317 2223 cuiusdam,
1339 2184 1537 2228 disciplinae
1553 2184 1685 2228 legibus

904 2229 1102 2263 adstrictum
1126 2242 1208 2264 esse.
1257 2231 1310 2263 Cf.
1330 2232 1371 2263 V.
1387 2232 1451 2272 ”9,
1476 2234 1538 2265 w:
1574 2242 1687 2276 quon-

905 2277 971 2309 iam
993 2284 1027 2308 te
1047 2279 1137 2309 nulla
1155 2277 1285 2309 vincula
1302 2276 1491 2321 impediunt
1503 2279 1599 2309 ullius
1616 2288 1686 2309 cer-

904 2330 959 2355 tae
974 2322 1183 2375 discip-linae.
1217 2325 1245 2356 N
1254 2325 1359 2356 ullis
1379 2326 1498 2365 legibus
1518 2325 1688 2356 adstrictus

905 2380 975 2401 sum
997 2368 1130 2413 gruius
1152 2369 1280 2402 dictum
1299 2376 1351 2402 est
1371 2380 1452 2412 pro:
1479 2369 1605 2412 legibus
1626 2367 1686 2400 ad-

906 2415 1040 2448 strictus
1076 2425 1138 2448 non
1171 2427 1255 2448 sum.
1316 2416 1442 2449 Contra
1470 2417 1576 2448 nullus
1604 2422 1687 2446 unus

906 2470 956 2493 est
980 2464 1085 2495 nullus
1107 2465 1255 2503 omnino,
1291 2469 1329 2494 ut
1350 2471 1440 2495 nemo
1473 2470 1574 2500 unus,
1608 2460 1687 2491 nihil

905 2519 1026 2549 unum,
1057 2507 1212 2541 similiter
1242 2510 1346 2550 quivis
1375 2517 1477 2546 unuS,
1511 2509 1688 2546 quicunque

906 2565 1008 2595 unus,
1042 2558 1113 2596 quis
1141 2565 1242 2595 unus,
1277 2556 1394 2594 aliquis
1414 2562 1505 2585 1111113.
1556 2548 1686 2590 Quodsi

906 2600 1008 2644 igitur
1027 2601 1150 2645 legitur
1174 2603 1340 2633 nullius
1374 2600 1500 2630 unius
1523 2598 1555 2628 d.
1579 2597 1686 2628 1.αά-

907 2652 961 2679 slr.
975 2672 985 2688 ‚
1026 2647 1111 2679 haec
1148 2646 1217 2678 exit
1254 2643 1437 2676 sententia:
1488 2642 1687 2674 Ciceronem

906 2693 948 2725 ab
977 2695 1117 2725 omniurn
1144 2694 1270 2724 omnino
1293 2692 1536 2730 disciplinarum
1558 2687 1686 2731 legibus

907 2738 1100 2771 οἰώθη-,616
1115 2758 1159 2763 -
1186 2739 1234 2769 De
1258 2733 1521 2779 philosophandi
1543 2734 1685 2774 1atione‚

908 2797 1007 2829 quam
1032 2791 1163 2817 secutus
1197 2789 1247 2813 est
1273 2781 1409 2819 Cicero,
1446 2779 1687 2824 disputavimus

907 2831 941 2863 in
956 2830 1042 2863 libro
1058 2831 1092 2862 d.
1109 2831 1147 2862 de
1166 2830 1228 2861 Cic.
1245 2830 1278 2860 in
1292 2828 1369 2868 phil.
1383 2836 1460 2859 mer.
1475 2837 1509 2870 p.
1523 2824 1687 2861 66—74.

909 2883 944 2909 et
966 2876 1010 2910 79
1026 2895 1066 2901 —-
1080 2875 1135 2907 ⁸1.

975 2924 1010 2954 in
1027 2922 1209 2962 inferiorem
1232 2917 1493 2969 ambulationem]
1526 2917 1568 2950 de
1588 2917 1688 2952 Divi-

908 2973 979 2999 nat.
999 2968 1023 2998 Ι.
1039 2968 1070 3006 5,
1090 2972 1131 2999 03:
1160 2962 1312 3003 „Quibus
1336 2963 1379 2996 de
1401 2963 1512 3004 rebus,
1524 2983 1570 2990 -—-
1587 2976 1688 3010 quum

909 3024 1016 3045 essem
1041 3022 1115 3044 cum
1142 3011 1183 3050 Q.
1205 3009 1344 3042 fratre'
1333 3021 1369 3042 111
1388 3009 1591 3051 Tusculano,
1617 3010 1688 3044 dis-

1297 3071 1349 3108 15
