<?xml version="1.0" encoding="UTF-8"?>
<!DOCTYPE html PUBLIC "-//W3C//DTD XHTML 1.0 Transitional//EN"
    "http://www.w3.org/TR/xhtml1/DTD/xhtml1-transitional.dtd">
<html xmlns="http://www.w3.org/1999/xhtml" xml:lang="en" lang="en">
 <head>
  <title>
</title>
<meta http-equiv="Content-Type" content="text/html;charset=utf-8" />
  <meta name='ocr-system' content='tesseract 3.04.00' />
  <meta name='ocr-capabilities' content='ocr_page ocr_carea ocr_par ocr_line ocrx_word'/>
</head>
<body>
  <div class='ocr_page' id='page_1' title='image "./tusculanarumdi00ciceuoft_0103.png"; bbox 0 0 1859 3133; ppageno 0'>
   <div class='ocr_carea' id='block_1_1' title="bbox 1603 43 1662 89">
    <p class='ocr_par' dir='ltr' id='par_1_1' title="bbox 1603 43 1662 89">
     <span class='ocr_line' id='line_1_1' title="bbox 1603 43 1662 89; baseline -0.017 0"><span class='ocrx_word' id='word_1_1' title='bbox 1603 43 1662 89; x_wconf 85' lang='lat'><strong>93</strong></span> 
     </span>
    </p>
   </div>
   <div class='ocr_carea' id='block_1_2' title="bbox 58 135 1661 346">
    <p class='ocr_par' dir='ltr' id='par_1_2' title="bbox 58 135 1661 346">
     <span class='ocr_line' id='line_1_2' title="bbox 60 135 1661 197; baseline -0.002 -12"><span class='ocrx_word' id='word_1_2' title='bbox 60 150 152 185; x_wconf 71' lang='lat' dir='ltr'><strong>esse</strong></span> <span class='ocrx_word' id='word_1_3' title='bbox 177 139 357 197; x_wconf 88' lang='lat' dir='ltr'><strong>cogimus</strong></span> <span class='ocrx_word' id='word_1_4' title='bbox 382 139 637 196; x_wconf 81' lang='lat' dir='ltr'>maximeque</span> <span class='ocrx_word' id='word_1_5' title='bbox 663 152 685 180; x_wconf 86' lang='lat' dir='ltr'><strong>a</strong></span> <span class='ocrx_word' id='word_1_6' title='bbox 718 152 886 195; x_wconf 89' lang='lat' dir='ltr'><strong>corpore</strong></span> <span class='ocrx_word' id='word_1_7' title='bbox 919 137 1179 181; x_wconf 77' lang='lat' dir='ltr'><strong>abducimus?</strong></span> <span class='ocrx_word' id='word_1_8' title='bbox 1221 135 1449 181; x_wconf 77' lang='lat' dir='ltr'><strong>secernere</strong></span> <span class='ocrx_word' id='word_1_9' title='bbox 1477 144 1610 180; x_wconf 86' lang='lat' dir='ltr'><strong>autem</strong></span> <span class='ocrx_word' id='word_1_10' title='bbox 1635 153 1661 181; x_wconf 83' lang='lat' dir='ltr'><strong>a</strong></span> 
     </span>
     <span class='ocr_line' id='line_1_3' title="bbox 58 211 1660 273; baseline -0.002 -14"><span class='ocrx_word' id='word_1_11' title='bbox 58 228 228 273; x_wconf 74' lang='lat' dir='ltr'><strong>corpore</strong></span> <span class='ocrx_word' id='word_1_12' title='bbox 268 216 465 268; x_wconf 84' lang='lat' dir='ltr'><strong>animum,</strong></span> <span class='ocrx_word' id='word_1_13' title='bbox 513 229 588 257; x_wconf 85' lang='lat' dir='ltr'><strong>nec</strong></span> <span class='ocrx_word' id='word_1_14' title='bbox 621 213 829 270; x_wconf 90' lang='lat' dir='ltr'><strong>quicquam</strong></span> <span class='ocrx_word' id='word_1_15' title='bbox 862 214 992 266; x_wconf 88' lang='lat' dir='ltr'><strong>aliud,</strong></span> <span class='ocrx_word' id='word_1_16' title='bbox 1039 222 1100 256; x_wconf 89' lang='lat' dir='ltr'><strong>est</strong></span> <span class='ocrx_word' id='word_1_17' title='bbox 1134 214 1234 256; x_wconf 91' lang='lat' dir='ltr'><strong>mori</strong></span> <span class='ocrx_word' id='word_1_18' title='bbox 1272 214 1443 256; x_wconf 80' lang='lat' dir='ltr'><strong>discere.</strong></span> <span class='ocrx_word' id='word_1_19' title='bbox 1520 211 1660 268; x_wconf 82' lang='lat' dir='ltr'><strong>Quare</strong></span> 
     </span>
     <span class='ocr_line' id='line_1_4' title="bbox 59 289 1661 346; baseline -0.001 -13"><span class='ocrx_word' id='word_1_20' title='bbox 59 289 135 334; x_wconf 76' lang='lat' dir='ltr'><strong>boc</strong></span> <span class='ocrx_word' id='word_1_21' title='bbox 159 298 496 343; x_wconf 72' lang='lat' dir='ltr'><strong>commentemur,</strong></span> <span class='ocrx_word' id='word_1_22' title='bbox 531 290 623 332; x_wconf 80' lang='lat' dir='ltr'><strong>milii</strong></span> <span class='ocrx_word' id='word_1_23' title='bbox 646 289 788 341; x_wconf 91' lang='lat' dir='ltr'><strong>crede,</strong></span> <span class='ocrx_word' id='word_1_24' title='bbox 824 289 1172 345; x_wconf 82' lang='lat' dir='ltr'><strong>disiungamusque</strong></span> <span class='ocrx_word' id='word_1_25' title='bbox 1189 304 1262 332; x_wconf 92' lang='lat' dir='ltr'><strong>nos</strong></span> <span class='ocrx_word' id='word_1_26' title='bbox 1287 303 1310 331; x_wconf 91' lang='lat' dir='ltr'><strong>a</strong></span> <span class='ocrx_word' id='word_1_27' title='bbox 1329 289 1586 346; x_wconf 85' lang='lat' dir='ltr'><strong>corporibus,</strong></span> <span class='ocrx_word' id='word_1_28' title='bbox 1620 289 1661 332; x_wconf 90' lang='lat' dir='ltr'><strong>id</strong></span> 
     </span>
    </p>
   </div>
   <div class='ocr_carea' id='block_1_3' title="bbox 664 53 1059 100">
    <p class='ocr_par' dir='ltr' id='par_1_3' title="bbox 664 53 1059 100">
     <span class='ocr_line' id='line_1_5' title="bbox 664 53 1059 100; baseline 0.003 -9"><span class='ocrx_word' id='word_1_29' title='bbox 664 56 835 91; x_wconf 70' lang='lat' dir='ltr'><strong>Lmen</strong></span> <span class='ocrx_word' id='word_1_30' title='bbox 859 57 887 90; x_wconf 91' lang='lat'><strong>1.</strong></span> <span class='ocrx_word' id='word_1_31' title='bbox 910 53 1059 100; x_wconf 77' lang='lat'><strong>31,76.</strong></span> 
     </span>
    </p>
   </div>
   <div class='ocr_carea' id='block_1_4' title="bbox 58 363 1663 797">
    <p class='ocr_par' dir='ltr' id='par_1_4' title="bbox 58 363 1663 797">
     <span class='ocr_line' id='line_1_6' title="bbox 59 363 1661 419; baseline -0.002 -10"><span class='ocrx_word' id='word_1_32' title='bbox 59 372 148 419; x_wconf 78' lang='lat' dir='ltr'><strong>cst,</strong></span> <span class='ocrx_word' id='word_1_33' title='bbox 191 379 499 409; x_wconf 81' lang='lat' dir='ltr'><strong>consuescamus</strong></span> <span class='ocrx_word' id='word_1_34' title='bbox 527 365 644 407; x_wconf 88' lang='lat' dir='ltr'><strong>mori.</strong></span> <span class='ocrx_word' id='word_1_35' title='bbox 708 363 796 406; x_wconf 84' lang='lat' dir='ltr'><strong>Hoc</strong></span> <span class='ocrx_word' id='word_1_36' title='bbox 826 371 890 415; x_wconf 89' lang='lat' dir='ltr'><strong>et,</strong></span> <span class='ocrx_word' id='word_1_37' title='bbox 936 365 1024 405; x_wconf 90' lang='lat' dir='ltr'><strong>dum</strong></span> <span class='ocrx_word' id='word_1_38' title='bbox 1057 366 1204 406; x_wconf 86' lang='lat' dir='ltr'><strong>erimus</strong></span> <span class='ocrx_word' id='word_1_39' title='bbox 1237 365 1277 406; x_wconf 90' lang='lat' dir='ltr'><strong>in</strong></span> <span class='ocrx_word' id='word_1_40' title='bbox 1309 365 1454 417; x_wconf 91' lang='lat' dir='ltr'><strong>terris,</strong></span> <span class='ocrx_word' id='word_1_41' title='bbox 1498 365 1575 406; x_wconf 88' lang='lat' dir='ltr'><strong>erit</strong></span> <span class='ocrx_word' id='word_1_42' title='bbox 1604 365 1661 407; x_wconf 89' lang='lat' dir='ltr'><strong>illi</strong></span> 
     </span>
     <span class='ocr_line' id='line_1_7' title="bbox 58 439 1662 496; baseline -0.001 -12"><span class='ocrx_word' id='word_1_43' title='bbox 58 441 223 484; x_wconf 80' lang='lat' dir='ltr'><strong>caelesti</strong></span> <span class='ocrx_word' id='word_1_44' title='bbox 241 441 348 484; x_wconf 87' lang='lat' dir='ltr'><strong>vitae</strong></span> <span class='ocrx_word' id='word_1_45' title='bbox 369 441 498 483; x_wconf 89' lang='lat' dir='ltr'><strong>simile</strong></span> <span class='ocrx_word' id='word_1_46' title='bbox 514 473 525 493; x_wconf 98' lang='lat'><strong>,</strong></span> <span class='ocrx_word' id='word_1_47' title='bbox 559 448 599 483; x_wconf 86' lang='lat' dir='ltr'><strong>et</strong></span> <span class='ocrx_word' id='word_1_48' title='bbox 624 454 742 496; x_wconf 90' lang='lat' dir='ltr'><strong>quum</strong></span> <span class='ocrx_word' id='word_1_49' title='bbox 761 440 852 481; x_wconf 89' lang='lat' dir='ltr'><strong>illuc</strong></span> <span class='ocrx_word' id='word_1_50' title='bbox 877 454 930 481; x_wconf 87' lang='lat' dir='ltr'><strong>ex</strong></span> <span class='ocrx_word' id='word_1_51' title='bbox 954 439 1013 480; x_wconf 85' lang='lat' dir='ltr'><strong>his</strong></span> <span class='ocrx_word' id='word_1_52' title='bbox 1035 440 1176 481; x_wconf 79' lang='lat' dir='ltr'><strong>vinclis</strong></span> <span class='ocrx_word' id='word_1_53' title='bbox 1200 440 1335 481; x_wconf 84' lang='lat' dir='ltr'><strong>emissi</strong></span> <span class='ocrx_word' id='word_1_54' title='bbox 1363 442 1553 493; x_wconf 81' lang='lat' dir='ltr'><strong>feremur,</strong></span> <span class='ocrx_word' id='word_1_55' title='bbox 1588 441 1662 483; x_wconf 91' lang='lat' dir='ltr'><strong>mi-</strong></span> 
     </span>
     <span class='ocr_line' id='line_1_8' title="bbox 58 513 1662 574; baseline 0.001 -15"><span class='ocrx_word' id='word_1_56' title='bbox 58 529 134 560; x_wconf 84' lang='lat' dir='ltr'><strong>nus</strong></span> <span class='ocrx_word' id='word_1_57' title='bbox 161 515 382 558; x_wconf 76' lang='lat' dir='ltr'><strong>tardabitur</strong></span> <span class='ocrx_word' id='word_1_58' title='bbox 412 531 554 558; x_wconf 89' lang='lat' dir='ltr'><strong>cursus</strong></span> <span class='ocrx_word' id='word_1_59' title='bbox 588 516 826 558; x_wconf 85' lang='lat' dir='ltr'><strong>animorum.</strong></span> <span class='ocrx_word' id='word_1_60' title='bbox 891 513 994 556; x_wconf 81' lang='lat' dir='ltr'><strong>Nam</strong></span> <span class='ocrx_word' id='word_1_61' title='bbox 1029 514 1092 570; x_wconf 89' lang='lat' dir='ltr'><strong>qui</strong></span> <span class='ocrx_word' id='word_1_62' title='bbox 1121 514 1160 555; x_wconf 90' lang='lat' dir='ltr'><strong>iu</strong></span> <span class='ocrx_word' id='word_1_63' title='bbox 1197 515 1452 572; x_wconf 85' lang='lat' dir='ltr'><strong>compedibus</strong></span> <span class='ocrx_word' id='word_1_64' title='bbox 1480 517 1662 574; x_wconf 89' lang='lat' dir='ltr'><strong>corporis</strong></span> 
     </span>
     <span class='ocr_line' id='line_1_9' title="bbox 59 590 1663 649; baseline 0 -15"><span class='ocrx_word' id='word_1_65' title='bbox 59 603 221 649; x_wconf 70' lang='lat' dir='ltr'><strong>semper</strong></span> <span class='ocrx_word' id='word_1_66' title='bbox 246 593 431 644; x_wconf 81' lang='lat' dir='ltr'><strong>suerunt,</strong></span> <span class='ocrx_word' id='word_1_67' title='bbox 465 592 582 634; x_wconf 88' lang='lat' dir='ltr'><strong>etiam</strong></span> <span class='ocrx_word' id='word_1_68' title='bbox 599 623 610 643; x_wconf 97' lang='lat'><strong>,</strong></span> <span class='ocrx_word' id='word_1_69' title='bbox 654 606 771 647; x_wconf 90' lang='lat' dir='ltr'><strong>quum</strong></span> <span class='ocrx_word' id='word_1_70' title='bbox 796 590 914 633; x_wconf 92' lang='lat' dir='ltr'><strong>soluti</strong></span> <span class='ocrx_word' id='word_1_71' title='bbox 939 597 1055 642; x_wconf 87' lang='lat' dir='ltr'><strong>sunt,</strong></span> <span class='ocrx_word' id='word_1_72' title='bbox 1097 590 1248 630; x_wconf 83' lang='lat' dir='ltr'><strong>tardius</strong></span> <span class='ocrx_word' id='word_1_73' title='bbox 1271 590 1574 645; x_wconf 81' lang='lat' dir='ltr'><strong>ingrediuntur,</strong></span> <span class='ocrx_word' id='word_1_74' title='bbox 1619 598 1663 634; x_wconf 84' lang='lat' dir='ltr'><strong>ut</strong></span> 
     </span>
     <span class='ocr_line' id='line_1_10' title="bbox 59 663 1660 724; baseline 0 -15"><span class='ocrx_word' id='word_1_75' title='bbox 59 665 113 720; x_wconf 86' lang='lat' dir='ltr'><strong>ii,</strong></span> <span class='ocrx_word' id='word_1_76' title='bbox 159 667 225 724; x_wconf 88' lang='lat' dir='ltr'><strong>qui</strong></span> <span class='ocrx_word' id='word_1_77' title='bbox 258 668 364 709; x_wconf 78' lang='lat' dir='ltr'><strong>ferro</strong></span> <span class='ocrx_word' id='word_1_78' title='bbox 395 667 518 709; x_wconf 89' lang='lat' dir='ltr'><strong>vincti</strong></span> <span class='ocrx_word' id='word_1_79' title='bbox 549 667 692 709; x_wconf 91' lang='lat' dir='ltr'><strong>multos</strong></span> <span class='ocrx_word' id='word_1_80' title='bbox 721 681 849 708; x_wconf 92' lang='lat' dir='ltr'><strong>annos</strong></span> <span class='ocrx_word' id='word_1_81' title='bbox 883 667 1057 707; x_wconf 83' lang='lat' dir='ltr'><strong>suerunt.</strong></span> <span class='ocrx_word' id='word_1_82' title='bbox 1136 663 1227 719; x_wconf 82' lang='lat' dir='ltr'><strong>Quo</strong></span> <span class='ocrx_word' id='word_1_83' title='bbox 1263 680 1382 720; x_wconf 92' lang='lat' dir='ltr'><strong>quum</strong></span> <span class='ocrx_word' id='word_1_84' title='bbox 1412 667 1660 721; x_wconf 76' lang='lat' dir='ltr'><strong>venerimus,</strong></span> 
     </span>
     <span class='ocr_line' id='line_1_11' title="bbox 640 740 1663 797; baseline 0 -13"><span class='ocrx_word' id='word_1_85' title='bbox 640 741 745 784; x_wconf 83' lang='lat' dir='ltr'><strong>Nam</strong></span> <span class='ocrx_word' id='word_1_86' title='bbox 772 742 868 783; x_wconf 79' lang='lat' dir='ltr'><strong>haec</strong></span> <span class='ocrx_word' id='word_1_87' title='bbox 895 742 1050 797; x_wconf 88' lang='lat' dir='ltr'><strong>quidem</strong></span> <span class='ocrx_word' id='word_1_88' title='bbox 1080 740 1163 781; x_wconf 82' lang='lat' dir='ltr'><strong>vita</strong></span> <span class='ocrx_word' id='word_1_89' title='bbox 1190 755 1297 781; x_wconf 89' lang='lat' dir='ltr'><strong>mors</strong></span> <span class='ocrx_word' id='word_1_90' title='bbox 1329 748 1414 792; x_wconf 87' lang='lat' dir='ltr'><strong>cst,</strong></span> <span class='ocrx_word' id='word_1_91' title='bbox 1461 757 1577 797; x_wconf 86' lang='lat' dir='ltr'><strong>quam</strong></span> <span class='ocrx_word' id='word_1_92' title='bbox 1607 743 1663 784; x_wconf 87' lang='lat' dir='ltr'><strong>la·</strong></span> 
     </span>
    </p>
   </div>
   <div class='ocr_carea' id='block_1_5' title="bbox 739 813 1662 872">
    <p class='ocr_par' dir='ltr' id='par_1_5' title="bbox 739 813 1662 872">
     <span class='ocr_line' id='line_1_12' title="bbox 739 813 1662 872; baseline 0.001 -12"><span class='ocrx_word' id='word_1_93' title='bbox 739 824 810 861; x_wconf 79' lang='lat'><strong>76.</strong></span> <span class='ocrx_word' id='word_1_94' title='bbox 843 817 900 859; x_wconf 87' lang='lat' dir='ltr'><strong>A.</strong></span> <span class='ocrx_word' id='word_1_95' title='bbox 937 816 1048 859; x_wconf 80' lang='lat' dir='ltr'><strong>Satis</strong></span> <span class='ocrx_word' id='word_1_96' title='bbox 1072 824 1111 857; x_wconf 91' lang='lat' dir='ltr'><strong>tu</strong></span> <span class='ocrx_word' id='word_1_97' title='bbox 1133 816 1288 872; x_wconf 85' lang='lat' dir='ltr'><strong>quidem</strong></span> <span class='ocrx_word' id='word_1_98' title='bbox 1314 816 1353 857; x_wconf 91' lang='lat' dir='ltr'><strong>in</strong></span> <span class='ocrx_word' id='word_1_99' title='bbox 1373 813 1662 861; x_wconf 80' lang='lat' dir='ltr'><strong>Consolatione</strong></span> 
     </span>
    </p>
   </div>
   <div class='ocr_carea' id='block_1_6' title="bbox 58 741 1664 1100">
    <p class='ocr_par' dir='ltr' id='par_1_6' title="bbox 58 741 1664 1100">
     <span class='ocr_line' id='line_1_13' title="bbox 59 741 567 799; baseline -0.002 -14"><span class='ocrx_word' id='word_1_100' title='bbox 59 747 142 785; x_wconf 81' lang='lat' dir='ltr'><strong>tum</strong></span> <span class='ocrx_word' id='word_1_101' title='bbox 169 741 339 799; x_wconf 88' lang='lat' dir='ltr'><strong>denique</strong></span> <span class='ocrx_word' id='word_1_102' title='bbox 368 742 567 784; x_wconf 81' lang='lat' dir='ltr'><strong>vivemus.</strong></span> 
     </span>
     <span class='ocr_line' id='line_1_14' title="bbox 58 817 675 875; baseline 0 -15"><span class='ocrx_word' id='word_1_103' title='bbox 58 817 230 860; x_wconf 88' lang='lat' dir='ltr'><strong>mentari</strong></span> <span class='ocrx_word' id='word_1_104' title='bbox 253 831 428 875; x_wconf 81' lang='lat' dir='ltr'><strong>possem,</strong></span> <span class='ocrx_word' id='word_1_105' title='bbox 462 818 495 860; x_wconf 91' lang='lat' dir='ltr'><strong>si</strong></span> <span class='ocrx_word' id='word_1_106' title='bbox 518 819 675 860; x_wconf 86' lang='lat' dir='ltr'><strong>liberet.</strong></span> 
     </span>
     <span class='ocr_line' id='line_1_15' title="bbox 59 892 1664 950; baseline 0 -15"><span class='ocrx_word' id='word_1_107' title='bbox 59 905 106 935; x_wconf 85' lang='lat' dir='ltr'><strong>es</strong></span> <span class='ocrx_word' id='word_1_108' title='bbox 137 893 404 936; x_wconf 77' lang='lat' dir='ltr'><strong>lamentatus:</strong></span> <span class='ocrx_word' id='word_1_109' title='bbox 450 908 564 950; x_wconf 88' lang='lat' dir='ltr'><strong>quam</strong></span> <span class='ocrx_word' id='word_1_110' title='bbox 594 908 712 950; x_wconf 88' lang='lat' dir='ltr'><strong>quum</strong></span> <span class='ocrx_word' id='word_1_111' title='bbox 739 894 852 950; x_wconf 80' lang='lat' dir='ltr'><strong>lego,</strong></span> <span class='ocrx_word' id='word_1_112' title='bbox 897 893 992 934; x_wconf 79' lang='lat' dir='ltr'><strong>niliil</strong></span> <span class='ocrx_word' id='word_1_113' title='bbox 1020 892 1151 943; x_wconf 91' lang='lat' dir='ltr'><strong>malo,</strong></span> <span class='ocrx_word' id='word_1_114' title='bbox 1197 905 1313 947; x_wconf 85' lang='lat' dir='ltr'><strong>quam</strong></span> <span class='ocrx_word' id='word_1_115' title='bbox 1350 892 1419 933; x_wconf 79' lang='lat' dir='ltr'><strong>lias</strong></span> <span class='ocrx_word' id='word_1_116' title='bbox 1450 907 1515 934; x_wconf 88' lang='lat' dir='ltr'><strong>res</strong></span> <span class='ocrx_word' id='word_1_117' title='bbox 1542 894 1664 936; x_wconf 88' lang='lat' dir='ltr'><strong>relin-</strong></span> 
     </span>
     <span class='ocr_line' id='line_1_16' title="bbox 59 966 1661 1025; baseline 0.001 -15"><span class='ocrx_word' id='word_1_118' title='bbox 59 981 209 1025; x_wconf 67' lang='lat' dir='ltr'><strong>quere,</strong></span> <span class='ocrx_word' id='word_1_119' title='bbox 254 968 316 1011; x_wconf 87' lang='lat' dir='ltr'><strong>his</strong></span> <span class='ocrx_word' id='word_1_120' title='bbox 345 983 445 1011; x_wconf 90' lang='lat' dir='ltr'><strong>vero</strong></span> <span class='ocrx_word' id='word_1_121' title='bbox 474 970 590 1011; x_wconf 91' lang='lat' dir='ltr'><strong>modo</strong></span> <span class='ocrx_word' id='word_1_122' title='bbox 624 969 795 1021; x_wconf 88' lang='lat' dir='ltr'><strong>auditis,</strong></span> <span class='ocrx_word' id='word_1_123' title='bbox 839 969 961 1010; x_wconf 86' lang='lat' dir='ltr'><strong>multo</strong></span> <span class='ocrx_word' id='word_1_124' title='bbox 995 967 1138 1023; x_wconf 85' lang='lat' dir='ltr'><strong>magis.</strong></span> <span class='ocrx_word' id='word_1_125' title='bbox 1202 967 1270 1009; x_wconf 88' lang='lat' dir='ltr'><strong>M.</strong></span> <span class='ocrx_word' id='word_1_126' title='bbox 1315 966 1464 1009; x_wconf 89' lang='lat' dir='ltr'><strong>Veniet</strong></span> <span class='ocrx_word' id='word_1_127' title='bbox 1489 975 1661 1025; x_wconf 90' lang='lat' dir='ltr'><strong>tempus,</strong></span> 
     </span>
     <span class='ocr_line' id='line_1_17' title="bbox 59 1043 1664 1100; baseline 0.001 -15"><span class='ocrx_word' id='word_1_128' title='bbox 59 1049 102 1086; x_wconf 86' lang='lat' dir='ltr'><strong>et</strong></span> <span class='ocrx_word' id='word_1_129' title='bbox 137 1044 294 1100; x_wconf 88' lang='lat' dir='ltr'><strong>quidem</strong></span> <span class='ocrx_word' id='word_1_130' title='bbox 336 1043 549 1098; x_wconf 87' lang='lat' dir='ltr'><strong>celeriter,</strong></span> <span class='ocrx_word' id='word_1_131' title='bbox 595 1052 636 1087; x_wconf 84' lang='lat' dir='ltr'><strong>et</strong></span> <span class='ocrx_word' id='word_1_132' title='bbox 675 1045 762 1087; x_wconf 84' lang='lat' dir='ltr'><strong>sive</strong></span> <span class='ocrx_word' id='word_1_133' title='bbox 804 1044 1070 1095; x_wconf 84' lang='lat' dir='ltr'><strong>retractabis,</strong></span> <span class='ocrx_word' id='word_1_134' title='bbox 1117 1043 1204 1084; x_wconf 87' lang='lat' dir='ltr'><strong>sive</strong></span> <span class='ocrx_word' id='word_1_135' title='bbox 1247 1043 1506 1099; x_wconf 72' lang='lat' dir='ltr'><strong>properabis,</strong></span> <span class='ocrx_word' id='word_1_136' title='bbox 1555 1045 1664 1087; x_wconf 81' lang='lat' dir='ltr'><strong>votat</strong></span> 
     </span>
    </p>
   </div>
   <div class='ocr_carea' id='block_1_7' title="bbox 59 1151 1664 1199">
    <p class='ocr_par' dir='ltr' id='par_1_7' title="bbox 59 1151 1664 1199">
     <span class='ocr_line' id='line_1_18' title="bbox 59 1151 1664 1199; baseline 0.002 -14"><span class='ocrx_word' id='word_1_137' title='bbox 59 1151 179 1186; x_wconf 77' lang='lat' dir='ltr'><strong>tudine</strong></span> <span class='ocrx_word' id='word_1_138' title='bbox 201 1159 235 1186; x_wconf 90' lang='lat' dir='ltr'><strong>et</strong></span> <span class='ocrx_word' id='word_1_139' title='bbox 256 1157 514 1188; x_wconf 74' lang='lat' dir='ltr'><strong>commentatione</strong></span> <span class='ocrx_word' id='word_1_140' title='bbox 539 1155 598 1199; x_wconf 91' lang='lat' dir='ltr'><strong>(sc.</strong></span> <span class='ocrx_word' id='word_1_141' title='bbox 623 1154 754 1187; x_wconf 67' lang='lat' dir='ltr'><strong>ferendi</strong></span> <span class='ocrx_word' id='word_1_142' title='bbox 777 1154 842 1186; x_wconf 83' lang='lat' dir='ltr'><strong>‹lo-</strong></span> <span class='ocrx_word' id='word_1_143' title='bbox 881 1153 970 1198; x_wconf 85' lang='lat' dir='ltr'><strong>quod</strong></span> <span class='ocrx_word' id='word_1_144' title='bbox 996 1165 1095 1198; x_wconf 85' lang='lat' dir='ltr'><strong>quum</strong></span> <span class='ocrx_word' id='word_1_145' title='bbox 1120 1151 1207 1191; x_wconf 78' lang='lat' dir='ltr'><strong>dico,</strong></span> <span class='ocrx_word' id='word_1_146' title='bbox 1234 1152 1342 1196; x_wconf 83' lang='lat' dir='ltr'><strong>legem</strong></span> <span class='ocrx_word' id='word_1_147' title='bbox 1366 1164 1386 1185; x_wconf 84' lang='lat' dir='ltr'><strong>a</strong></span> <span class='ocrx_word' id='word_1_148' title='bbox 1406 1164 1460 1185; x_wconf 89' lang='lat' dir='ltr'><strong>me</strong></span> <span class='ocrx_word' id='word_1_149' title='bbox 1481 1153 1559 1195; x_wconf 87' lang='lat' dir='ltr'><strong>dici,</strong></span> <span class='ocrx_word' id='word_1_150' title='bbox 1584 1156 1664 1188; x_wconf 81' lang='lat' dir='ltr'><strong>nihil</strong></span> 
     </span>
    </p>
   </div>
   <div class='ocr_carea' id='block_1_8' title="bbox 21 1197 845 3004">
    <p class='ocr_par' dir='ltr' id='par_1_8' title="bbox 21 1197 845 1893">
     <span class='ocr_line' id='line_1_19' title="bbox 59 1197 845 1242; baseline -0.001 -9"><span class='ocrx_word' id='word_1_151' title='bbox 59 1197 156 1242; x_wconf 84' lang='lat' dir='ltr'><strong>loris)</strong></span> <span class='ocrx_word' id='word_1_152' title='bbox 178 1198 257 1232; x_wconf 82' lang='lat' dir='ltr'><strong>dixi.</strong></span> <span class='ocrx_word' id='word_1_153' title='bbox 309 1200 361 1233; x_wconf 78' lang='lat' dir='ltr'><strong>Cf.</strong></span> <span class='ocrx_word' id='word_1_154' title='bbox 379 1202 436 1234; x_wconf 80' lang='lat' dir='ltr'><strong>ln.</strong></span> <span class='ocrx_word' id='word_1_155' title='bbox 459 1200 511 1242; x_wconf 83' lang='lat'><strong>16,</strong></span> <span class='ocrx_word' id='word_1_156' title='bbox 535 1199 599 1235; x_wconf 69' lang='lat'><strong>34:</strong></span> <span class='ocrx_word' id='word_1_157' title='bbox 625 1203 845 1234; x_wconf 82' lang='lat' dir='ltr'><strong>commentatio</strong></span> 
     </span>
     <span class='ocr_line' id='line_1_20' title="bbox 58 1244 843 1290; baseline 0.001 -13"><span class='ocrx_word' id='word_1_158' title='bbox 58 1244 211 1290; x_wconf 82' lang='lat' dir='ltr'><strong>parendi.</strong></span> <span class='ocrx_word' id='word_1_159' title='bbox 263 1247 304 1279; x_wconf 84' lang='lat'><strong>11.</strong></span> <span class='ocrx_word' id='word_1_160' title='bbox 324 1247 373 1285; x_wconf 69' lang='lat'><strong>16,</strong></span> <span class='ocrx_word' id='word_1_161' title='bbox 397 1246 452 1280; x_wconf 65' lang='lat'><strong>42.</strong></span> <span class='ocrx_word' id='word_1_162' title='bbox 479 1258 547 1279; x_wconf 89' lang='lat' dir='ltr'><strong>non</strong></span> <span class='ocrx_word' id='word_1_163' title='bbox 570 1246 613 1279; x_wconf 88' lang='lat' dir='ltr'><strong>de</strong></span> <span class='ocrx_word' id='word_1_164' title='bbox 635 1246 758 1285; x_wconf 79' lang='lat' dir='ltr'><strong>animo,</strong></span> <span class='ocrx_word' id='word_1_165' title='bbox 783 1246 843 1278; x_wconf 75' lang='lat' dir='ltr'><strong>sed</strong></span> 
     </span>
     <span class='ocr_line' id='line_1_21' title="bbox 59 1290 841 1335; baseline 0 -11"><span class='ocrx_word' id='word_1_166' title='bbox 59 1290 105 1324; x_wconf 90' lang='lat' dir='ltr'><strong>de</strong></span> <span class='ocrx_word' id='word_1_167' title='bbox 124 1303 267 1335; x_wconf 90' lang='lat' dir='ltr'><strong>corpore</strong></span> <span class='ocrx_word' id='word_1_168' title='bbox 286 1291 419 1330; x_wconf 82' lang='lat' dir='ltr'><strong>dicitur,</strong></span> <span class='ocrx_word' id='word_1_169' title='bbox 446 1299 481 1324; x_wconf 89' lang='lat' dir='ltr'><strong>ut</strong></span> <span class='ocrx_word' id='word_1_170' title='bbox 505 1292 547 1325; x_wconf 88' lang='lat' dir='ltr'><strong>de</strong></span> <span class='ocrx_word' id='word_1_171' title='bbox 567 1295 622 1326; x_wconf 90' lang='lat' dir='ltr'><strong>Or.</strong></span> <span class='ocrx_word' id='word_1_172' title='bbox 637 1294 694 1326; x_wconf 83' lang='lat' dir='ltr'><strong>ltt.</strong></span> <span class='ocrx_word' id='word_1_173' title='bbox 709 1293 764 1329; x_wconf 65' lang='lat'><strong>23.</strong></span> <span class='ocrx_word' id='word_1_174' title='bbox 777 1293 841 1326; x_wconf 61' lang='grc' dir='ltr'><strong>δὸς</strong></span> 
     </span>
     <span class='ocr_line' id='line_1_22' title="bbox 60 1337 841 1383; baseline 0.001 -13"><span class='ocrx_word' id='word_1_175' title='bbox 60 1337 224 1382; x_wconf 81' lang='lat' dir='ltr'><strong>Magister</strong></span> <span class='ocrx_word' id='word_1_176' title='bbox 252 1338 308 1371; x_wconf 89' lang='lat' dir='ltr'><strong>hic</strong></span> <span class='ocrx_word' id='word_1_177' title='bbox 332 1339 529 1372; x_wconf 80' lang='lat' dir='ltr'><strong>Samnitium</strong></span> <span class='ocrx_word' id='word_1_178' title='bbox 554 1339 588 1383; x_wconf 65' lang='lat' dir='ltr'><strong>(i.</strong></span> <span class='ocrx_word' id='word_1_179' title='bbox 614 1351 643 1371; x_wconf 81' lang='lat' dir='ltr'><strong>e.</strong></span> <span class='ocrx_word' id='word_1_180' title='bbox 669 1339 841 1383; x_wconf 80' lang='lat' dir='ltr'><strong>gladiato-</strong></span> 
     </span>
     <span class='ocr_line' id='line_1_23' title="bbox 59 1384 843 1430; baseline -0.003 -12"><span class='ocrx_word' id='word_1_181' title='bbox 59 1385 146 1424; x_wconf 79' lang='lat' dir='ltr'><strong>rum)</strong></span> <span class='ocrx_word' id='word_1_182' title='bbox 171 1396 299 1417; x_wconf 77' lang='lat' dir='ltr'><strong>summa</strong></span> <span class='ocrx_word' id='word_1_183' title='bbox 320 1384 386 1417; x_wconf 89' lang='lat' dir='ltr'><strong>iam</strong></span> <span class='ocrx_word' id='word_1_184' title='bbox 408 1393 584 1418; x_wconf 77' lang='lat' dir='ltr'><strong>senectute</strong></span> <span class='ocrx_word' id='word_1_185' title='bbox 613 1392 665 1418; x_wconf 84' lang='lat' dir='ltr'><strong>est</strong></span> <span class='ocrx_word' id='word_1_186' title='bbox 695 1393 729 1418; x_wconf 76' lang='lat' dir='ltr'><strong>et</strong></span> <span class='ocrx_word' id='word_1_187' title='bbox 754 1397 843 1430; x_wconf 83' lang='lat' dir='ltr'><strong>quo-</strong></span> 
     </span>
     <span class='ocr_line' id='line_1_24' title="bbox 58 1428 843 1465; baseline 0.001 -2"><span class='ocrx_word' id='word_1_188' title='bbox 58 1428 145 1463; x_wconf 80' lang='lat' dir='ltr'><strong>tidie</strong></span> <span class='ocrx_word' id='word_1_189' title='bbox 173 1435 419 1464; x_wconf 83' lang='lat' dir='ltr'><strong>commentutur:</strong></span> <span class='ocrx_word' id='word_1_190' title='bbox 454 1431 510 1464; x_wconf 91' lang='lat' dir='ltr'><strong>ubi</strong></span> <span class='ocrx_word' id='word_1_191' title='bbox 543 1439 654 1465; x_wconf 79' lang='lat' dir='ltr'><strong>tamen</strong></span> <span class='ocrx_word' id='word_1_192' title='bbox 679 1434 843 1465; x_wconf 77' lang='lat' dir='ltr'><strong>Ettendtus</strong></span> 
     </span>
     <span class='ocr_line' id='line_1_25' title="bbox 59 1476 841 1522; baseline 0.001 -13"><span class='ocrx_word' id='word_1_193' title='bbox 59 1481 152 1509; x_wconf 86' lang='lat' dir='ltr'><strong>tecte</strong></span> <span class='ocrx_word' id='word_1_194' title='bbox 176 1476 355 1520; x_wconf 78' lang='lat' dir='ltr'><strong>significari</strong></span> <span class='ocrx_word' id='word_1_195' title='bbox 381 1483 476 1521; x_wconf 84' lang='lat' dir='ltr'><strong>putat</strong></span> <span class='ocrx_word' id='word_1_196' title='bbox 501 1478 590 1522; x_wconf 70' lang='lat' dir='ltr'><strong>lege-s</strong></span> <span class='ocrx_word' id='word_1_197' title='bbox 616 1486 650 1511; x_wconf 87' lang='lat' dir='ltr'><strong>et</strong></span> <span class='ocrx_word' id='word_1_198' title='bbox 674 1478 841 1511; x_wconf 83' lang='lat' dir='ltr'><strong>rationem</strong></span> 
     </span>
     <span class='ocr_line' id='line_1_26' title="bbox 59 1521 842 1568; baseline 0.001 -12"><span class='ocrx_word' id='word_1_199' title='bbox 59 1521 143 1556; x_wconf 80' lang='lat' dir='ltr'><strong>artis</strong></span> <span class='ocrx_word' id='word_1_200' title='bbox 165 1534 245 1555; x_wconf 86' lang='lat' dir='ltr'><strong>suae</strong></span> <span class='ocrx_word' id='word_1_201' title='bbox 268 1522 461 1567; x_wconf 81' lang='lat' dir='ltr'><strong>magistrum</strong></span> <span class='ocrx_word' id='word_1_202' title='bbox 484 1524 707 1568; x_wconf 78' lang='lat' dir='ltr'><strong>gladiatorum</strong></span> <span class='ocrx_word' id='word_1_203' title='bbox 730 1524 842 1557; x_wconf 83' lang='lat' dir='ltr'><strong>dicta—</strong></span> 
     </span>
     <span class='ocr_line' id='line_1_27' title="bbox 61 1568 843 1613; baseline 0 -11"><span class='ocrx_word' id='word_1_204' title='bbox 61 1568 126 1608; x_wconf 84' lang='lat' dir='ltr'><strong>tis,</strong></span> <span class='ocrx_word' id='word_1_205' title='bbox 164 1580 249 1613; x_wconf 86' lang='lat' dir='ltr'><strong>quae</strong></span> <span class='ocrx_word' id='word_1_206' title='bbox 287 1569 513 1608; x_wconf 81' lang='lat' dir='ltr'><strong>vocabantur,</strong></span> <span class='ocrx_word' id='word_1_207' title='bbox 555 1571 721 1604; x_wconf 80' lang='lat' dir='ltr'><strong>docuisse.</strong></span> <span class='ocrx_word' id='word_1_208' title='bbox 784 1572 843 1603; x_wconf 80' lang='lat' dir='ltr'><strong>Est</strong></span> 
     </span>
     <span class='ocr_line' id='line_1_28' title="bbox 58 1614 840 1661; baseline 0.004 -14"><span class='ocrx_word' id='word_1_209' title='bbox 58 1626 217 1660; x_wconf 80' lang='lat' dir='ltr'><strong>graecum</strong></span> <span class='ocrx_word' id='word_1_210' title='bbox 237 1614 363 1659; x_wconf 81' lang='grc' dir='ltr'>μελέτη</span> <span class='ocrx_word' id='word_1_211' title='bbox 376 1641 384 1655; x_wconf 87' lang='grc'>,</span> <span class='ocrx_word' id='word_1_212' title='bbox 411 1616 601 1661; x_wconf 71' lang='grc' dir='ltr'>μελέτημα.</span> <span class='ocrx_word' id='word_1_213' title='bbox 650 1618 691 1649; x_wconf 89' lang='lat' dir='ltr'><strong>V.</strong></span> <span class='ocrx_word' id='word_1_214' title='bbox 709 1620 840 1651; x_wconf 82' lang='lat' dir='ltr'><strong>Pussov.</strong></span> 
     </span>
     <span class='ocr_line' id='line_1_29' title="bbox 61 1660 842 1708; baseline 0.003 -14"><span class='ocrx_word' id='word_1_215' title='bbox 61 1660 195 1695; x_wconf 88' lang='lat' dir='ltr'><strong>Griech.</strong></span> <span class='ocrx_word' id='word_1_216' title='bbox 222 1661 327 1694; x_wconf 77' lang='lat' dir='ltr'><strong>Lexic</strong></span> <span class='ocrx_word' id='word_1_217' title='bbox 362 1661 395 1694; x_wconf 83' lang='lat' dir='ltr'><strong>h.</strong></span> <span class='ocrx_word' id='word_1_218' title='bbox 421 1675 451 1695; x_wconf 87' lang='lat' dir='ltr'><strong>v.</strong></span> <span class='ocrx_word' id='word_1_219' title='bbox 502 1664 612 1696; x_wconf 81' lang='lat' dir='ltr'><strong>Verba</strong></span> <span class='ocrx_word' id='word_1_220' title='bbox 634 1663 737 1708; x_wconf 79' lang='lat' dir='ltr'><strong>ipsius</strong></span> <span class='ocrx_word' id='word_1_221' title='bbox 765 1664 842 1696; x_wconf 80' lang='lat' dir='ltr'><strong>Pla-</strong></span> 
     </span>
     <span class='ocr_line' id='line_1_30' title="bbox 21 1707 843 1754; baseline 0.001 -13"><span class='ocrx_word' id='word_1_222' title='bbox 21 1739 25 1748; x_wconf 63' lang='grc'><strong>,,</strong></span> <span class='ocrx_word' id='word_1_223' title='bbox 59 1707 171 1750; x_wconf 81' lang='lat' dir='ltr'><strong>tonis,</strong></span> <span class='ocrx_word' id='word_1_224' title='bbox 209 1719 308 1753; x_wconf 87' lang='lat' dir='ltr'><strong>quem</strong></span> <span class='ocrx_word' id='word_1_225' title='bbox 340 1709 487 1754; x_wconf 83' lang='lat' dir='ltr'><strong>respexit</strong></span> <span class='ocrx_word' id='word_1_226' title='bbox 523 1709 662 1750; x_wconf 77' lang='lat' dir='ltr'><strong>Cicero,</strong></span> <span class='ocrx_word' id='word_1_227' title='bbox 699 1717 777 1742; x_wconf 88' lang='lat' dir='ltr'><strong>sunt</strong></span> <span class='ocrx_word' id='word_1_228' title='bbox 809 1710 843 1742; x_wconf 91' lang='lat' dir='ltr'><strong>iu</strong></span> 
     </span>
     <span class='ocr_line' id='line_1_31' title="bbox 59 1752 841 1802; baseline 0.003 -13"><span class='ocrx_word' id='word_1_229' title='bbox 59 1753 231 1789; x_wconf 85' lang='lat' dir='ltr'><strong>Phaedon.</strong></span> <span class='ocrx_word' id='word_1_230' title='bbox 255 1766 288 1799; x_wconf 88' lang='lat' dir='ltr'><strong>p.</strong></span> <span class='ocrx_word' id='word_1_231' title='bbox 309 1754 366 1788; x_wconf 84' lang='lat'><strong>67.</strong></span> <span class='ocrx_word' id='word_1_232' title='bbox 391 1757 438 1788; x_wconf 89' lang='lat' dir='ltr'><strong>D:</strong></span> <span class='ocrx_word' id='word_1_233' title='bbox 476 1754 527 1790; x_wconf 79' lang='grc' dir='ltr'><strong>Τὸ</strong></span> <span class='ocrx_word' id='word_1_234' title='bbox 555 1757 734 1802; x_wconf 70' lang='grc' dir='ltr'>μελέτημα</span> <span class='ocrx_word' id='word_1_235' title='bbox 757 1752 841 1790; x_wconf 69' lang='grc' dir='ltr'><strong>αὐτὸ</strong></span> 
     </span>
     <span class='ocr_line' id='line_1_32' title="bbox 57 1797 844 1846; baseline 0.003 -11"><span class='ocrx_word' id='word_1_236' title='bbox 57 1797 159 1836; x_wconf 80' lang='grc' dir='ltr'><strong>τοῦτο’</strong></span> <span class='ocrx_word' id='word_1_237' title='bbox 192 1799 266 1835; x_wconf 83' lang='grc' dir='ltr'>ἐστι</span> <span class='ocrx_word' id='word_1_238' title='bbox 300 1800 368 1835; x_wconf 79' lang='grc' dir='ltr'><strong>τῶν</strong></span> <span class='ocrx_word' id='word_1_239' title='bbox 394 1799 612 1846; x_wconf 70' lang='grc' dir='ltr'>φιλοσόφων,</span> <span class='ocrx_word' id='word_1_240' title='bbox 651 1802 749 1843; x_wconf 81' lang='grc' dir='ltr'>λυ’σις</span> <span class='ocrx_word' id='word_1_241' title='bbox 784 1802 844 1837; x_wconf 77' lang='grc' dir='ltr'><strong>καὶ</strong></span> 
     </span>
     <span class='ocr_line' id='line_1_33' title="bbox 58 1845 660 1893; baseline 0 -11"><span class='ocrx_word' id='word_1_242' title='bbox 58 1845 238 1893; x_wconf 79' lang='grc' dir='ltr'>χωρισμὸς</span> <span class='ocrx_word' id='word_1_243' title='bbox 257 1847 375 1892; x_wconf 79' lang='grc' dir='ltr'>ψυχῆς</span> <span class='ocrx_word' id='word_1_244' title='bbox 396 1845 463 1883; x_wconf 76' lang='grc' dir='ltr'><strong>ἀπὸ</strong></span> <span class='ocrx_word' id='word_1_245' title='bbox 489 1847 660 1892; x_wconf 79' lang='grc' dir='ltr'>σώματος.</span> 
     </span>
    </p>

    <p class='ocr_par' dir='ltr' id='par_1_9' title="bbox 57 1892 844 2716">
     <span class='ocr_line' id='line_1_34' title="bbox 131 1892 844 1937; baseline 0.003 -12"><span class='ocrx_word' id='word_1_246' title='bbox 131 1892 211 1925; x_wconf 56' lang='lat' dir='ltr'><strong>Car.</strong></span> <span class='ocrx_word' id='word_1_247' title='bbox 228 1893 362 1926; x_wconf 79' lang='lat' dir='ltr'><strong>XXXI.</strong></span> <span class='ocrx_word' id='word_1_248' title='bbox 389 1894 443 1928; x_wconf 79' lang='lat'><strong>75.</strong></span> <span class='ocrx_word' id='word_1_249' title='bbox 493 1906 513 1927; x_wconf 84' lang='lat' dir='ltr'><strong>a</strong></span> <span class='ocrx_word' id='word_1_250' title='bbox 535 1898 708 1937; x_wconf 83' lang='lat' dir='ltr'><strong>voluptate,</strong></span> <span class='ocrx_word' id='word_1_251' title='bbox 733 1897 767 1927; x_wconf 80' lang='lat' dir='ltr'><strong>id</strong></span> <span class='ocrx_word' id='word_1_252' title='bbox 788 1898 844 1935; x_wconf 88' lang='lat' dir='ltr'><strong>est,</strong></span> 
     </span>
     <span class='ocr_line' id='line_1_35' title="bbox 59 1938 844 1984; baseline 0.001 -13"><span class='ocrx_word' id='word_1_253' title='bbox 59 1948 82 1972; x_wconf 83' lang='grc' dir='ltr'>α</span> <span class='ocrx_word' id='word_1_254' title='bbox 97 1938 239 1984; x_wconf 69' lang='lat' dir='ltr'><strong>corpore]</strong></span> <span class='ocrx_word' id='word_1_255' title='bbox 266 1940 506 1983; x_wconf 85' lang='lat' dir='ltr'><strong>Exspectamus</strong></span> <span class='ocrx_word' id='word_1_256' title='bbox 527 1941 639 1984; x_wconf 87' lang='lat' dir='ltr'><strong>potius</strong></span> <span class='ocrx_word' id='word_1_257' title='bbox 662 1952 681 1974; x_wconf 83' lang='lat' dir='ltr'><em>a</em></span> <span class='ocrx_word' id='word_1_258' title='bbox 703 1950 844 1982; x_wconf 82' lang='lat' dir='ltr'><strong>corpore,</strong></span> 
     </span>
     <span class='ocr_line' id='line_1_36' title="bbox 57 1985 841 2030; baseline -0.001 -12"><span class='ocrx_word' id='word_1_259' title='bbox 57 1986 94 2018; x_wconf 68' lang='lat' dir='ltr'><strong>id</strong></span> <span class='ocrx_word' id='word_1_260' title='bbox 113 1989 168 2027; x_wconf 79' lang='lat' dir='ltr'><strong>est,</strong></span> <span class='ocrx_word' id='word_1_261' title='bbox 196 1995 218 2017; x_wconf 87' lang='grc' dir='ltr'><strong><em>α</em></strong></span> <span class='ocrx_word' id='word_1_262' title='bbox 237 1987 419 2026; x_wconf 79' lang='lat' dir='ltr'><strong>voluptate;</strong></span> <span class='ocrx_word' id='word_1_263' title='bbox 443 1998 519 2019; x_wconf 83' lang='lat' dir='ltr'><strong>nam</strong></span> <span class='ocrx_word' id='word_1_264' title='bbox 540 1986 583 2018; x_wconf 90' lang='lat' dir='ltr'><strong>de</strong></span> <span class='ocrx_word' id='word_1_265' title='bbox 606 1998 748 2030; x_wconf 87' lang='lat' dir='ltr'><strong>corpore</strong></span> <span class='ocrx_word' id='word_1_266' title='bbox 768 1985 841 2029; x_wconf 80' lang='lat' dir='ltr'><strong>agi-</strong></span> 
     </span>
     <span class='ocr_line' id='line_1_37' title="bbox 59 2030 842 2076; baseline -0.001 -12"><span class='ocrx_word' id='word_1_267' title='bbox 59 2035 135 2070; x_wconf 80' lang='lat' dir='ltr'><strong>tur3</strong></span> <span class='ocrx_word' id='word_1_268' title='bbox 160 2030 221 2064; x_wconf 90' lang='lat' dir='ltr'><strong>sed</strong></span> <span class='ocrx_word' id='word_1_269' title='bbox 240 2031 373 2074; x_wconf 86' lang='lat' dir='ltr'><strong>saepius</strong></span> <span class='ocrx_word' id='word_1_270' title='bbox 398 2032 518 2064; x_wconf 88' lang='lat' dir='ltr'><strong>Cicero</strong></span> <span class='ocrx_word' id='word_1_271' title='bbox 542 2031 650 2076; x_wconf 89' lang='lat' dir='ltr'><strong>primo</strong></span> <span class='ocrx_word' id='word_1_272' title='bbox 675 2033 752 2066; x_wconf 89' lang='lat' dir='ltr'><strong>loco</strong></span> <span class='ocrx_word' id='word_1_273' title='bbox 774 2044 842 2076; x_wconf 86' lang='lat' dir='ltr'><strong>po—</strong></span> 
     </span>
     <span class='ocr_line' id='line_1_38' title="bbox 59 2075 840 2121; baseline 0 -12"><span class='ocrx_word' id='word_1_274' title='bbox 59 2075 112 2110; x_wconf 80' lang='lat' dir='ltr'><strong>nit</strong></span> <span class='ocrx_word' id='word_1_275' title='bbox 132 2088 204 2109; x_wconf 90' lang='lat' dir='ltr'><strong>rem</strong></span> <span class='ocrx_word' id='word_1_276' title='bbox 224 2075 383 2118; x_wconf 85' lang='lat' dir='ltr'><strong>novam,&#39;</strong></span> <span class='ocrx_word' id='word_1_277' title='bbox 410 2076 533 2110; x_wconf 83' lang='lat' dir='ltr'><strong>deinde</strong></span> <span class='ocrx_word' id='word_1_278' title='bbox 557 2089 618 2121; x_wconf 85' lang='lat' dir='ltr'><strong>per</strong></span> <span class='ocrx_word' id='word_1_279' title='bbox 645 2081 679 2111; x_wconf 77' lang='lat' dir='ltr'><strong>id</strong></span> <span class='ocrx_word' id='word_1_280' title='bbox 711 2083 754 2111; x_wconf 85' lang='lat' dir='ltr'><strong>est</strong></span> <span class='ocrx_word' id='word_1_281' title='bbox 777 2077 840 2110; x_wconf 83' lang='lat' dir='ltr'><strong>ad-</strong></span> 
     </span>
     <span class='ocr_line' id='line_1_39' title="bbox 60 2121 840 2165; baseline 0.004 -11"><span class='ocrx_word' id='word_1_282' title='bbox 60 2121 170 2165; x_wconf 83' lang='lat' dir='ltr'><strong>iungit</strong></span> <span class='ocrx_word' id='word_1_283' title='bbox 198 2133 270 2154; x_wconf 88' lang='lat' dir='ltr'><strong>rem</strong></span> <span class='ocrx_word' id='word_1_284' title='bbox 303 2129 419 2155; x_wconf 85' lang='lat' dir='ltr'><strong>notam</strong></span> <span class='ocrx_word' id='word_1_285' title='bbox 446 2123 499 2156; x_wconf 84' lang='lat' dir='ltr'><strong>vel</strong></span> <span class='ocrx_word' id='word_1_286' title='bbox 534 2133 840 2157; x_wconf 80' lang='lat' dir='ltr'><strong>commemoratam.</strong></span> 
     </span>
     <span class='ocr_line' id='line_1_40' title="bbox 59 2167 839 2215; baseline 0 -14"><span class='ocrx_word' id='word_1_287' title='bbox 59 2167 252 2208; x_wconf 83' lang='lat' dir='ltr'><strong>Fin.1.10,</strong></span> <span class='ocrx_word' id='word_1_288' title='bbox 276 2167 342 2201; x_wconf 82' lang='lat'><strong>33:</strong></span> <span class='ocrx_word' id='word_1_289' title='bbox 369 2169 559 2214; x_wconf 84' lang='lat' dir='ltr'><strong>„similique</strong></span> <span class='ocrx_word' id='word_1_290' title='bbox 579 2178 655 2203; x_wconf 86' lang='lat' dir='ltr'><strong>sunt</strong></span> <span class='ocrx_word' id='word_1_291' title='bbox 677 2171 708 2204; x_wconf 90' lang='lat' dir='ltr'><strong>iu</strong></span> <span class='ocrx_word' id='word_1_292' title='bbox 731 2171 839 2215; x_wconf 85' lang='lat' dir='ltr'><strong>culpa,</strong></span> 
     </span>
     <span class='ocr_line' id='line_1_41' title="bbox 61 2212 841 2258; baseline 0.006 -13"><span class='ocrx_word' id='word_1_293' title='bbox 61 2212 119 2258; x_wconf 82' lang='lat' dir='ltr'><strong>qui</strong></span> <span class='ocrx_word' id='word_1_294' title='bbox 136 2212 250 2246; x_wconf 78' lang='lat' dir='ltr'><strong>officia</strong></span> <span class='ocrx_word' id='word_1_295' title='bbox 267 2213 425 2248; x_wconf 87' lang='lat' dir='ltr'><strong>deserunt</strong></span> <span class='ocrx_word' id='word_1_296' title='bbox 444 2218 578 2249; x_wconf 83' lang='lat' dir='ltr'><strong>mollitia</strong></span> <span class='ocrx_word' id='word_1_297' title='bbox 598 2220 710 2258; x_wconf 82' lang='lat' dir='ltr'><strong>animi,</strong></span> <span class='ocrx_word' id='word_1_298' title='bbox 734 2220 769 2250; x_wconf 85' lang='lat' dir='ltr'><strong>id</strong></span> <span class='ocrx_word' id='word_1_299' title='bbox 786 2222 841 2258; x_wconf 86' lang='lat' dir='ltr'><strong>est,</strong></span> 
     </span>
     <span class='ocr_line' id='line_1_42' title="bbox 59 2261 839 2304; baseline 0.005 -12"><span class='ocrx_word' id='word_1_300' title='bbox 59 2261 205 2292; x_wconf 84' lang='lat' dir='ltr'><strong>laborum</strong></span> <span class='ocrx_word' id='word_1_301' title='bbox 222 2263 251 2292; x_wconf 82' lang='lat' dir='ltr'><strong>et</strong></span> <span class='ocrx_word' id='word_1_302' title='bbox 270 2261 415 2294; x_wconf 81' lang='lat' dir='ltr'><strong>dolorum</strong></span> <span class='ocrx_word' id='word_1_303' title='bbox 433 2263 550 2304; x_wconf 66' lang='lat' dir='ltr'><strong>fuyaf‘</strong></span> <span class='ocrx_word' id='word_1_304' title='bbox 584 2263 634 2296; x_wconf 87' lang='lat' dir='ltr'><strong>lbi</strong></span> <span class='ocrx_word' id='word_1_305' title='bbox 654 2271 754 2297; x_wconf 88' lang='lat' dir='ltr'><strong>antea</strong></span> <span class='ocrx_word' id='word_1_306' title='bbox 774 2274 839 2296; x_wconf 89' lang='lat' dir='ltr'><strong>non</strong></span> 
     </span>
     <span class='ocr_line' id='line_1_43' title="bbox 59 2305 840 2347; baseline 0.005 -10"><span class='ocrx_word' id='word_1_307' title='bbox 59 2305 203 2339; x_wconf 83' lang='lat' dir='ltr'><strong>mollitia</strong></span> <span class='ocrx_word' id='word_1_308' title='bbox 225 2305 348 2347; x_wconf 86' lang='lat' dir='ltr'><strong>animi,</strong></span> <span class='ocrx_word' id='word_1_309' title='bbox 372 2307 431 2340; x_wconf 90' lang='lat' dir='ltr'><strong>sed</strong></span> <span class='ocrx_word' id='word_1_310' title='bbox 453 2308 606 2342; x_wconf 77' lang='lat' dir='ltr'><strong>laborum</strong></span> <span class='ocrx_word' id='word_1_311' title='bbox 629 2317 663 2342; x_wconf 86' lang='lat' dir='ltr'><strong>et</strong></span> <span class='ocrx_word' id='word_1_312' title='bbox 685 2310 840 2343; x_wconf 89' lang='lat' dir='ltr'><strong>dolorum</strong></span> 
     </span>
     <span class='ocr_line' id='line_1_44' title="bbox 59 2351 840 2395; baseline 0.006 -11"><span class='ocrx_word' id='word_1_313' title='bbox 59 2351 141 2395; x_wconf 74' lang='lat' dir='ltr'><strong>fuga</strong></span> <span class='ocrx_word' id='word_1_314' title='bbox 169 2361 431 2387; x_wconf 81' lang='lat' dir='ltr'><strong>commemorata</strong></span> <span class='ocrx_word' id='word_1_315' title='bbox 463 2362 544 2387; x_wconf 76' lang='lat' dir='ltr'><strong>erat.</strong></span> <span class='ocrx_word' id='word_1_316' title='bbox 597 2356 722 2389; x_wconf 83' lang='lat' dir='ltr'><strong>Eadem</strong></span> <span class='ocrx_word' id='word_1_317' title='bbox 753 2357 840 2389; x_wconf 80' lang='lat' dir='ltr'><strong>ratio</strong></span> 
     </span>
     <span class='ocr_line' id='line_1_45' title="bbox 59 2398 841 2446; baseline 0.005 -15"><span class='ocrx_word' id='word_1_318' title='bbox 59 2404 130 2439; x_wconf 82' lang='lat' dir='ltr'><strong>est,</strong></span> <span class='ocrx_word' id='word_1_319' title='bbox 167 2398 224 2432; x_wconf 87' lang='lat' dir='ltr'><strong>ubi</strong></span> <span class='ocrx_word' id='word_1_320' title='bbox 256 2399 398 2443; x_wconf 88' lang='lat' dir='ltr'><strong>primum</strong></span> <span class='ocrx_word' id='word_1_321' title='bbox 420 2400 557 2434; x_wconf 85' lang='lat' dir='ltr'><strong>latinam</strong></span> <span class='ocrx_word' id='word_1_322' title='bbox 583 2401 841 2446; x_wconf 69' lang='lat' dir='ltr'><strong>interpretatio—</strong></span> 
     </span>
     <span class='ocr_line' id='line_1_46' title="bbox 59 2444 839 2491; baseline 0.01 -15"><span class='ocrx_word' id='word_1_323' title='bbox 59 2455 161 2485; x_wconf 86' lang='lat' dir='ltr'><strong>nem,</strong></span> <span class='ocrx_word' id='word_1_324' title='bbox 187 2444 309 2478; x_wconf 72' lang='lat' dir='ltr'><strong>deinde.</strong></span> <span class='ocrx_word' id='word_1_325' title='bbox 331 2446 460 2480; x_wconf 84' lang='lat' dir='ltr'><strong>Graeca</strong></span> <span class='ocrx_word' id='word_1_326' title='bbox 483 2448 600 2491; x_wconf 85' lang='lat' dir='ltr'><strong>ponit,</strong></span> <span class='ocrx_word' id='word_1_327' title='bbox 635 2450 682 2481; x_wconf 84' lang='lat' dir='ltr'><strong>uti</strong></span> <span class='ocrx_word' id='word_1_328' title='bbox 706 2451 765 2484; x_wconf 76' lang='grc' dir='ltr'>ΙΙΙ.</span> <span class='ocrx_word' id='word_1_329' title='bbox 783 2450 839 2489; x_wconf 74' lang='lat'><strong>27,</strong></span> 
     </span>
     <span class='ocr_line' id='line_1_47' title="bbox 58 2488 842 2537; baseline 0.005 -13"><span class='ocrx_word' id='word_1_330' title='bbox 58 2488 124 2524; x_wconf 79' lang='lat'><strong>65:</strong></span> <span class='ocrx_word' id='word_1_331' title='bbox 162 2490 252 2531; x_wconf 82' lang='lat' dir='ltr'><strong>Quid</strong></span> <span class='ocrx_word' id='word_1_332' title='bbox 281 2490 340 2524; x_wconf 91' lang='lat' dir='ltr'><strong>ille</strong></span> <span class='ocrx_word' id='word_1_333' title='bbox 358 2493 582 2526; x_wconf 84' lang='lat' dir='ltr'><strong>Terentianus</strong></span> <span class='ocrx_word' id='word_1_334' title='bbox 614 2497 681 2536; x_wconf 78' lang='lat' dir='ltr'><strong>ipse</strong></span> <span class='ocrx_word' id='word_1_335' title='bbox 713 2506 744 2528; x_wconf 89' lang='lat' dir='ltr'><strong>se</strong></span> <span class='ocrx_word' id='word_1_336' title='bbox 766 2506 842 2537; x_wconf 85' lang='lat' dir='ltr'><strong>poe-</strong></span> 
     </span>
     <span class='ocr_line' id='line_1_48' title="bbox 57 2536 840 2584; baseline 0.006 -15"><span class='ocrx_word' id='word_1_337' title='bbox 57 2537 160 2578; x_wconf 72' lang='lat' dir='ltr'><strong>vn&#39;ens,</strong></span> <span class='ocrx_word' id='word_1_338' title='bbox 179 2539 215 2570; x_wconf 77' lang='lat' dir='ltr'><strong>id</strong></span> <span class='ocrx_word' id='word_1_339' title='bbox 231 2541 276 2570; x_wconf 76' lang='lat' dir='ltr'><strong>est</strong></span> <span class='ocrx_word' id='word_1_340' title='bbox 292 2536 412 2574; x_wconf 75' lang='grc' dir='ltr'>ἑαυτὸν</span> <span class='ocrx_word' id='word_1_341' title='bbox 423 2539 686 2584; x_wconf 76' lang='grc' dir='ltr'>τιμωρούμενος.</span> <span class='ocrx_word' id='word_1_342' title='bbox 713 2542 840 2574; x_wconf 80' lang='lat' dir='ltr'><strong>Eadem</strong></span> 
     </span>
     <span class='ocr_line' id='line_1_49' title="bbox 58 2580 840 2631; baseline 0.009 -17"><span class='ocrx_word' id='word_1_343' title='bbox 58 2580 133 2615; x_wconf 74' lang='lat' dir='ltr'><strong>fere</strong></span> <span class='ocrx_word' id='word_1_344' title='bbox 147 2583 181 2615; x_wconf 82' lang='lat' dir='ltr'><strong>vi</strong></span> <span class='ocrx_word' id='word_1_345' title='bbox 197 2582 278 2616; x_wconf 71' lang='lat' dir='ltr'><strong>allas</strong></span> <span class='ocrx_word' id='word_1_346' title='bbox 301 2596 319 2616; x_wconf 87' lang='lat' dir='ltr'><strong>a</strong></span> <span class='ocrx_word' id='word_1_347' title='bbox 342 2584 505 2619; x_wconf 85' lang='lat' dir='ltr'><strong>Cicerone</strong></span> <span class='ocrx_word' id='word_1_348' title='bbox 521 2595 724 2631; x_wconf 82' lang='lat' dir='ltr'><strong>usurpantur</strong></span> <span class='ocrx_word' id='word_1_349' title='bbox 738 2588 840 2621; x_wconf 89' lang='lat' dir='ltr'><strong>verba</strong></span> 
     </span>
     <span class='ocr_line' id='line_1_50' title="bbox 58 2627 839 2679; baseline 0.01 -19"><span class='ocrx_word' id='word_1_350' title='bbox 58 2627 96 2660; x_wconf 76' lang='lat' dir='ltr'><strong>td</strong></span> <span class='ocrx_word' id='word_1_351' title='bbox 115 2632 158 2661; x_wconf 79' lang='lat' dir='ltr'><strong>est</strong></span> <span class='ocrx_word' id='word_1_352' title='bbox 182 2632 276 2662; x_wconf 77' lang='lat' dir='ltr'><strong>enim.</strong></span> <span class='ocrx_word' id='word_1_353' title='bbox 308 2631 349 2664; x_wconf 88' lang='lat' dir='ltr'><strong>V.</strong></span> <span class='ocrx_word' id='word_1_354' title='bbox 369 2631 412 2664; x_wconf 85' lang='lat' dir='ltr'><strong>ad</strong></span> <span class='ocrx_word' id='word_1_355' title='bbox 435 2633 476 2665; x_wconf 87' lang='lat' dir='ltr'><strong>V.</strong></span> <span class='ocrx_word' id='word_1_356' title='bbox 493 2632 528 2672; x_wconf 82' lang='lat'><strong>3,</strong></span> <span class='ocrx_word' id='word_1_357' title='bbox 550 2632 583 2666; x_wconf 86' lang='lat'><strong>9.</strong></span> <span class='ocrx_word' id='word_1_358' title='bbox 622 2634 670 2666; x_wconf 93' lang='lat' dir='ltr'><strong>De</strong></span> <span class='ocrx_word' id='word_1_359' title='bbox 689 2646 783 2679; x_wconf 84' lang='lat' dir='ltr'><strong>seqq.</strong></span> <span class='ocrx_word' id='word_1_360' title='bbox 805 2637 839 2668; x_wconf 77' lang='lat' dir='ltr'><strong>id</strong></span> 
     </span>
     <span class='ocr_line' id='line_1_51' title="bbox 58 2676 838 2716; baseline 0.012 -10"><span class='ocrx_word' id='word_1_361' title='bbox 58 2676 122 2715; x_wconf 74' lang='lat' dir='ltr'><strong>cst,</strong></span> <span class='ocrx_word' id='word_1_362' title='bbox 145 2685 385 2710; x_wconf 80' lang='lat' dir='ltr'><strong>consuescamus</strong></span> <span class='ocrx_word' id='word_1_363' title='bbox 405 2682 487 2711; x_wconf 84' lang='lat' dir='ltr'><strong>mori</strong></span> <span class='ocrx_word' id='word_1_364' title='bbox 510 2692 542 2711; x_wconf 82' lang='lat' dir='ltr'><strong>v.</strong></span> <span class='ocrx_word' id='word_1_365' title='bbox 567 2679 610 2711; x_wconf 86' lang='lat' dir='ltr'><strong>ad</strong></span> <span class='ocrx_word' id='word_1_366' title='bbox 633 2681 692 2713; x_wconf 86' lang='grc' dir='ltr'><strong>ΙΙΙ.</strong></span> <span class='ocrx_word' id='word_1_367' title='bbox 714 2682 764 2716; x_wconf 71' lang='grc'><strong>15,</strong></span> <span class='ocrx_word' id='word_1_368' title='bbox 783 2681 838 2715; x_wconf 73' lang='lat'><strong>27.</strong></span> 
     </span>
    </p>

    <p class='ocr_par' dir='ltr' id='par_1_10' title="bbox 58 2725 839 3004">
     <span class='ocr_line' id='line_1_52' title="bbox 125 2725 839 2769; baseline 0.008 -16"><span class='ocrx_word' id='word_1_369' title='bbox 125 2730 183 2754; x_wconf 86' lang='lat' dir='ltr'><strong>nec</strong></span> <span class='ocrx_word' id='word_1_370' title='bbox 210 2725 381 2764; x_wconf 68' lang='lat' dir='ltr'><strong>quicquam</strong></span> <span class='ocrx_word' id='word_1_371' title='bbox 409 2725 515 2769; x_wconf 82' lang='lat' dir='ltr'><strong>aliud]</strong></span> <span class='ocrx_word' id='word_1_372' title='bbox 551 2727 774 2759; x_wconf 79' lang='lat' dir='ltr'><strong>Asseverandi</strong></span> <span class='ocrx_word' id='word_1_373' title='bbox 806 2727 839 2759; x_wconf 85' lang='lat' dir='ltr'><strong>vi</strong></span> 
     </span>
     <span class='ocr_line' id='line_1_53' title="bbox 60 2761 839 2815; baseline 0.012 -18"><span class='ocrx_word' id='word_1_374' title='bbox 60 2761 144 2798; x_wconf 61' lang='lat' dir='ltr'><strong>hiet:</strong></span> <span class='ocrx_word' id='word_1_375' title='bbox 163 2767 266 2800; x_wconf 81' lang='lat' dir='ltr'><strong>verba</strong></span> <span class='ocrx_word' id='word_1_376' title='bbox 284 2767 458 2802; x_wconf 82' lang='lat' dir='ltr'><strong>interiecta</strong></span> <span class='ocrx_word' id='word_1_377' title='bbox 481 2777 579 2803; x_wconf 85' lang='lat' dir='ltr'><strong>suut:</strong></span> <span class='ocrx_word' id='word_1_378' title='bbox 615 2774 670 2812; x_wconf 71' lang='lat' dir='ltr'><strong>id,</strong></span> <span class='ocrx_word' id='word_1_379' title='bbox 695 2775 839 2815; x_wconf 79' lang='lat' dir='ltr'><strong>inquam,</strong></span> 
     </span>
     <span class='ocr_line' id='line_1_54' title="bbox 58 2810 838 2852; baseline 0.014 -11"><span class='ocrx_word' id='word_1_380' title='bbox 58 2810 247 2846; x_wconf 64' lang='lat' dir='ltr'><strong>nitatutiud</strong></span> <span class='ocrx_word' id='word_1_381' title='bbox 269 2818 313 2847; x_wconf 79' lang='lat' dir='ltr'><strong>est</strong></span> <span class='ocrx_word' id='word_1_382' title='bbox 331 2818 414 2849; x_wconf 82' lang='lat' dir='ltr'><strong>mori</strong></span> <span class='ocrx_word' id='word_1_383' title='bbox 432 2819 561 2850; x_wconf 83' lang='lat' dir='ltr'><strong>discere.</strong></span> <span class='ocrx_word' id='word_1_384' title='bbox 610 2822 697 2852; x_wconf 85' lang='lat' dir='ltr'><strong>Ante</strong></span> <span class='ocrx_word' id='word_1_385' title='bbox 722 2819 838 2852; x_wconf 91' lang='lat' dir='ltr'><strong>oculos</strong></span> 
     </span>
     <span class='ocr_line' id='line_1_55' title="bbox 61 2852 838 2910; baseline 0.018 -24"><span class='ocrx_word' id='word_1_386' title='bbox 61 2852 179 2910; x_wconf 57' lang='lat' dir='ltr'><strong>habuit</strong></span> <span class='ocrx_word' id='word_1_387' title='bbox 197 2858 328 2893; x_wconf 80' lang='lat' dir='ltr'><strong>Platon.</strong></span> <span class='ocrx_word' id='word_1_388' title='bbox 345 2861 515 2896; x_wconf 89' lang='lat' dir='ltr'><strong>Phaedon.</strong></span> <span class='ocrx_word' id='word_1_389' title='bbox 535 2875 568 2907; x_wconf 89' lang='lat' dir='ltr'><strong>p.</strong></span> <span class='ocrx_word' id='word_1_390' title='bbox 582 2862 648 2898; x_wconf 73' lang='lat'><strong>64:</strong></span> <span class='ocrx_word' id='word_1_391' title='bbox 673 2865 780 2909; x_wconf 69' lang='grc' dir='ltr'>γωοὶς</span> <span class='ocrx_word' id='word_1_392' title='bbox 798 2865 838 2900; x_wconf 85' lang='grc' dir='ltr'><strong>δὲ</strong></span> 
     </span>
     <span class='ocr_line' id='line_1_56' title="bbox 61 2899 836 2956; baseline 0.017 -23"><span class='ocrx_word' id='word_1_393' title='bbox 61 2909 125 2955; x_wconf 76' lang='lat' dir='ltr'><strong>‘rqv</strong></span> <span class='ocrx_word' id='word_1_394' title='bbox 139 2902 271 2956; x_wconf 46' lang='lat' dir='ltr'><strong>„thurci”</strong></span> <span class='ocrx_word' id='word_1_395' title='bbox 298 2906 358 2941; x_wconf 84' lang='grc' dir='ltr'><strong>τοῦ</strong></span> <span class='ocrx_word' id='word_1_396' title='bbox 391 2906 552 2950; x_wconf 77' lang='grc' dir='ltr'><strong>σώματος</strong></span> <span class='ocrx_word' id='word_1_397' title='bbox 582 2899 836 2955; x_wconf 47' lang='grc' dir='ltr'><strong>ἅπαλὶῖαὴείσαν</strong></span> 
     </span>
     <span class='ocr_line' id='line_1_57' title="bbox 61 2946 836 3004; baseline 0.018 -25"><span class='ocrx_word' id='word_1_398' title='bbox 61 2955 171 3004; x_wconf 56' lang='lat' dir='ltr'><strong>aur-ep</strong></span> <span class='ocrx_word' id='word_1_399' title='bbox 188 2946 267 2983; x_wconf 63' lang='grc' dir='ltr'><strong>καθ’</strong></span> <span class='ocrx_word' id='word_1_400' title='bbox 288 2949 333 2986; x_wconf 75' lang='grc' dir='ltr'><strong>αὖ</strong></span> <span class='ocrx_word' id='word_1_401' title='bbox 364 2951 396 2986; x_wconf 74' lang='lat' dir='ltr'><strong>&#39;v</strong></span> <span class='ocrx_word' id='word_1_402' title='bbox 415 2951 518 2994; x_wconf 77' lang='grc' dir='ltr'><strong>εἶναι,</strong></span> <span class='ocrx_word' id='word_1_403' title='bbox 553 2948 621 2998; x_wconf 78' lang='grc' dir='ltr'><strong>ἆρα</strong></span> <span class='ocrx_word' id='word_1_404' title='bbox 645 2955 701 3000; x_wconf 78' lang='grc' dir='ltr'><strong>μὴ</strong></span> <span class='ocrx_word' id='word_1_405' title='bbox 726 2954 836 2992; x_wconf 78' lang='grc' dir='ltr'>ἄλλο</span> 
     </span>
    </p>
   </div>
   <div class='ocr_carea' id='block_1_9' title="bbox 58 2989 1536 3046">
    <p class='ocr_par' dir='ltr' id='par_1_11' title="bbox 58 2989 1536 3046">
     <span class='ocr_line' id='line_1_58' title="bbox 58 2989 1536 3046; baseline 0.003 -17"><span class='ocrx_word' id='word_1_406' title='bbox 58 3000 104 3026; x_wconf 78' lang='grc' dir='ltr'><strong>τι</strong></span> <span class='ocrx_word' id='word_1_407' title='bbox 122 3002 147 3038; x_wconf 82' lang='grc' dir='ltr'>ῃ</span> <span class='ocrx_word' id='word_1_408' title='bbox 168 2989 187 3028; x_wconf 76' lang='grc' dir='ltr'>ὅ</span> <span class='ocrx_word' id='word_1_409' title='bbox 207 2991 351 3038; x_wconf 58' lang='grc' dir='ltr'><strong>θάνατος</strong></span> <span class='ocrx_word' id='word_1_410' title='bbox 367 3012 391 3044; x_wconf 76' lang='grc' dir='ltr'>η</span> <span class='ocrx_word' id='word_1_411' title='bbox 413 3000 534 3042; x_wconf 85' lang='grc' dir='ltr'><strong>τοῦτο;</strong></span> <span class='ocrx_word' id='word_1_412' title='bbox 555 3002 662 3046; x_wconf 84' lang='lat' dir='ltr'><strong>Legg.</strong></span> <span class='ocrx_word' id='word_1_413' title='bbox 675 3005 734 3036; x_wconf 88' lang='lat'><strong>111.</strong></span> <span class='ocrx_word' id='word_1_414' title='bbox 748 3004 779 3044; x_wconf 91' lang='lat'><strong>1,</strong></span> <span class='ocrx_word' id='word_1_415' title='bbox 792 3003 834 3039; x_wconf 67' lang='grc' dir='ltr'><strong>ὃς</strong></span> <span class='ocrx_word' id='word_1_416' title='bbox 869 3004 966 3037; x_wconf 89' lang='lat' dir='ltr'><strong>tendi</strong></span> <span class='ocrx_word' id='word_1_417' title='bbox 976 3029 987 3045; x_wconf 92' lang='lat'><em>‚</em></span> <span class='ocrx_word' id='word_1_418' title='bbox 1022 2998 1302 3045; x_wconf 82' lang='lat' dir='ltr'><strong>concupiscendi,</strong></span> <span class='ocrx_word' id='word_1_419' title='bbox 1341 2999 1536 3043; x_wconf 80' lang='lat' dir='ltr'><strong>exoptandi.</strong></span> 
     </span>
    </p>
   </div>
   <div class='ocr_carea' id='block_1_10' title="bbox 872 1199 1664 2999">
    <p class='ocr_par' dir='ltr' id='par_1_12' title="bbox 879 1199 1271 1242">
     <span class='ocr_line' id='line_1_59' title="bbox 879 1199 1271 1242; baseline -0.003 -10"><span class='ocrx_word' id='word_1_420' title='bbox 879 1202 992 1240; x_wconf 76' lang='lat' dir='ltr'><strong>aliud,</strong></span> <span class='ocrx_word' id='word_1_421' title='bbox 1018 1200 1159 1242; x_wconf 67' lang='lat' dir='ltr'><strong>intelligi</strong></span> <span class='ocrx_word' id='word_1_422' title='bbox 1181 1199 1271 1231; x_wconf 82' lang='lat' dir='ltr'><strong>volo.</strong></span> 
     </span>
    </p>

    <p class='ocr_par' dir='ltr' id='par_1_13' title="bbox 877 1245 1664 1756">
     <span class='ocr_line' id='line_1_60' title="bbox 948 1245 1663 1290; baseline 0.001 -12"><span class='ocrx_word' id='word_1_423' title='bbox 948 1248 1025 1278; x_wconf 73' lang='lat' dir='ltr'><strong>mihi</strong></span> <span class='ocrx_word' id='word_1_424' title='bbox 1043 1248 1146 1286; x_wconf 67' lang='lat' dir='ltr'><strong>crede3</strong></span> <span class='ocrx_word' id='word_1_425' title='bbox 1173 1245 1326 1278; x_wconf 81' lang='lat' dir='ltr'><strong>Formulu</strong></span> <span class='ocrx_word' id='word_1_426' title='bbox 1341 1247 1566 1285; x_wconf 75' lang='lat' dir='ltr'><strong>assevemndi,</strong></span> <span class='ocrx_word' id='word_1_427' title='bbox 1585 1246 1663 1290; x_wconf 73' lang='grc' dir='ltr'>ἐμοὶ</span> 
     </span>
     <span class='ocr_line' id='line_1_61' title="bbox 878 1292 1663 1334; baseline 0 -8"><span class='ocrx_word' id='word_1_428' title='bbox 878 1292 992 1330; x_wconf 67' lang='grc' dir='ltr'><strong>πιῖῑοῦ,</strong></span> <span class='ocrx_word' id='word_1_429' title='bbox 1013 1292 1113 1326; x_wconf 54' lang='lat' dir='ltr'><strong>natm]</strong></span> <span class='ocrx_word' id='word_1_430' title='bbox 1135 1304 1201 1334; x_wconf 70' lang='grc' dir='ltr'><strong>μοι.</strong></span> <span class='ocrx_word' id='word_1_431' title='bbox 1247 1292 1463 1324; x_wconf 79' lang='lat' dir='ltr'><strong>observanda</strong></span> <span class='ocrx_word' id='word_1_432' title='bbox 1482 1300 1532 1325; x_wconf 83' lang='lat' dir='ltr'><strong>est</strong></span> <span class='ocrx_word' id='word_1_433' title='bbox 1549 1301 1663 1326; x_wconf 82' lang='lat' dir='ltr'><strong>autem</strong></span> 
     </span>
     <span class='ocr_line' id='line_1_62' title="bbox 879 1338 1661 1382; baseline 0.001 -11"><span class='ocrx_word' id='word_1_434' title='bbox 879 1339 961 1371; x_wconf 73' lang='lat' dir='ltr'><strong>llaec</strong></span> <span class='ocrx_word' id='word_1_435' title='bbox 987 1339 1164 1370; x_wconf 65' lang='lat' dir='ltr'><strong>verborum</strong></span> <span class='ocrx_word' id='word_1_436' title='bbox 1191 1338 1392 1374; x_wconf 81' lang='lat' dir='ltr'><strong>collocatio.</strong></span> <span class='ocrx_word' id='word_1_437' title='bbox 1431 1350 1530 1382; x_wconf 82' lang='lat' dir='ltr'><strong>quam</strong></span> <span class='ocrx_word' id='word_1_438' title='bbox 1555 1339 1661 1372; x_wconf 81' lang='lat' dir='ltr'><strong>firmi-</strong></span> 
     </span>
     <span class='ocr_line' id='line_1_63' title="bbox 879 1384 1663 1423; baseline 0.003 -6"><span class='ocrx_word' id='word_1_439' title='bbox 879 1392 931 1418; x_wconf 80' lang='lat' dir='ltr'><strong>ter</strong></span> <span class='ocrx_word' id='word_1_440' title='bbox 959 1385 1076 1417; x_wconf 72' lang='lat' dir='ltr'><strong>Cicero</strong></span> <span class='ocrx_word' id='word_1_441' title='bbox 1111 1384 1240 1423; x_wconf 79' lang='lat' dir='ltr'><strong>tenuit,</strong></span> <span class='ocrx_word' id='word_1_442' title='bbox 1276 1392 1312 1416; x_wconf 85' lang='lat' dir='ltr'><strong>ut</strong></span> <span class='ocrx_word' id='word_1_443' title='bbox 1345 1384 1527 1417; x_wconf 79' lang='lat' dir='ltr'><strong>evitaretur</strong></span> <span class='ocrx_word' id='word_1_444' title='bbox 1555 1386 1663 1419; x_wconf 77' lang='lat' dir='ltr'><strong>exitus</strong></span> 
     </span>
     <span class='ocr_line' id='line_1_64' title="bbox 878 1430 1663 1476; baseline 0.004 -13"><span class='ocrx_word' id='word_1_445' title='bbox 878 1431 1081 1476; x_wconf 61' lang='lat' dir='ltr'><strong>pentametri</strong></span> <span class='ocrx_word' id='word_1_446' title='bbox 1110 1433 1201 1464; x_wconf 84' lang='lat' dir='ltr'><strong>crede</strong></span> <span class='ocrx_word' id='word_1_447' title='bbox 1230 1433 1317 1463; x_wconf 77' lang='lat' dir='ltr'><strong>milii.</strong></span> <span class='ocrx_word' id='word_1_448' title='bbox 1368 1431 1419 1462; x_wconf 80' lang='lat' dir='ltr'><strong>Cf.</strong></span> <span class='ocrx_word' id='word_1_449' title='bbox 1443 1430 1532 1464; x_wconf 81' lang='lat' dir='ltr'><strong>infra</strong></span> <span class='ocrx_word' id='word_1_450' title='bbox 1557 1444 1584 1465; x_wconf 90' lang='lat' dir='ltr'><strong>c.</strong></span> <span class='ocrx_word' id='word_1_451' title='bbox 1606 1432 1663 1472; x_wconf 73' lang='lat'><strong>43,</strong></span> 
     </span>
     <span class='ocr_line' id='line_1_65' title="bbox 881 1476 1664 1517; baseline 0.001 -6"><span class='ocrx_word' id='word_1_452' title='bbox 881 1479 956 1512; x_wconf 73' lang='lat'><strong>103.</strong></span> <span class='ocrx_word' id='word_1_453' title='bbox 986 1480 1072 1515; x_wconf 77' lang='lat'><strong>11.-}.</strong></span> <span class='ocrx_word' id='word_1_454' title='bbox 1102 1478 1154 1511; x_wconf 87' lang='lat'><strong>10.</strong></span> <span class='ocrx_word' id='word_1_455' title='bbox 1205 1476 1403 1510; x_wconf 69' lang='lat' dir='ltr'><strong>Fin.11.3⁴.</strong></span> <span class='ocrx_word' id='word_1_456' title='bbox 1431 1478 1471 1517; x_wconf 87' lang='lat' dir='ltr'><strong>V,</strong></span> <span class='ocrx_word' id='word_1_457' title='bbox 1496 1479 1551 1512; x_wconf 74' lang='lat'><strong>30.</strong></span> <span class='ocrx_word' id='word_1_458' title='bbox 1600 1479 1664 1511; x_wconf 83' lang='lat' dir='ltr'><strong>Di-</strong></span> 
     </span>
     <span class='ocr_line' id='line_1_66' title="bbox 878 1523 1662 1565; baseline 0.003 -10"><span class='ocrx_word' id='word_1_459' title='bbox 878 1524 943 1556; x_wconf 79' lang='lat' dir='ltr'><strong>vin.</strong></span> <span class='ocrx_word' id='word_1_460' title='bbox 967 1526 1018 1565; x_wconf 83' lang='lat' dir='ltr'><strong>Il,</strong></span> <span class='ocrx_word' id='word_1_461' title='bbox 1045 1523 1096 1558; x_wconf 78' lang='grc'><strong>16.</strong></span> <span class='ocrx_word' id='word_1_462' title='bbox 1161 1523 1212 1555; x_wconf 82' lang='lat' dir='ltr'><strong>Cf.</strong></span> <span class='ocrx_word' id='word_1_463' title='bbox 1238 1526 1377 1556; x_wconf 71' lang='lat' dir='ltr'><strong>Ku‘hner.</strong></span> <span class='ocrx_word' id='word_1_464' title='bbox 1397 1523 1456 1555; x_wconf 87' lang='lat' dir='ltr'><strong>Gr.</strong></span> <span class='ocrx_word' id='word_1_465' title='bbox 1474 1524 1513 1555; x_wconf 88' lang='lat' dir='ltr'><strong>L.</strong></span> <span class='ocrx_word' id='word_1_466' title='bbox 1539 1524 1662 1565; x_wconf 49' lang='lat' dir='ltr'><strong>§.16ss</strong></span> 
     </span>
     <span class='ocr_line' id='line_1_67' title="bbox 878 1569 1663 1614; baseline 0.001 -11"><span class='ocrx_word' id='word_1_467' title='bbox 878 1572 961 1604; x_wconf 80' lang='lat' dir='ltr'><strong>Not.</strong></span> <span class='ocrx_word' id='word_1_468' title='bbox 975 1573 1009 1605; x_wconf 65' lang='lat' dir='ltr'><strong>Sl.</strong></span> <span class='ocrx_word' id='word_1_469' title='bbox 1060 1569 1126 1603; x_wconf 78' lang='lat' dir='ltr'><strong>Alii</strong></span> <span class='ocrx_word' id='word_1_470' title='bbox 1148 1570 1352 1614; x_wconf 83' lang='lat' dir='ltr'><strong>scriptores,</strong></span> <span class='ocrx_word' id='word_1_471' title='bbox 1390 1569 1552 1614; x_wconf 83' lang='lat' dir='ltr'><strong>imprimis</strong></span> <span class='ocrx_word' id='word_1_472' title='bbox 1574 1575 1663 1614; x_wconf 62' lang='lat' dir='ltr'><strong>poe*-</strong></span> 
     </span>
     <span class='ocr_line' id='line_1_68' title="bbox 877 1616 1660 1661; baseline 0.001 -12"><span class='ocrx_word' id='word_1_473' title='bbox 877 1625 943 1655; x_wconf 78' lang='lat' dir='ltr'><strong>tae,</strong></span> <span class='ocrx_word' id='word_1_474' title='bbox 970 1617 1071 1649; x_wconf 76' lang='lat' dir='ltr'><strong>etiam</strong></span> <span class='ocrx_word' id='word_1_475' title='bbox 1094 1619 1183 1649; x_wconf 79' lang='lat' dir='ltr'><strong>crede</strong></span> <span class='ocrx_word' id='word_1_476' title='bbox 1205 1619 1283 1649; x_wconf 78' lang='lat' dir='ltr'><strong>mihi</strong></span> <span class='ocrx_word' id='word_1_477' title='bbox 1306 1616 1474 1653; x_wconf 75' lang='lat' dir='ltr'><strong>dicebant,</strong></span> <span class='ocrx_word' id='word_1_478' title='bbox 1501 1617 1592 1660; x_wconf 86' lang='lat' dir='ltr'><strong>qnod</strong></span> <span class='ocrx_word' id='word_1_479' title='bbox 1607 1629 1660 1661; x_wconf 84' lang='lat' dir='ltr'><strong>ap.</strong></span> 
     </span>
     <span class='ocr_line' id='line_1_69' title="bbox 879 1662 1661 1706; baseline 0.001 -10"><span class='ocrx_word' id='word_1_480' title='bbox 879 1664 1074 1697; x_wconf 79' lang='lat' dir='ltr'><strong>Ciceronem</strong></span> <span class='ocrx_word' id='word_1_481' title='bbox 1099 1676 1166 1696; x_wconf 85' lang='lat' dir='ltr'><strong>non</strong></span> <span class='ocrx_word' id='word_1_482' title='bbox 1193 1663 1333 1706; x_wconf 75' lang='lat' dir='ltr'><strong>legitur,</strong></span> <span class='ocrx_word' id='word_1_483' title='bbox 1360 1662 1423 1695; x_wconf 86' lang='lat' dir='ltr'><strong>nisi</strong></span> <span class='ocrx_word' id='word_1_484' title='bbox 1447 1662 1490 1695; x_wconf 82' lang='lat' dir='ltr'><strong>ad</strong></span> <span class='ocrx_word' id='word_1_485' title='bbox 1517 1668 1585 1695; x_wconf 83' lang='lat' dir='ltr'><strong>Att.</strong></span> <span class='ocrx_word' id='word_1_486' title='bbox 1602 1664 1661 1697; x_wconf 83' lang='lat' dir='ltr'><strong>VI·</strong></span> 
     </span>
     <span class='ocr_line' id='line_1_70' title="bbox 879 1710 1250 1756; baseline -0.003 -13"><span class='ocrx_word' id='word_1_487' title='bbox 879 1710 978 1756; x_wconf 74' lang='lat' dir='ltr'><strong>ep.G.</strong></span> <span class='ocrx_word' id='word_1_488' title='bbox 1014 1711 1104 1743; x_wconf 67' lang='grc' dir='ltr'><strong>ΥΙΙΙ.</strong></span> <span class='ocrx_word' id='word_1_489' title='bbox 1127 1722 1178 1753; x_wconf 80' lang='lat' dir='ltr'><strong>ep.</strong></span> <span class='ocrx_word' id='word_1_490' title='bbox 1200 1712 1250 1742; x_wconf 74' lang='lat'><strong>14.</strong></span> 
     </span>
    </p>

    <p class='ocr_par' dir='ltr' id='par_1_14' title="bbox 873 1755 1662 2252">
     <span class='ocr_line' id='line_1_71' title="bbox 949 1755 1660 1800; baseline -0.004 -10"><span class='ocrx_word' id='word_1_491' title='bbox 949 1760 1014 1790; x_wconf 86' lang='lat' dir='ltr'><strong>Hoc</strong></span> <span class='ocrx_word' id='word_1_492' title='bbox 1038 1761 1086 1796; x_wconf 88' lang='lat' dir='ltr'><strong>et,</strong></span> <span class='ocrx_word' id='word_1_493' title='bbox 1122 1758 1201 1788; x_wconf 86' lang='lat' dir='ltr'><strong>dum</strong></span> <span class='ocrx_word' id='word_1_494' title='bbox 1222 1758 1341 1788; x_wconf 84' lang='lat' dir='ltr'><strong>erimus</strong></span> <span class='ocrx_word' id='word_1_495' title='bbox 1362 1774 1429 1796; x_wconf 88' lang='lat'><strong>—-‚</strong></span> <span class='ocrx_word' id='word_1_496' title='bbox 1458 1757 1582 1796; x_wconf 79' lang='lat' dir='ltr'><strong>simile,</strong></span> <span class='ocrx_word' id='word_1_497' title='bbox 1616 1755 1660 1800; x_wconf 85' lang='lat' dir='ltr'><strong>et]</strong></span> 
     </span>
     <span class='ocr_line' id='line_1_72' title="bbox 880 1801 1662 1847; baseline -0.004 -10"><span class='ocrx_word' id='word_1_498' title='bbox 880 1806 926 1837; x_wconf 85' lang='lat' dir='ltr'><strong>Ut</strong></span> <span class='ocrx_word' id='word_1_499' title='bbox 959 1813 1146 1847; x_wconf 67' lang='lat' dir='ltr'><strong>pronomen</strong></span> <span class='ocrx_word' id='word_1_500' title='bbox 1180 1804 1257 1841; x_wconf 80' lang='lat' dir='ltr'><strong>hoc,</strong></span> <span class='ocrx_word' id='word_1_501' title='bbox 1301 1801 1333 1832; x_wconf 91' lang='lat' dir='ltr'><strong>in</strong></span> <span class='ocrx_word' id='word_1_502' title='bbox 1371 1813 1437 1845; x_wconf 88' lang='lat' dir='ltr'><strong>quo</strong></span> <span class='ocrx_word' id='word_1_503' title='bbox 1470 1801 1662 1834; x_wconf 84' lang='lat' dir='ltr'><strong>sententiae</strong></span> 
     </span>
     <span class='ocr_line' id='line_1_73' title="bbox 879 1847 1662 1895; baseline -0.003 -13"><span class='ocrx_word' id='word_1_504' title='bbox 879 1849 1010 1895; x_wconf 89' lang='lat' dir='ltr'><strong>pondus</strong></span> <span class='ocrx_word' id='word_1_505' title='bbox 1037 1848 1183 1892; x_wconf 77' lang='lat' dir='ltr'><strong>positum</strong></span> <span class='ocrx_word' id='word_1_506' title='bbox 1209 1855 1282 1885; x_wconf 80' lang='lat' dir='ltr'><strong>est,</strong></span> <span class='ocrx_word' id='word_1_507' title='bbox 1308 1847 1435 1879; x_wconf 81' lang='lat' dir='ltr'><strong>maiore</strong></span> <span class='ocrx_word' id='word_1_508' title='bbox 1458 1847 1491 1879; x_wconf 91' lang='lat' dir='ltr'><strong>vi</strong></span> <span class='ocrx_word' id='word_1_509' title='bbox 1517 1848 1662 1880; x_wconf 75' lang='lat' dir='ltr'><strong>efferre—</strong></span> 
     </span>
     <span class='ocr_line' id='line_1_74' title="bbox 878 1893 1662 1939; baseline -0.001 -11"><span class='ocrx_word' id='word_1_510' title='bbox 878 1904 950 1935; x_wconf 84' lang='lat' dir='ltr'><strong>tur,</strong></span> <span class='ocrx_word' id='word_1_511' title='bbox 987 1895 1076 1939; x_wconf 88' lang='lat' dir='ltr'><strong>prius</strong></span> <span class='ocrx_word' id='word_1_512' title='bbox 1113 1898 1139 1926; x_wconf 83' lang='lat' dir='ltr'><strong>et</strong></span> <span class='ocrx_word' id='word_1_513' title='bbox 1162 1893 1338 1926; x_wconf 76' lang='lat' dir='ltr'><strong>traiectum</strong></span> <span class='ocrx_word' id='word_1_514' title='bbox 1371 1900 1421 1926; x_wconf 86' lang='lat' dir='ltr'><strong>est</strong></span> <span class='ocrx_word' id='word_1_515' title='bbox 1456 1900 1490 1925; x_wconf 87' lang='lat' dir='ltr'><strong>et</strong></span> <span class='ocrx_word' id='word_1_516' title='bbox 1515 1893 1662 1927; x_wconf 78' lang='lat' dir='ltr'><strong>domon-</strong></span> 
     </span>
     <span class='ocr_line' id='line_1_75' title="bbox 879 1939 1661 1983; baseline -0.003 -9"><span class='ocrx_word' id='word_1_517' title='bbox 879 1941 1022 1974; x_wconf 81' lang='lat' dir='ltr'><strong>strativo</strong></span> <span class='ocrx_word' id='word_1_518' title='bbox 1043 1939 1091 1972; x_wconf 91' lang='lat' dir='ltr'><strong>illi</strong></span> <span class='ocrx_word' id='word_1_519' title='bbox 1113 1939 1347 1983; x_wconf 85' lang='lat' dir='ltr'><strong>postpositum.</strong></span> <span class='ocrx_word' id='word_1_520' title='bbox 1389 1939 1461 1972; x_wconf 77' lang='lat' dir='ltr'><strong>Alia</strong></span> <span class='ocrx_word' id='word_1_521' title='bbox 1482 1940 1661 1973; x_wconf 82' lang='lat' dir='ltr'><strong>traiectio-</strong></span> 
     </span>
     <span class='ocr_line' id='line_1_76' title="bbox 878 1984 1659 2025; baseline -0.001 -5"><span class='ocrx_word' id='word_1_522' title='bbox 878 1989 928 2020; x_wconf 88' lang='lat' dir='ltr'><strong>nis</strong></span> <span class='ocrx_word' id='word_1_523' title='bbox 959 1987 1045 2020; x_wconf 83' lang='lat' dir='ltr'><strong>ratio</strong></span> <span class='ocrx_word' id='word_1_524' title='bbox 1078 1994 1128 2018; x_wconf 87' lang='lat' dir='ltr'><strong>est</strong></span> <span class='ocrx_word' id='word_1_525' title='bbox 1154 1986 1242 2018; x_wconf 77' lang='lat' dir='ltr'><strong>iufra</strong></span> <span class='ocrx_word' id='word_1_526' title='bbox 1270 1987 1324 2018; x_wconf 82' lang='lat' dir='ltr'><strong>tv.</strong></span> <span class='ocrx_word' id='word_1_527' title='bbox 1349 1984 1409 2025; x_wconf 71' lang='grc' dir='ltr'><strong>Η,</strong></span> <span class='ocrx_word' id='word_1_528' title='bbox 1434 1986 1497 2019; x_wconf 69' lang='lat'><strong>32:</strong></span> <span class='ocrx_word' id='word_1_529' title='bbox 1534 1986 1583 2019; x_wconf 92' lang='lat' dir='ltr'><strong>sic</strong></span> <span class='ocrx_word' id='word_1_530' title='bbox 1610 1985 1659 2019; x_wconf 87' lang='lat' dir='ltr'><strong>illi</strong></span> 
     </span>
     <span class='ocr_line' id='line_1_77' title="bbox 877 2032 1661 2072; baseline 0 -6"><span class='ocrx_word' id='word_1_531' title='bbox 877 2034 910 2066; x_wconf 90' lang='lat' dir='ltr'><strong>in</strong></span> <span class='ocrx_word' id='word_1_532' title='bbox 942 2033 1098 2066; x_wconf 85' lang='lat' dir='ltr'><strong>morbum</strong></span> <span class='ocrx_word' id='word_1_533' title='bbox 1129 2037 1157 2065; x_wconf 83' lang='lat' dir='ltr'><strong>et</strong></span> <span class='ocrx_word' id='word_1_534' title='bbox 1176 2032 1328 2065; x_wconf 81' lang='lat' dir='ltr'><strong>incidunt</strong></span> <span class='ocrx_word' id='word_1_535' title='bbox 1358 2032 1506 2072; x_wconf 77' lang='lat' dir='ltr'><strong>tardius,</strong></span> <span class='ocrx_word' id='word_1_536' title='bbox 1542 2037 1570 2065; x_wconf 76' lang='lat' dir='ltr'><strong>et</strong></span> <span class='ocrx_word' id='word_1_537' title='bbox 1602 2045 1661 2066; x_wconf 88' lang='lat' dir='ltr'><strong>re-</strong></span> 
     </span>
     <span class='ocr_line' id='line_1_78' title="bbox 879 2079 1661 2114; baseline -0.001 -1"><span class='ocrx_word' id='word_1_538' title='bbox 879 2087 1035 2114; x_wconf 82' lang='lat' dir='ltr'><strong>creantur</strong></span> <span class='ocrx_word' id='word_1_539' title='bbox 1067 2079 1178 2112; x_wconf 81' lang='lat' dir='ltr'><strong>ocius:</strong></span> <span class='ocrx_word' id='word_1_540' title='bbox 1223 2079 1278 2111; x_wconf 87' lang='lat' dir='ltr'><strong>ubi</strong></span> <span class='ocrx_word' id='word_1_541' title='bbox 1312 2079 1414 2111; x_wconf 83' lang='lat' dir='ltr'><strong>verba</strong></span> <span class='ocrx_word' id='word_1_542' title='bbox 1448 2081 1481 2110; x_wconf 76' lang='lat' dir='ltr'><strong>in</strong></span> <span class='ocrx_word' id='word_1_543' title='bbox 1515 2082 1661 2112; x_wconf 83' lang='lat' dir='ltr'><strong>morbum</strong></span> 
     </span>
     <span class='ocr_line' id='line_1_79' title="bbox 877 2125 1660 2171; baseline -0.001 -12"><span class='ocrx_word' id='word_1_544' title='bbox 877 2126 1059 2171; x_wconf 78' lang='lat' dir='ltr'><strong>praemissa</strong></span> <span class='ocrx_word' id='word_1_545' title='bbox 1083 2133 1160 2158; x_wconf 83' lang='lat' dir='ltr'><strong>sunt</strong></span> <span class='ocrx_word' id='word_1_546' title='bbox 1175 2151 1182 2163; x_wconf 85' lang='lat'><strong>,</strong></span> <span class='ocrx_word' id='word_1_547' title='bbox 1221 2126 1297 2169; x_wconf 84' lang='lat' dir='ltr'><strong>quia</strong></span> <span class='ocrx_word' id='word_1_548' title='bbox 1321 2125 1378 2157; x_wconf 86' lang='lat' dir='ltr'><strong>uni</strong></span> <span class='ocrx_word' id='word_1_549' title='bbox 1405 2125 1534 2157; x_wconf 78' lang='lat' dir='ltr'><strong>notioni</strong></span> <span class='ocrx_word' id='word_1_550' title='bbox 1559 2128 1660 2158; x_wconf 81' lang='lat' dir='ltr'><strong>morbi</strong></span> 
     </span>
     <span class='ocr_line' id='line_1_80' title="bbox 877 2171 1660 2212; baseline 0 -7"><span class='ocrx_word' id='word_1_551' title='bbox 877 2184 944 2205; x_wconf 87' lang='lat' dir='ltr'><strong>non</strong></span> <span class='ocrx_word' id='word_1_552' title='bbox 970 2172 1078 2205; x_wconf 83' lang='lat' dir='ltr'><strong>solnm</strong></span> <span class='ocrx_word' id='word_1_553' title='bbox 1103 2172 1242 2204; x_wconf 85' lang='lat' dir='ltr'><strong>verbum</strong></span> <span class='ocrx_word' id='word_1_554' title='bbox 1264 2174 1428 2212; x_wconf 79' lang='lat' dir='ltr'><strong>incidunt,</strong></span> <span class='ocrx_word' id='word_1_555' title='bbox 1463 2171 1524 2203; x_wconf 89' lang='lat' dir='ltr'><strong>sed</strong></span> <span class='ocrx_word' id='word_1_556' title='bbox 1557 2172 1660 2205; x_wconf 77' lang='lat' dir='ltr'><strong>etiarn</strong></span> 
     </span>
     <span class='ocr_line' id='line_1_81' title="bbox 873 2218 1348 2252; baseline -0.002 0"><span class='ocrx_word' id='word_1_557' title='bbox 873 2224 1056 2252; x_wconf 81' lang='lat' dir='ltr'><strong>recreantur</strong></span> <span class='ocrx_word' id='word_1_558' title='bbox 1078 2218 1264 2251; x_wconf 82' lang='lat' dir='ltr'><strong>subiectum</strong></span> <span class='ocrx_word' id='word_1_559' title='bbox 1288 2226 1348 2251; x_wconf 79' lang='lat' dir='ltr'><strong>est.</strong></span> 
     </span>
    </p>

    <p class='ocr_par' dir='ltr' id='par_1_15' title="bbox 875 2266 1658 2542">
     <span class='ocr_line' id='line_1_82' title="bbox 945 2266 1658 2307; baseline 0.003 -11"><span class='ocrx_word' id='word_1_560' title='bbox 945 2268 1014 2306; x_wconf 77' lang='lat' dir='ltr'><strong>(mo</strong></span> <span class='ocrx_word' id='word_1_561' title='bbox 1031 2275 1130 2307; x_wconf 81' lang='lat' dir='ltr'><strong>quum</strong></span> <span class='ocrx_word' id='word_1_562' title='bbox 1149 2268 1386 2297; x_wconf 82' lang='lat' dir='ltr'><strong>venerimus—</strong></span> <span class='ocrx_word' id='word_1_563' title='bbox 1407 2266 1475 2297; x_wconf 81' lang='lat' dir='ltr'><strong>vita</strong></span> <span class='ocrx_word' id='word_1_564' title='bbox 1494 2275 1579 2298; x_wconf 86' lang='lat' dir='ltr'><strong>mors</strong></span> <span class='ocrx_word' id='word_1_565' title='bbox 1597 2267 1658 2306; x_wconf 86' lang='lat' dir='ltr'><strong>est]</strong></span> 
     </span>
     <span class='ocr_line' id='line_1_83' title="bbox 878 2310 1658 2354; baseline -0.003 -9"><span class='ocrx_word' id='word_1_566' title='bbox 878 2313 1037 2345; x_wconf 76' lang='lat' dir='ltr'><strong>Geminus</strong></span> <span class='ocrx_word' id='word_1_567' title='bbox 1071 2312 1163 2344; x_wconf 85' lang='lat' dir='ltr'><strong>locus</strong></span> <span class='ocrx_word' id='word_1_568' title='bbox 1198 2311 1322 2354; x_wconf 77' lang='lat' dir='ltr'><strong>legitur</strong></span> <span class='ocrx_word' id='word_1_569' title='bbox 1352 2310 1384 2342; x_wconf 90' lang='lat' dir='ltr'><strong>in</strong></span> <span class='ocrx_word' id='word_1_570' title='bbox 1418 2311 1557 2343; x_wconf 87' lang='lat' dir='ltr'><strong>Somnio</strong></span> <span class='ocrx_word' id='word_1_571' title='bbox 1583 2311 1658 2344; x_wconf 74' lang='lat' dir='ltr'><strong>Sci-</strong></span> 
     </span>
     <span class='ocr_line' id='line_1_84' title="bbox 875 2357 1658 2402; baseline 0.001 -14"><span class='ocrx_word' id='word_1_572' title='bbox 875 2358 968 2402; x_wconf 79' lang='lat' dir='ltr'><strong>pion.</strong></span> <span class='ocrx_word' id='word_1_573' title='bbox 993 2357 1036 2390; x_wconf 92' lang='lat' dir='ltr'><strong>de</strong></span> <span class='ocrx_word' id='word_1_574' title='bbox 1057 2359 1140 2402; x_wconf 86' lang='lat' dir='ltr'><strong>Rep.</strong></span> <span class='ocrx_word' id='word_1_575' title='bbox 1158 2358 1215 2391; x_wconf 78' lang='lat' dir='ltr'><strong>VI.</strong></span> <span class='ocrx_word' id='word_1_576' title='bbox 1234 2358 1295 2392; x_wconf 70' lang='lat'><strong>14:</strong></span> <span class='ocrx_word' id='word_1_577' title='bbox 1334 2358 1439 2389; x_wconf 82' lang='lat' dir='ltr'><strong>Immo</strong></span> <span class='ocrx_word' id='word_1_578' title='bbox 1463 2369 1543 2390; x_wconf 84' lang='lat' dir='ltr'><strong>vero</strong></span> <span class='ocrx_word' id='word_1_579' title='bbox 1566 2357 1589 2389; x_wconf 90' lang='lat' dir='ltr'><strong>ii</strong></span> <span class='ocrx_word' id='word_1_580' title='bbox 1614 2376 1658 2381; x_wconf 94' lang='lat'>—</span> 
     </span>
     <span class='ocr_line' id='line_1_85' title="bbox 876 2403 1658 2448; baseline -0.003 -12"><span class='ocrx_word' id='word_1_581' title='bbox 876 2405 1013 2443; x_wconf 76' lang='lat' dir='ltr'><strong>vivunt,</strong></span> <span class='ocrx_word' id='word_1_582' title='bbox 1052 2403 1108 2448; x_wconf 81' lang='lat' dir='ltr'><strong>qui</strong></span> <span class='ocrx_word' id='word_1_583' title='bbox 1143 2416 1184 2437; x_wconf 79' lang='lat' dir='ltr'><strong>ex</strong></span> <span class='ocrx_word' id='word_1_584' title='bbox 1208 2415 1388 2448; x_wconf 88' lang='lat' dir='ltr'><strong>corporum</strong></span> <span class='ocrx_word' id='word_1_585' title='bbox 1414 2403 1553 2435; x_wconf 83' lang='lat' dir='ltr'><strong>vinculis</strong></span> <span class='ocrx_word' id='word_1_586' title='bbox 1577 2411 1658 2435; x_wconf 85' lang='lat' dir='ltr'><strong>tan-</strong></span> 
     </span>
     <span class='ocr_line' id='line_1_86' title="bbox 875 2451 1656 2496; baseline -0.004 -13"><span class='ocrx_word' id='word_1_587' title='bbox 875 2463 974 2496; x_wconf 88' lang='lat' dir='ltr'><strong>quarn</strong></span> <span class='ocrx_word' id='word_1_588' title='bbox 993 2462 1011 2482; x_wconf 86' lang='lat' dir='ltr'><strong>e</strong></span> <span class='ocrx_word' id='word_1_589' title='bbox 1030 2462 1164 2483; x_wconf 79' lang='lat' dir='ltr'><strong>carcere</strong></span> <span class='ocrx_word' id='word_1_590' title='bbox 1184 2451 1422 2487; x_wconf 76' lang='lat' dir='ltr'><strong>evolaverunt3</strong></span> <span class='ocrx_word' id='word_1_591' title='bbox 1448 2457 1558 2481; x_wconf 83' lang='lat' dir='ltr'><strong>vestra</strong></span> <span class='ocrx_word' id='word_1_592' title='bbox 1575 2460 1656 2480; x_wconf 86' lang='lat' dir='ltr'><strong>vero</strong></span> 
     </span>
     <span class='ocr_line' id='line_1_87' title="bbox 875 2496 1423 2542; baseline -0.004 -14"><span class='ocrx_word' id='word_1_593' title='bbox 875 2509 961 2542; x_wconf 88' lang='lat' dir='ltr'><strong>quae</strong></span> <span class='ocrx_word' id='word_1_594' title='bbox 983 2496 1108 2529; x_wconf 84' lang='lat' dir='ltr'><strong>dicitur</strong></span> <span class='ocrx_word' id='word_1_595' title='bbox 1132 2497 1199 2529; x_wconf 83' lang='lat' dir='ltr'><strong>vitu</strong></span> <span class='ocrx_word' id='word_1_596' title='bbox 1215 2523 1223 2535; x_wconf 80' lang='lat'>‚</span> <span class='ocrx_word' id='word_1_597' title='bbox 1247 2509 1338 2530; x_wconf 85' lang='lat' dir='ltr'><strong>mors</strong></span> <span class='ocrx_word' id='word_1_598' title='bbox 1362 2502 1423 2527; x_wconf 88' lang='lat' dir='ltr'><strong>est.</strong></span> 
     </span>
    </p>

    <p class='ocr_par' dir='ltr' id='par_1_16' title="bbox 875 2542 1656 2634">
     <span class='ocr_line' id='line_1_88' title="bbox 945 2542 1656 2588; baseline -0.008 -11"><span class='ocrx_word' id='word_1_599' title='bbox 945 2543 1000 2577; x_wconf 78' lang='lat'><strong>76.</strong></span> <span class='ocrx_word' id='word_1_600' title='bbox 1047 2546 1106 2576; x_wconf 80' lang='lat' dir='ltr'><strong>has</strong></span> <span class='ocrx_word' id='word_1_601' title='bbox 1137 2543 1202 2588; x_wconf 80' lang='lat' dir='ltr'><strong>res]</strong></span> <span class='ocrx_word' id='word_1_602' title='bbox 1241 2542 1428 2577; x_wconf 70' lang='grc' dir='ltr'>Δεικτικῶς</span> <span class='ocrx_word' id='word_1_603' title='bbox 1464 2551 1656 2584; x_wconf 80' lang='lat' dir='ltr'><strong>expressum</strong></span> 
     </span>
     <span class='ocr_line' id='line_1_89' title="bbox 875 2586 1550 2634; baseline -0.009 -11"><span class='ocrx_word' id='word_1_604' title='bbox 875 2602 958 2634; x_wconf 82' lang='lat' dir='ltr'><strong>pro:</strong></span> <span class='ocrx_word' id='word_1_605' title='bbox 984 2602 1037 2622; x_wconf 89' lang='lat' dir='ltr'><strong>res</strong></span> <span class='ocrx_word' id='word_1_606' title='bbox 1060 2589 1094 2622; x_wconf 88' lang='lat' dir='ltr'><strong>in</strong></span> <span class='ocrx_word' id='word_1_607' title='bbox 1117 2590 1167 2622; x_wconf 88' lang='lat' dir='ltr'><strong>his</strong></span> <span class='ocrx_word' id='word_1_608' title='bbox 1191 2589 1300 2627; x_wconf 79' lang='lat' dir='ltr'><strong>terris,</strong></span> <span class='ocrx_word' id='word_1_609' title='bbox 1327 2589 1414 2620; x_wconf 83' lang='lat' dir='ltr'><strong>hanc</strong></span> <span class='ocrx_word' id='word_1_610' title='bbox 1437 2586 1550 2618; x_wconf 83' lang='lat' dir='ltr'><strong>vitam.</strong></span> 
     </span>
    </p>

    <p class='ocr_par' dir='ltr' id='par_1_17' title="bbox 872 2632 1656 2999">
     <span class='ocr_line' id='line_1_90' title="bbox 944 2632 1653 2678; baseline -0.006 -9"><span class='ocrx_word' id='word_1_611' title='bbox 944 2640 972 2669; x_wconf 81' lang='lat' dir='ltr'><strong>et</strong></span> <span class='ocrx_word' id='word_1_612' title='bbox 1006 2640 1071 2669; x_wconf 79' lang='lat' dir='ltr'><strong>sice</strong></span> <span class='ocrx_word' id='word_1_613' title='bbox 1105 2638 1312 2675; x_wconf 79' lang='lat' dir='ltr'><strong>retractabis,</strong></span> <span class='ocrx_word' id='word_1_614' title='bbox 1359 2636 1422 2665; x_wconf 81' lang='lat' dir='ltr'><strong>sive</strong></span> <span class='ocrx_word' id='word_1_615' title='bbox 1453 2632 1653 2678; x_wconf 78' lang='lat' dir='ltr'><strong>properabis]</strong></span> 
     </span>
     <span class='ocr_line' id='line_1_91' title="bbox 875 2677 1656 2715; baseline -0.005 -1"><span class='ocrx_word' id='word_1_616' title='bbox 875 2683 1050 2715; x_wconf 85' lang='lat' dir='ltr'><strong>Sententia</strong></span> <span class='ocrx_word' id='word_1_617' title='bbox 1079 2682 1201 2715; x_wconf 89' lang='lat' dir='ltr'><strong>horum</strong></span> <span class='ocrx_word' id='word_1_618' title='bbox 1224 2681 1404 2713; x_wconf 78' lang='lat' dir='ltr'><strong>verborum</strong></span> <span class='ocrx_word' id='word_1_619' title='bbox 1426 2677 1560 2709; x_wconf 77' lang='lat' dir='ltr'><strong>videtur</strong></span> <span class='ocrx_word' id='word_1_620' title='bbox 1583 2689 1656 2710; x_wconf 63' lang='lat' dir='ltr'><strong>esse</strong></span> 
     </span>
     <span class='ocr_line' id='line_1_92' title="bbox 875 2722 1655 2762; baseline -0.008 -1"><span class='ocrx_word' id='word_1_621' title='bbox 875 2729 974 2761; x_wconf 80' lang='lat' dir='ltr'><strong>haec:</strong></span> <span class='ocrx_word' id='word_1_622' title='bbox 997 2729 1068 2761; x_wconf 88' lang='lat' dir='ltr'><strong>sive</strong></span> <span class='ocrx_word' id='word_1_623' title='bbox 1088 2728 1211 2761; x_wconf 85' lang='lat' dir='ltr'><strong>invitus</strong></span> <span class='ocrx_word' id='word_1_624' title='bbox 1233 2728 1297 2759; x_wconf 83' lang='lat' dir='ltr'><strong>hac</strong></span> <span class='ocrx_word' id='word_1_625' title='bbox 1319 2725 1384 2756; x_wconf 79' lang='lat' dir='ltr'><strong>vita</strong></span> <span class='ocrx_word' id='word_1_626' title='bbox 1406 2722 1558 2762; x_wconf 79' lang='lat' dir='ltr'><strong>excedes,</strong></span> <span class='ocrx_word' id='word_1_627' title='bbox 1583 2723 1655 2757; x_wconf 84' lang='lat' dir='ltr'><strong>sive</strong></span> 
     </span>
     <span class='ocr_line' id='line_1_93' title="bbox 873 2768 1655 2818; baseline -0.009 -11"><span class='ocrx_word' id='word_1_628' title='bbox 873 2782 1006 2818; x_wconf 83' lang='lat' dir='ltr'><strong>tempus</strong></span> <span class='ocrx_word' id='word_1_629' title='bbox 1030 2774 1148 2807; x_wconf 86' lang='lat' dir='ltr'><strong>mortis</strong></span> <span class='ocrx_word' id='word_1_630' title='bbox 1171 2773 1291 2817; x_wconf 83' lang='lat' dir='ltr'><strong>cupide</strong></span> <span class='ocrx_word' id='word_1_631' title='bbox 1314 2768 1533 2812; x_wconf 77' lang='lat' dir='ltr'><strong>exspectabis.</strong></span> <span class='ocrx_word' id='word_1_632' title='bbox 1594 2772 1655 2803; x_wconf 85' lang='lat' dir='ltr'><strong>Re-</strong></span> 
     </span>
     <span class='ocr_line' id='line_1_94' title="bbox 872 2814 1654 2858; baseline -0.005 -5"><span class='ocrx_word' id='word_1_633' title='bbox 872 2826 1010 2855; x_wconf 78' lang='lat' dir='ltr'><strong>tractare</strong></span> <span class='ocrx_word' id='word_1_634' title='bbox 1033 2828 1083 2853; x_wconf 85' lang='lat' dir='ltr'><strong>est</strong></span> <span class='ocrx_word' id='word_1_635' title='bbox 1103 2831 1265 2855; x_wconf 81' lang='lat' dir='ltr'><strong>recusare,</strong></span> <span class='ocrx_word' id='word_1_636' title='bbox 1289 2814 1511 2858; x_wconf 80' lang='lat' dir='ltr'><strong>tergiversari.</strong></span> <span class='ocrx_word' id='word_1_637' title='bbox 1561 2816 1654 2850; x_wconf 82' lang='lat' dir='ltr'><strong>Infra</strong></span> 
     </span>
     <span class='ocr_line' id='line_1_95' title="bbox 874 2859 1654 2906; baseline -0.003 -9"><span class='ocrx_word' id='word_1_638' title='bbox 874 2869 913 2899; x_wconf 93' lang='lat' dir='ltr'><strong>V.</strong></span> <span class='ocrx_word' id='word_1_639' title='bbox 932 2868 999 2906; x_wconf 69' lang='lat'><strong>29,</strong></span> <span class='ocrx_word' id='word_1_640' title='bbox 1023 2868 1088 2900; x_wconf 62' lang='lat'><strong>&amp;21</strong></span> <span class='ocrx_word' id='word_1_641' title='bbox 1125 2866 1197 2897; x_wconf 86' lang='lat' dir='ltr'><strong>sine</strong></span> <span class='ocrx_word' id='word_1_642' title='bbox 1223 2863 1444 2896; x_wconf 82' lang='lat' dir='ltr'><strong>retractatione</strong></span> <span class='ocrx_word' id='word_1_643' title='bbox 1467 2859 1572 2894; x_wconf 87' lang='lat' dir='ltr'><strong>libere</strong></span> <span class='ocrx_word' id='word_1_644' title='bbox 1597 2861 1654 2895; x_wconf 90' lang='lat' dir='ltr'><strong>di-</strong></span> 
     </span>
     <span class='ocr_line' id='line_1_96' title="bbox 873 2906 1651 2947; baseline -0.01 -2"><span class='ocrx_word' id='word_1_645' title='bbox 873 2925 958 2947; x_wconf 88' lang='lat' dir='ltr'><strong>cere.</strong></span> <span class='ocrx_word' id='word_1_646' title='bbox 1009 2914 1050 2945; x_wconf 88' lang='lat' dir='ltr'><strong>V.</strong></span> <span class='ocrx_word' id='word_1_647' title='bbox 1074 2913 1210 2944; x_wconf 81' lang='lat' dir='ltr'><strong>Ernestii</strong></span> <span class='ocrx_word' id='word_1_648' title='bbox 1244 2909 1333 2940; x_wconf 69' lang='lat' dir='ltr'><strong>clav.</strong></span> <span class='ocrx_word' id='word_1_649' title='bbox 1369 2906 1520 2941; x_wconf 80' lang='lat' dir='ltr'><strong>ciceron.</strong></span> <span class='ocrx_word' id='word_1_650' title='bbox 1554 2908 1588 2943; x_wconf 85' lang='lat' dir='ltr'><strong>h,</strong></span> <span class='ocrx_word' id='word_1_651' title='bbox 1617 2921 1651 2942; x_wconf 80' lang='lat' dir='ltr'><strong>v,</strong></span> 
     </span>
     <span class='ocr_line' id='line_1_97' title="bbox 872 2952 1652 2999; baseline -0.005 -8"><span class='ocrx_word' id='word_1_652' title='bbox 872 2960 910 2991; x_wconf 83' lang='lat' dir='ltr'><strong>In</strong></span> <span class='ocrx_word' id='word_1_653' title='bbox 940 2959 1046 2991; x_wconf 86' lang='lat' dir='ltr'><strong>verbo</strong></span> <span class='ocrx_word' id='word_1_654' title='bbox 1069 2956 1265 2998; x_wconf 81' lang='lat' dir='ltr'><strong>properandi</strong></span> <span class='ocrx_word' id='word_1_655' title='bbox 1295 2953 1384 2985; x_wconf 79' lang='lat' dir='ltr'><strong>inest</strong></span> <span class='ocrx_word' id='word_1_656' title='bbox 1416 2952 1513 2986; x_wconf 87' lang='lat' dir='ltr'><strong>notio</strong></span> <span class='ocrx_word' id='word_1_657' title='bbox 1545 2966 1652 2999; x_wconf 86' lang='lat' dir='ltr'><strong>expe-</strong></span> 
     </span>
    </p>
   </div>
   <div class='ocr_carea' id='block_1_11' title="bbox 1594 3001 1652 3034">
    <p class='ocr_par' dir='ltr' id='par_1_18' title="bbox 1594 3001 1652 3034">
     <span class='ocr_line' id='line_1_98' title="bbox 1594 3001 1652 3034; baseline 0 0"><span class='ocrx_word' id='word_1_658' title='bbox 1594 3001 1652 3034; x_wconf 90' lang='lat' dir='ltr'><strong>Sic</strong></span> 
     </span>
    </p>
   </div>
  </div>
 </body>
</html>
