1859 3149
643 56 810 90 Lmen
835 57 879 91 v.
908 55 968 98 14,
992 55 1049 90 41.
1073 55 1130 91 42.
1604 53 1691 100 ‘289

192 133 319 184 XIV,
382 134 465 192 Qui
492 136 597 179 enim
635 137 782 194 poterit
818 145 887 180 aut
920 137 1101 194 corporis
1135 137 1347 192 firmitate,
1399 149 1468 184 aut
1501 143 1685 192 fortunae

80 210 297 254 stabilitate
322 212 551 254 confidere?
608 211 757 268 Atqui,
792 212 868 254 nisi
890 213 1023 255 stabili
1045 220 1083 254 et
1107 213 1187 255 lixo
1212 221 1253 256 et
1276 225 1534 271 permanente
1558 220 1681 276 bono,

77 286 219 330 beatus
246 301 338 330 esse
364 301 482 329 nemo
505 295 651 344 potest.
715 286 821 342 Quid
850 301 948 344 ergo
975 288 1169 330 eiusmodi
1194 289 1363 332 istorum
1389 294 1478 336 est?
1519 302 1562 337 ut
1588 298 1683 340 milii

76 360 256 406 Laconis
274 362 369 405 illud
391 363 537 404 dictum
557 363 597 405 in
622 364 693 405 hos
710 363 855 405 cadere
874 363 1079 416 videatur,
1114 364 1179 420 qui
1198 365 1386 420 glorianti
1405 369 1560 414 cuidam
1579 387 1684 416 mer—

76 438 227 486 catori,
274 438 376 494 quod
410 439 553 481 multas
586 452 710 481 naves
745 438 786 480 in
825 452 982 480 omnem
1021 454 1131 481 oram
1171 441 1407 484 maritimam
1440 445 1679 493 dimisisset:

76 511 184 555 Nou
199 526 308 555 sane
327 514 536 569 optabilis
554 514 725 571 quidem
747 515 856 566 ista,
889 514 1038 570 inquit,
1071 515 1330 559 rudentibus
1347 525 1457 574 apta
1472 521 1678 576 sbrlzma.

74 585 143 630 Au
167 588 327 630 dubium
351 597 436 643 est,
471 590 565 646 quin
587 590 683 631 nihil
702 590 755 632 sit
776 589 998 632 habendum
1022 590 1063 632 in
1083 604 1132 632 eo
1154 606 1330 647 genere,
1364 610 1440 650 quo
1461 598 1542 639 vita
1566 598 1683 644 beata

74 663 381 721 *compleatur,
437 666 471 707 si
508 666 545 707 id
581 665 709 722 possit
739 665 893 707 amitti?
945 666 1040 708 nihil
1075 668 1181 709 enim
1212 669 1530 725 interarescere,
1585 676 1681 719 nihil

75 740 309 796 exstingui,
357 740 453 782 nihil
476 741 621 783 cadere
645 741 763 783 debet
789 755 952 793 eorum,
1001 742 1041 783 iu
1067 743 1208 798 quibus
1238 743 1320 785 vita
1341 744 1458 789 beata
1479 750 1679 795 consistit.

74 813 182 857 Nam
217 815 282 872 qui
316 815 492 869 timebit,
545 830 596 859 ne
631 817 721 873 quid
758 830 811 858 cx
845 817 894 858 iis
928 817 1142 874 deperdat,
1195 818 1335 862 beatus
1368 835 1459 864 csse
1498 839 1577 867 nou
1610 842 1681 883 po·

73 890 183 932 terit.
247 897 318 934 41.
354 890 553 935 Volumus
577 892 707 945 enim,
747 907 862 944 eum,
895 893 959 948 qui
986 893 1126 935 beatus
1152 894 1225 946 sit,
1261 902 1384 937 tutum
1413 912 1529 951 csse,
1564 901 1680 944 inex-

72 966 350 1022 pugnabilem,
398 975 579 1025 saeptum
609 976 726 1024 atquc
749 968 963 1019 munitum,
1008 983 1086 1010 non
1123 977 1163 1011 ut
1186 985 1309 1026 parvo
1346 981 1452 1015 metu
1475 977 1678 1031 praeditus

71 1040 148 1092 sit,
195 1042 264 1084 sed
286 1050 343 1084 ·ut
377 1043 501 1085 nullo.
581 1042 635 1086 Ut
665 1045 769 1086 enim
805 1045 999 1085 innocens
1035 1044 1068 1085 is
1103 1045 1270 1098 dicitur,
1320 1062 1398 1089 non
1434 1050 1499 1106 qui
1535 1052 1680 1096 leviter

72 1125 218 1170 nocet,
262 1118 333 1161 sed
358 1118 422 1174 qui
453 1119 548 1160 nihil
575 1126 714 1170 nocct3
764 1120 822 1160 sic
849 1119 935 1160 sine
961 1127 1067 1161 metu
1090 1120 1124 1162 is
1152 1120 1355 1164 habendus
1384 1132 1469 1177 est,
1513 1142 1592 1169 non
1613 1130 1679 1185 qui

1211 1196 1324 1251 Quae
1366 1208 1427 1242 est
1464 1202 1568 1244 enim
1603 1204 1680 1247 alia

70 1267 288 1322 fortitudo,
333 1270 410 1312 nisi
435 1271 555 1313 animi
581 1271 766 1323 alfei-tin,
801 1285 917 1326 quum
944 1270 984 1312 in
1009 1272 1190 1313 adeundo
1217 1274 1392 1329 periculo
1416 1277 1514 1319 etin
1541 1279 1680 1323 labore

69 1205 195 1248 parva
231 1194 396 1246 metuit,
448 1195 519 1236 sed
557 1196 622 1251 qui
659 1195 821 1236 omuino
857 1202 964 1237 metu
1000 1203 1134 1238 vacat.

71 1356 118 1385 ac
141 1343 279 1386 dolore
301 1346 483 1402 patiens,
525 1354 605 1388 tum
630 1347 767 1403 procul
792 1346 841 1387 ab
862 1346 967 1386 omni
989 1348 1124 1388 metu?
1186 1354 1256 1390 42.
1292 1350 1427 1406 Atque
1450 1352 1547 1394 haec
1569 1363 1678 1398 certe

69 1433 149 1461 non
180 1419 235 1461 ita
259 1435 304 1462 se
327 1421 542 1475 haberent,
589 1423 665 1464 nisi
690 1436 807 1464 omne
832 1422 979 1462 bonum
1015 1422 1054 1462 in
1085 1438 1161 1464 uua
1184 1424 1393 1467 honestate
1417 1428 1674 1474 consisteret.

68 1491 152 1549 Qui
193 1502 324 1537 autem
363 1496 468 1538 illam
511 1498 685 1540 maxime
728 1505 902 1554 optatam
949 1504 989 1539 et
1032 1498 1248 1555 expetitam
1290 1503 1548 1546 securitatem
1590 1510 1676 1560 (se-

67 1569 275 1612 curitatem
309 1579 440 1613 autem
479 1587 584 1615 nunc
620 1573 774 1630 appello
804 1573 1040 1615 vacuitatem
1066 1575 1354 1630 aegritudinis,
1403 1578 1443 1620 in
1483 1595 1559 1635 qua
1594 1582 1677 1623 vita

45 1638 181 1686 *beata
207 1646 335 1702 posita
368 1647 448 1702 est)
472 1647 618 1690 habere
642 1649 848 1704 quisquam
873 1656 1028 1705 potest,
1077 1650 1139 1691 cui
1171 1658 1240 1692 aut
1265 1653 1393 1705 adsit,
1440 1661 1509 1696 aut
1533 1656 1678 1700 adesse

68 1720 195 1779 possit
220 1722 428 1765 multitudo
451 1723 674 1766 malorum?
736 1722 818 1778 Qui
842 1731 973 1766 autem
999 1726 1142 1781 poterit
1173 1740 1265 1769 csse
1289 1729 1421 1770 celsus
1454 1736 1495 1771 et
1517 1739 1677 1775 erectus

69 1801 110 1837 et
137 1809 209 1848 ea,
257 1811 358 1853 quae
395 1798 542 1840 homini
581 1799 764 1841 accidere
799 1806 990 1855 possunt,
1038 1801 1170 1842 omnia
1204 1817 1325 1858 parva
1358 1805 1531 1857 ducens,
1580 1808 1676 1863 qua-

68 1868 146 1912 lem
174 1870 395 1929 sapientem
430 1888 521 1916 esse
545 1874 753 1926 volumus,
801 1874 877 1916 nisi
907 1876 1038 1916 omnia
1066 1875 1139 1917 sibi
1172 1876 1212 1917 in
1245 1891 1291 1919 se
1314 1879 1445 1935 posita
1468 1882 1677 1926 censebit?

68 1990 194 2024 genera
214 1981 335 2026 ponit;
361 1982 437 2028 quia
456 1989 490 2016 et
508 1983 659 2027 corporis
684 1990 718 2016 et
740 1983 854 2017 sortu-

36 2050 42 2056 -
67 2037 132 2060 nae
155 2027 245 2060 bona
268 2027 356 2061 fluxa
380 2035 459 2061 sunt
481 2037 584 2074 atque
608 2029 752 2074 fragilia.

64 2112 67 2113 ⁷
139 2073 219 2106 Cu.
241 2074 337 2107 XIV.
378 2077 564 2109 rudentibus
595 2080 673 2118 apta
707 2078 851 2119 fortuna]

68 2118 113 2151 H.
136 2131 166 2152 e.
198 2119 337 2154 fortuna
359 2133 378 2154 a
400 2121 600 2155 rudentibus
632 2129 690 2155 aut
719 2122 854 2166 navigio

68 2165 232 2209 pendens·
282 2167 333 2200 Cf.
347 2167 391 2200 ad
406 2169 459 2208 12,
479 2167 544 2202 36:
566 2180 606 2201 ex
620 2181 656 2201 se
673 2169 747 2213 ipso
762 2177 853 2213 apta.

139 2209 196 2245 41.
226 2217 310 2247 metu
336 2214 518 2259 praeditus]
548 2214 667 2248 Rarius
688 2217 856 2257 praeditus

69 2255 115 2290 de
136 2256 236 2291 rebus
270 2260 366 2293 malis
392 2260 526 2294 dicitur.
575 2264 717 2295 Moserus
742 2273 853 2306 comp.

69 2314 104 2348 p.
125 2303 247 2338 Flacco
267 2305 308 2340 3:
341 2311 474 2349 egestate
492 2310 669 2350 praeditus.
694 2309 790 2342 Verr.
812 2310 855 2341 11.

73 2350 116 2390 2,
139 2347 205 2384 42:
230 2356 374 2386 amentia
389 2364 441 2395 pr.
462 2356 562 2387 Auet.
580 2354 624 2387 ad
645 2355 854 2395 Herenn.11,

70 2394 134 2431 27:
157 2400 279 2431 tumore
297 2409 350 2440 pr.

33 2479 58 2489 Ι,
138 2445 194 2484 qui
212 2453 320 2484 parva
343 2445 468 2491 metuit]
503 2446 560 2479 Sic
580 2446 734 2491 plerique
755 2446 855 2479 codd.

51 2495 58 2529 ζ
71 2492 108 2520 et
120 2489 242 2533 optimi
254 2503 262 2529 ς
283 2492 339 2526 Or.
351 2503 378 2524 c.
390 2491 505 2536 paucis
518 2492 744 2526 deterioribus
757 2492 856 2526 codd.

71 2534 255 2580 paucisque
274 2536 352 2569 edd.
374 2544 458 2570 vett.
477 2549 596 2579 parum
608 2550 619 2571 .-
645 2539 737 2583 quod
755 2539 857 2571 etiam

75 2581 245 2615 sententia
263 2582 362 2616 huius
381 2583 448 2617 loci
467 2584 568 2628 plane
584 2585 723 2629 respuit.
768 2586 857 2618 Nam

73 2625 263 2673 ubicunque
282 2629 373 2673 apud
388 2630 581 2664 Ciceronem
599 2638 633 2664 et
644 2630 742 2664 huius
765 2638 857 2664 aeta-

53 2670 115 2722 ‚tis
146 2673 329 2718 scriptores
357 2686 478 2718 parum
508 2677 647 2722 legitur,
691 2677 857 2722 significat

52 2725 226 2754 ·nostrum
256 2732 297 2755 zu
328 2725 454 2765 weniy,
489 2723 524 2757 h.
536 2735 564 2756 e.
592 2723 720 2763 minus,
758 2736 858 2768 quam

73 2762 157 2797 satis
176 2772 240 2806 est,
264 2779 365 2812 quam
384 2769 478 2809 velis,
503 2781 573 2803 non
593 2770 684 2811 satis,
706 2770 858 2815 opponi-

9 2838 13 2843 ,
73 2813 198 2854 torque
220 2813 386 2847 vocabulo
419 2818 515 2849 nimis
548 2823 605 2849 ant
628 2819 784 2858 nimium,
821 2823 859 2848 ut

71 2854 119 2887 11.
131 2854 165 2896 7,
185 2855 247 2891 17:
273 2870 315 2892 an
331 2872 450 2904 parum
464 2869 526 2903 est,
550 2862 660 2896 sinon
679 2874 828 2895 amarum
840 2861 856 2894 ἶ)

77 2900 138 2934 IV·
161 2900 216 2942 17,
241 2902 307 2937 39:
344 2917 385 2938 an
409 2908 499 2941 ratio
520 2920 639 2953 parum
662 2906 856 2952 praecipit?

71 2946 116 2980 V·
127 2945 186 2986 37,
206 2947 290 2984 107:-
313 2960 476 2992 parumne
495 2954 601 2987 multa
620 2954 665 2986 de
681 2953 860 2987 toleranda

72 2999 273 3037 paupertate
294 2994 478 3032 dicuntur?
512 3000 578 3033 Off.
597 3000 700 3039 1,25:
722 2998 860 3032 medio-

891 1983 1046 2017 critatem
1064 1984 1155 2018 illam
1175 1986 1323 2027 tenebit,
1350 2000 1434 2033 quae
1457 1997 1507 2022 est
1521 1990 1612 2024 inter
1626 1995 1676 2026 ni-

889 2033 989 2063 mium
1016 2038 1049 2063 et
1067 2043 1197 2073 parum.
1247 2034 1336 2067 Hinc
1358 2047 1527 2080 uunquam
1551 2037 1675 2072 dicitur

889 2081 956 2109 tam
965 2088 1096 2119 parum,
1116 2081 1196 2112 adeo
1207 2090 1338 2122 parum,
1359 2093 1454 2123 quam
1463 2094 1595 2126 parum,
1615 2085 1677 2118 sed

889 2127 956 2156 tam
975 2135 1051 2165 non,
1073 2127 1153 2158 adeo
1171 2137 1245 2167 non,
1269 2138 1366 2169 quarn
1383 2139 1457 2162 non.
1494 2131 1536 2162 V.
1555 2131 1598 2164 ad
1616 2133 1674 2165 IV.

889 2169 945 2209 35,
959 2168 1013 2203 74.
1050 2171 1176 2204 Nostra
1197 2173 1332 2217 quidem
1351 2175 1514 2208 memoria
1533 2178 1676 2211 exstite-

889 2223 980 2255 runt,
999 2217 1054 2261 qui
1068 2226 1251 2261 praeeunte
1264 2220 1434 2254 Prisciano
1449 2223 1540 2266 (XV.
1551 2235 1585 2268 p.
1596 2224 1675 2258 620.

891 2262 968 2304 ΚΓ.)
998 2274 1118 2304 parum
1153 2276 1394 2311 nonnunquam
1434 2280 1497 2312 pro
1535 2280 1676 2311 parvum

891 2316 1086 2353 usurpatum
1099 2322 1170 2343 esse
1182 2310 1353 2353 dicerent;
1374 2321 1407 2346 at
1419 2314 1475 2359 qui
1486 2316 1676 2360 paucissimi

892 2366 932 2387 ex
961 2367 1081 2388 aureae
1103 2357 1223 2390 aetatis
1242 2359 1464 2403 scriptoribus
1485 2362 1675 2395 excitantur

891 2400 969 2441 loci,
994 2401 1017 2433 ii
1034 2403 1183 2447 corrupti
1201 2411 1259 2437 aut
1272 2405 1370 2439 aliter
1383 2407 1571 2451 explicandi
1584 2415 1673 2441 sunt.

958 2451 1072 2489 procul
1093 2452 1133 2481 ab
1154 2453 1240 2484 omni
1256 2454 1355 2496 metu]
1384 2460 1434 2485 est
1455 2453 1557 2495 idem,
1583 2453 1673 2498 quod

891 2498 1012 2526 remota
1036 2495 1077 2527 ab
1104 2496 1196 2529 omni
1217 2505 1320 2530 metu.
1368 2499 1486 2531 Rarius
1515 2499 1674 2532 adverbia

892 2539 941 2572 sic
965 2540 1128 2575 collocata
1150 2555 1213 2587 pro
1246 2544 1420 2577 adiectivis
1451 2552 1509 2578 aut
1531 2546 1673 2590 partici-

892 2586 956 2630 piis
981 2595 1174 2631 ponuntur3
1211 2590 1318 2622 multo
1343 2590 1576 2634 frequentiora
1596 2599 1674 2625 sunt

893 2633 1059 2677 exempla,
1082 2634 1116 2667 in
1140 2635 1258 2679 quibus
1280 2635 1478 2669 adverbium
1500 2637 1588 2670 inter
1608 2638 1674 2670 ad·-

891 2678 1052 2713 iectivum
1076 2688 1111 2713 et
1140 2681 1386 2714 substantivum
1418 2683 1530 2716 locum
1557 2683 1672 2726 habet,

893 2732 931 2757 ut
955 2735 1062 2760 omnes
1092 2729 1215 2760 cirea
1236 2730 1359 2769 populi.
1404 2730 1445 2761 V.
1470 2740 1533 2762 nos
1555 2729 1589 2761 in
1612 2731 1673 2764 Gr.

893 2772 933 2803 L.
957 2771 986 2815 §.
1003 2772 1078 2806 109.
1102 2773 1184 2805 Not.
1199 2773 1251 2806 10.
1273 2785 1306 2817 p.
1324 2772 1400 2807 178.
1417 2773 1472 2806 ed.
1485 2775 1519 2807 2.

960 2816 1017 2851 42.
1043 2820 1107 2859 Qui
1124 2820 1245 2861 autem]
1265 2819 1400 2852 Virtute
1415 2819 1482 2852 una
1500 2820 1569 2854 vita
1589 2833 1675 2856 con:-

892 2862 1021 2896 tinetur
1043 2864 1154 2897 beata.
1204 2865 1280 2896 Una
1306 2864 1396 2897 enim
1419 2865 1524 2899 virtus
1545 2867 1587 2901 ab
1611 2880 1673 2902 aeq-

893 2908 1062 2952 gritudine
1085 2921 1146 2942 nos
1170 2916 1205 2941 et
1228 2921 1247 2942 a
1271 2917 1384 2951 metu,
1418 2919 1453 2944 et
1475 2912 1616 2948 libidine
1638 2922 1673 2950 et

892 2954 1052 2988 insolenti
1076 2954 1250 2988 alacritate
1273 2956 1446 2991 vindicare
1469 2966 1594 3004 potest.

963 3003 1023 3034 sibi
1044 3003 1078 3035 in
1099 3011 1131 3035 se
1149 3001 1271 3047 posita]
1296 3003 1338 3037 V.
1355 3003 1407 3045 10,
1421 3004 1486 3045 30:
1511 3012 1584 3040 tum
1605 3019 1675 3053 po-

1284 3066 1338 3103 19
