1859 3149
1585 53 1670 98 279

70 157 106 201 ui
129 156 222 213 quid
246 155 295 197 ad
319 168 407 196 eam
431 166 515 195 rem
540 150 713 207 pertinet
737 163 902 202 eorum,
935 162 1036 204 qnae
1058 153 1150 189 ante
1173 146 1417 196 docuerunt,
1450 145 1488 186 id
1508 152 1668 187 sumunt

642 64 1108 109 maenv.7‚19.2o.

68 247 140 290 pro
173 244 366 274 concesso
396 235 435 270 et
465 226 656 283 probat03
700 225 794 266 illud
833 224 949 265 modo
979 222 1206 279 explicant,
1253 221 1301 262 de
1331 234 1408 276 quo
1443 226 1536 261 ante
1571 219 1666 261 nibil

71 307 260 364 scriptum
297 311 374 346 est.
437 300 694 356 Philosophi,
741 312 1015 354 quamcunque
1038 311 1120 338 rem
1146 296 1293 338 habent
1315 296 1355 337 in
1377 293 1582 346 manibus,
1626 295 1667 335 in

68 397 179 434 eam,
228 393 328 436 quae
358 376 627 427 conveniunt,
673 381 897 430 congerunt
924 372 1083 423 omnia,
1131 372 1206 413 etsi
1245 371 1322 412 alio
1360 370 1449 412 loco
1472 369 1668 426 disputata

68 465 176 500 sunt.
239 453 355 509 Quod
384 453 423 494 ni
447 452 500 493 ita
525 457 656 502 esset,
704 463 776 491 cur
802 446 986 498 Stoicus,
1032 447 1066 489 si
1090 453 1200 488 esset
1225 446 1468 501 quaesitum,
1516 446 1667 486 satisne

69 532 118 574 ad
141 532 259 573 beate
285 529 496 571 vivendum
527 527 653 568 virtus
679 531 840 580 posset,
887 523 1008 564 multa
1036 522 1214 563 diceret?
1257 521 1320 562 cui
1349 520 1447 562 satis
1472 527 1580 562 esset
1603 533 1666 562 re·

65 606 289 664 spondere,
334 618 379 646 se
405 610 496 644 ante
522 601 731 652 docuisse,
776 598 871 640 nihil
894 598 1040 639 bonum
1064 610 1182 649 esse,
1227 595 1303 637 nisi
1329 595 1431 650 quod
1459 595 1666 637 honestum

15 686 19 690 ”
66 689 199 734 esset,
234 680 308 721 hoc
328 678 492 736 probato
507 709 518 729 ‚
554 689 804 731 consequens
825 687 932 724 esse,
966 673 1121 714 beatam
1144 671 1265 713 vitam
1289 671 1437 711 virtute
1459 683 1549 711 esse
1573 684 1668 711 con-

66 763 241 808 tentam,
288 763 329 796 et
352 767 429 809 quo
455 752 571 793 modo
596 750 669 792 hoc
692 751 744 791 sit
767 762 1018 803 consequens
1043 747 1123 798 illi,
1169 747 1226 788 sie
1253 746 1346 787 illud
1370 745 1483 796 huic,
1525 752 1589 796 ut,
1631 745 1664 787 si

65 832 182 874 beata
202 830 284 873 vita
305 829 454 871 virtute
475 833 662 869 contenta
683 825 758 878 sit,
805 824 881 865 nisi
907 823 1114 864 honestum
1136 823 1236 877 quod
1260 822 1334 873 sit,
1369 819 1466 862 nihil
1487 819 1591 861 aliud
1614 819 1667 861 sit

64 907 226 948 bonum.
1044 897 1148 940 Nam
1176 905 1217 939 et
1241 897 1288 938 de
1313 896 1507 946 honesto,
1554 902 1594 936 et
1618 895 1666 937 de

65 995 218 1024 summo
247 980 352 1021 bono
383 978 597 1034 separatim
634 975 723 1017 libri
759 982 876 1027 sunt,
926 981 966 1016 et
990 987 1107 1029 quum
1141 986 1195 1014 ex
1235 986 1282 1013 eo
1311 971 1526 1021 efficiatur,
1569 970 1665 1011 satis

290 909 360 946 19.
396 901 477 945 Sed
506 909 636 943 tamen
662 915 741 942 non
763 907 886 955 agunt
907 902 980 941 sic.

65 1070 248 1112 magnam
268 1055 308 1096 in
326 1053 474 1095 virtute
495 1053 542 1094 ad
561 1052 676 1093 beate
696 1050 910 1093 vivendum
928 1063 1018 1091 esse
1041 1048 1138 1099 vim,
1165 1047 1285 1089 nihilo
1305 1047 1434 1088 minus
1455 1046 1528 1086 hoc
1546 1052 1667 1101 agunt

65 1131 294 1188 separatim.
355 1127 536 1184 Propriis
557 1127 662 1168 enim
697 1132 738 1167 et
764 1125 848 1166 suis
873 1123 1119 1180 argumentis
1154 1129 1193 1163 et
1215 1121 1548 1163 admonitionibus
1584 1128 1664 1161 tra-

65 1207 207 1249 ctanda
231 1217 410 1261 quaeque
435 1216 502 1243 res
528 1208 613 1253 est,
648 1208 757 1242 tanta
781 1199 1030 1256 praesertim.
1096 1195 1209 1239 Cave
1233 1197 1336 1238 enim
1363 1203 1498 1252 putes,
1546 1196 1663 1237 ullam

63 1283 104 1324 in
141 1278 384 1338 philosophia
413 1291 554 1319 vocem
594 1276 778 1318 emissam
811 1275 1020 1317 clariorem
1055 1273 1228 1316 ullumve
1263 1285 1354 1313 esse
1392 1271 1662 1327 philosophiae

63 1356 299 1415 promissum
323 1353 486 1396 uberius
508 1359 575 1393 aut
595 1351 734 1393 maius.
798 1349 905 1391 Nam
927 1350 1016 1405 quid
1038 1348 1270 1405 profitetur?
1302 1362 1324 1387 0
1349 1347 1400 1388 dii
1423 1346 1538 1387 boni!
1574 1360 1663 1403 per-

65 1434 255 1475 fecturam
278 1443 339 1481 se,
373 1428 438 1484 qui
459 1427 612 1483 legibus
633 1426 716 1468 suis
736 1426 956 1482 paruisset,
991 1431 1034 1465 nt
1051 1431 1159 1465 esset
1179 1430 1318 1464 contra
1340 1424 1536 1463 fortunam
1559 1435 1663 1462 sem-

63 1522 134 1565 per
157 1512 356 1556 armatus,
389 1510 432 1545 ut
455 1502 587 1544 onmia
609 1501 804 1558 praesidia
825 1500 990 1541 haberet
1015 1500 1054 1540 in
1078 1513 1121 1539 se
1142 1498 1243 1539 bene
1268 1497 1462 1552 beateque
1483 1496 1660 1549 vivendi,

847 1582 919 1618 20.
955 1572 1036 1617 Sed
1057 1574 1212 1624 videro,
1247 1572 1337 1628 quid
1357 1571 1514 1612 efficiat.
1551 1570 1662 1630 Tan-

61 1659 188 1716 tisper
212 1655 286 1697 hoo
313 1655 440 1710 ipsum
467 1652 597 1708 magni
619 1652 811 1703 aestimo,
845 1651 947 1707 qnod
972 1649 1194 1706 pollicetur.
1257 1646 1365 1689 Nam
1389 1644 1557 1687 Xerxes
1577 1645 1661 1700 qui-

47 1735 148 1776 ”dem
170 1733 341 1774 refertus
364 1728 546 1770 omnibus
564 1728 752 1784 praemiis
782 1727 974 1781 donisque
1002 1726 1186 1766 fortunae
1201 1755 1211 1775 ,
1243 1737 1323 1764 non
1346 1722 1546 1778 equitatu,
1581 1734 1661 1761 non

2 1863 6 1867 ῃ
61 1807 311 1866 pedestribus
330 1805 479 1861 copiis,
514 1818 593 1845 non
618 1802 777 1843 navium
802 1800 1066 1851 multitudine,
1102 1813 1181 1839 non
1204 1798 1356 1838 infinito
1377 1796 1550 1853 pondere
1576 1796 1659 1836 auri

63 1590 108 1626 ut
127 1588 234 1624 esset
257 1593 415 1635 semper
435 1577 604 1632 denique
627 1577 783 1618 beatus.

62 1890 272 1926 contentus
306 1880 523 1938 praemium
556 1877 787 1934 proposuit,
845 1875 909 1931 qui
950 1873 1171 1915 invenisset
1210 1886 1354 1913 novam
1396 1871 1655 1927 voluptatem.

877 1989 1036 2028 tradidit,
1063 1987 1212 2033 quamvis
1235 1985 1437 2030 gravissimis
1457 1985 1656 2018 calamitati-

878 2037 938 2068 bus
962 2042 1103 2068 vexetur
1126 2033 1347 2077 omnibusque
1373 2033 1530 2065 fortunae
1561 2031 1658 2065 donis

879 2082 1061 2114 destitutus
1078 2081 1141 2120 sit,
1166 2091 1300 2123 semper
1315 2086 1429 2111 tamen
1448 2079 1566 2111 heatus
1583 2078 1657 2117 erit,

132 1999 188 2033 20.
215 1999 280 2031 Sed
300 1996 424 2038 videro]
465 1994 506 2025 V.
529 1991 701 2025 Adnotata
733 1990 767 2023 in
798 1992 839 2023 11.

65 2044 105 2080 11
121 2071 129 2086 ‚
152 2043 209 2078 26.
257 2044 423 2082 Tantisper
442 2041 592 2081 „indess‚·
627 2041 746 2070 interea
769 2043 844 2080 sagt

62 2102 141 2124 man
161 2101 200 2122 so
224 2088 354 2121 nicht.“
404 2087 495 2127 Wolf.
542 2085 667 2122 Recte3
693 2095 770 2115 nam
793 2086 842 2115 in-

65 2141 151 2170 terea
173 2134 296 2167 dicitur
319 2133 362 2165 de
385 2144 444 2175 re,
471 2142 554 2175 quae
579 2130 617 2162 fit
631 2155 638 2169 ‚
674 2129 754 2161 dum
779 2128 844 2161 alia

64 2182 194 2227 agitur3
228 2183 381 2221 tantisper
410 2185 543 2217 autem,
584 2175 674 2220 quod
709 2174 845 2220 proprie

64 2240 134 2261 non
156 2229 282 2267 indm,
305 2227 489 2265 antei-den,
512 2222 572 2256 sed
594 2233 628 2255 so
650 2225 762 2263 lan9e,
799 2223 846 2253 bis

66 2276 165 2308 dahin
181 2271 367 2317 significat,
392 2270 515 2303 dicitur
534 2268 577 2301 de
597 2280 652 2307 re,
678 2280 763 2312 quae
787 2279 846 2299 us-

66 2332 131 2366 que
147 2320 191 2352 ad
208 2325 336 2352 certum
350 2316 522 2362 quoddam
537 2322 669 2358 tempus
688 2313 846 2358 pertinet.

22 2397 25 2399 .
135 2368 219 2399 Nam
234 2367 352 2397 Xer-‘res
371 2362 513 2407 quidem]
539 2362 590 2393 De
612 2373 644 2392 v.
666 2362 794 2401 quidem
812 2371 845 2390 v.

67 2411 110 2446 ad
131 2411 237 2450 1.22‚
263 2409 319 2443 51.
378 2407 574 2441 Sententiae
607 2405 655 2438 sic
685 2418 720 2438 se
752 2405 847 2438 exci-

68 2459 186 2503 piunt:
224 2454 442 2499 Philosophia
475 2453 558 2498 qnid
587 2451 732 2492 efficiat,
769 2457 848 2494 post

67 2502 268 2537 videbimus.
316 2504 361 2533 At
394 2499 449 2532 vel
474 2500 583 2543 ipsum
607 2497 676 2530 eius
699 2496 848 2541 promis—

68 2561 164 2590 sum,
201 2547 431 2593 perfecturam
453 2557 509 2585 se,
550 2551 607 2584 ut,
647 2543 702 2587 qni
725 2555 760 2575 se
783 2542 848 2574 sibi

69 2595 213 2633 dederit,
237 2594 282 2627 sit
301 2604 435 2636 semper
455 2591 585 2630 beatus,
611 2589 723 2633 magui
743 2588 849 2621 aesti-

68 2641 228 2675 mandum
260 2647 322 2673 est.
369 2639 458 2670 Nam
480 2648 565 2681 quae
590 2635 654 2667 alia
677 2647 731 2668 res
754 2641 850 2667 tanta

71 2694 186 2731 potest
206 2684 384 2731 polliceri?
433 2687 485 2716 An
511 2689 650 2714 externa
672 2681 780 2721 bona,
807 2693 849 2713 an

71 2732 254 2776 voluptas?
303 2730 444 2764 Minime
467 2740 560 2761 vero.
610 2728 698 2760 Nam
726 2727 755 2759 si
778 2727 850 2771 quis

71 2777 106 2810 iu
139 2777 178 2810 iis
211 2777 310 2811 rebus
344 2775 448 2808 vitam
474 2775 609 2807 beatam
640 2780 766 2817 ponat,
815 2773 850 2804 in

74 2822 166 2855 omni
187 2823 358 2867 copiarum
377 2821 553 2855 affluentia
571 2819 851 2864 voluptatumque

74 2867 278 2902 abundantia
311 2879 481 2913 nunquam
511 2866 552 2898 iis
586 2865 650 2898 erit
673 2872 851 2898 contentus

75 2924 274 2957 semperque
302 2914 383 2946 alias
404 2920 504 2957 atque
524 2912 604 2944 alias
624 2910 850 2954 concupiscet,

880 2129 956 2173 quia
982 2127 1094 2160 omnia
1121 2125 1290 2171 praesidia
1312 2125 1416 2158 habet
1443 2128 1478 2157 in
1510 2134 1542 2157 se
1574 2124 1659 2156 bene

879 2176 1045 2218 beateque
1072 2172 1218 2205 vivendi.

947 2222 1099 2262 praemiis
1122 2218 1281 2261 fortunae]
1307 2216 1513 2261 Exquisitius
1534 2216 1659 2249 dictum

881 2279 963 2311 pro:
988 2267 1182 2305 muneribus,
1206 2266 1318 2305 quibus
1338 2268 1492 2305 tanquam
1509 2265 1662 2304 praemiis

880 2315 1019 2347 homines
1040 2313 1141 2353 afficit
1157 2313 1295 2351 fortuna.
1342 2309 1432 2342 Alibi
1446 2312 1593 2351 praemia
1612 2308 1660 2339 di-

884 2366 1003 2392 cuntur
1024 2370 1082 2396 ea,
1109 2368 1193 2400 qnae
1215 2356 1286 2400 quis
1311 2355 1436 2388 virtute
1450 2382 1458 2396 ‚
1483 2355 1659 2398 dignitate,

882 2412 954 2438 arte
976 2404 1086 2448 aliqua
1113 2403 1177 2435 sibi
1200 2402 1351 2446 paravit3
1389 2411 1522 2434 munera
1544 2407 1659 2433 contra

884 2458 917 2483 et
940 2453 1026 2483 dona
1049 2462 1107 2491 ea,
1133 2448 1251 2493 quibus
1273 2448 1346 2492 quis
1370 2448 1506 2480 fortuna
1531 2452 1659 2479 macta-

882 2504 948 2529 tur.

949 2544 1130 2584 praemium
1148 2543 1335 2582 proposuit,
1358 2539 1427 2583 qui]
1458 2539 1502 2570 H.
1520 2550 1549 2570 e.
1567 2547 1661 2579 prae-

883 2591 983 2621 mium
1004 2590 1169 2630 proposuit
1191 2589 1239 2627 ei,
1262 2588 1326 2627 qui.
1383 2584 1589 2617 Creberrima
1612 2589 1662 2614 est

882 2635 968 2668 haec
989 2632 1196 2678 pronominis
1221 2631 1368 2670 omissio,
1396 2630 1451 2662 ubi
1475 2628 1662 2661 enuntiatio

883 2680 1024 2713 relativa
1056 2677 1258 2724 praecessit,
1295 2677 1349 2708 vel
1377 2676 1432 2708 nbi
1453 2674 1664 2707 indefinitum

885 2729 1001 2768 aliquis
1024 2723 1247 2770 supplendum
1275 2729 1326 2754 est
1340 2748 1348 2762 ‚
1383 2728 1418 2753 ut
1440 2721 1474 2753 h.
1491 2720 1534 2752 l.:
1571 2713 1668 2764 quod'

886 2773 942 2804 ubi
965 2779 1026 2810 est,
1051 2780 1193 2814 sequens
1215 2769 1310 2800 relat.
1329 2769 1383 2809 qui
1403 2765 1528 2799 resolvi
1549 2772 1664 2810 potest

885 2830 965 2862 per:
988 2820 1014 2849 si
1033 2819 1097 2858 qui.
1131 2817 1239 2857 Supra
1254 2814 1311 2847 IV.
1324 2813 1380 2851 23,
1397 2812 1460 2846 51:
1483 2811 1539 2855 qui
1557 2823 1662 2856 remp.

885 2864 1012 2896 salvam
1034 2873 1106 2895 esse
1126 2860 1250 2899 vellet,
1277 2859 1374 2902 (eum)
1400 2869 1437 2890 se
1458 2857 1551 2902 sequi
1569 2857 1664 2891 iussit

889 2912 1017 2953 (enunt.
1036 2907 1132 2940 relat.
1150 2904 1359 2949 praecessit).
1385 2902 1468 2936 ibid.
1488 2903 1583 2943 c.⁴25‚
1598 2905 1661 2938 55:

75 2965 114 2992 ut
135 2970 304 3002 nunquam
324 2959 432 3002 possit
454 2970 527 2991 esse
548 2958 678 2990 beatus.
729 2956 854 2987 Contra
889 2955 970 2987 utile
990 2960 1052 2993 est,
1077 2952 1127 2983 uti
1148 2958 1244 2984 motu
1263 2949 1376 2989 animi,
1402 2949 1459 2993 qui
1480 2950 1540 2993 (=
1551 2953 1579 2983 si
1593 2950 1662 2992 qui)

77 3004 133 3050 qui
168 3004 404 3049 philosophiae
438 3010 549 3037 totum
584 3014 621 3035 se
654 3001 854 3045 penitusque
888 3001 937 3033 uti
948 2999 1079 3033 ratione
1090 3009 1158 3029 non
1171 3004 1296 3042 potest.
1317 2995 1665 3030 Sall.Cat.XXXV1L
