<?xml version="1.0" encoding="UTF-8"?>
<!DOCTYPE html PUBLIC "-//W3C//DTD XHTML 1.0 Transitional//EN"
    "http://www.w3.org/TR/xhtml1/DTD/xhtml1-transitional.dtd">
<html xmlns="http://www.w3.org/1999/xhtml" xml:lang="en" lang="en">
 <head>
  <title>
</title>
<meta http-equiv="Content-Type" content="text/html;charset=utf-8" />
  <meta name='ocr-system' content='tesseract 3.04.00' />
  <meta name='ocr-capabilities' content='ocr_page ocr_carea ocr_par ocr_line ocrx_word'/>
</head>
<body>
  <div class='ocr_page' id='page_1' title='image "./tusculanarumdi00ciceuoft_0137.png"; bbox 0 0 1859 3117; ppageno 0'>
   <div class='ocr_carea' id='block_1_1' title="bbox 726 57 1084 99">
    <p class='ocr_par' dir='ltr' id='par_1_1' title="bbox 726 57 1084 99">
     <span class='ocr_line' id='line_1_1' title="bbox 726 57 1084 99; baseline 0.008 -9"><span class='ocrx_word' id='word_1_1' title='bbox 726 58 890 91; x_wconf 87' lang='lat' dir='ltr'><strong>LIBER</strong></span> <span class='ocrx_word' id='word_1_2' title='bbox 916 59 959 92; x_wconf 85' lang='lat'><strong>11.</strong></span> <span class='ocrx_word' id='word_1_3' title='bbox 987 59 1025 99; x_wconf 86' lang='lat'><strong>1,</strong></span> <span class='ocrx_word' id='word_1_4' title='bbox 1049 57 1084 93; x_wconf 83' lang='lat'><strong>3.</strong></span> 
     </span>
    </p>
   </div>
   <div class='ocr_carea' id='block_1_2' title="bbox 96 137 1349 196">
    <p class='ocr_par' dir='ltr' id='par_1_2' title="bbox 96 137 1349 196">
     <span class='ocr_line' id='line_1_2' title="bbox 96 137 1349 196; baseline -0.001 -15"><span class='ocrx_word' id='word_1_5' title='bbox 96 152 197 196; x_wconf 82' lang='lat' dir='ltr'><strong>quae</strong></span> <span class='ocrx_word' id='word_1_6' title='bbox 219 152 299 181; x_wconf 89' lang='lat' dir='ltr'><strong>non</strong></span> <span class='ocrx_word' id='word_1_7' title='bbox 323 139 524 181; x_wconf 91' lang='lat' dir='ltr'><strong>minimum</strong></span> <span class='ocrx_word' id='word_1_8' title='bbox 547 137 653 181; x_wconf 85' lang='lat' dir='ltr'><strong>valet</strong></span> <span class='ocrx_word' id='word_1_9' title='bbox 679 138 726 179; x_wconf 88' lang='lat' dir='ltr'><strong>ad</strong></span> <span class='ocrx_word' id='word_1_10' title='bbox 752 138 922 180; x_wconf 85' lang='lat' dir='ltr'><strong>animum</strong></span> <span class='ocrx_word' id='word_1_11' title='bbox 952 147 1059 181; x_wconf 90' lang='lat' dir='ltr'><strong>metu</strong></span> <span class='ocrx_word' id='word_1_12' title='bbox 1089 139 1349 181; x_wconf 86' lang='lat' dir='ltr'><strong>liberandum.</strong></span> 
     </span>
    </p>
   </div>
   <div class='ocr_carea' id='block_1_3' title="bbox 1411 48 1685 195">
    <p class='ocr_par' dir='ltr' id='par_1_3' title="bbox 1411 48 1685 195">
     <span class='ocr_line' id='line_1_3' title="bbox 1606 48 1685 94; baseline 0.013 -1"><span class='ocrx_word' id='word_1_13' title='bbox 1606 48 1685 94; x_wconf 78' lang='lat'><strong>127</strong></span> 
     </span>
     <span class='ocr_line' id='line_1_4' title="bbox 1411 137 1685 195; baseline 0.007 -15"><span class='ocrx_word' id='word_1_14' title='bbox 1411 137 1518 180; x_wconf 83' lang='lat' dir='ltr'><strong>Nam</strong></span> <span class='ocrx_word' id='word_1_15' title='bbox 1541 140 1607 195; x_wconf 90' lang='lat' dir='ltr'><strong>qui</strong></span> <span class='ocrx_word' id='word_1_16' title='bbox 1630 141 1685 192; x_wconf 82' lang='lat' dir='ltr'><strong>id,</strong></span> 
     </span>
    </p>
   </div>
   <div class='ocr_carea' id='block_1_4' title="bbox 94 213 1688 270">
    <p class='ocr_par' dir='ltr' id='par_1_4' title="bbox 94 213 1688 270">
     <span class='ocr_line' id='line_1_5' title="bbox 94 213 1688 270; baseline 0 -14"><span class='ocrx_word' id='word_1_17' title='bbox 94 214 199 270; x_wconf 82' lang='lat' dir='ltr'><strong>quod</strong></span> <span class='ocrx_word' id='word_1_18' title='bbox 226 214 346 256; x_wconf 83' lang='lat' dir='ltr'><strong>vitari</strong></span> <span class='ocrx_word' id='word_1_19' title='bbox 373 228 453 255; x_wconf 92' lang='lat' dir='ltr'><strong>non</strong></span> <span class='ocrx_word' id='word_1_20' title='bbox 475 219 627 269; x_wconf 86' lang='lat' dir='ltr'><strong>potest,</strong></span> <span class='ocrx_word' id='word_1_21' title='bbox 671 213 834 265; x_wconf 86' lang='lat' dir='ltr'><strong>metuit,</strong></span> <span class='ocrx_word' id='word_1_22' title='bbox 867 214 901 255; x_wconf 89' lang='lat' dir='ltr'><strong>is</strong></span> <span class='ocrx_word' id='word_1_23' title='bbox 933 215 1071 255; x_wconf 77' lang='lat' dir='ltr'><strong>vivere</strong></span> <span class='ocrx_word' id='word_1_24' title='bbox 1103 215 1234 256; x_wconf 85' lang='lat' dir='ltr'><strong>animo</strong></span> <span class='ocrx_word' id='word_1_25' title='bbox 1265 214 1398 270; x_wconf 90' lang='lat' dir='ltr'><strong>quieto</strong></span> <span class='ocrx_word' id='word_1_26' title='bbox 1431 214 1538 256; x_wconf 90' lang='lat' dir='ltr'><strong>nullo</strong></span> <span class='ocrx_word' id='word_1_27' title='bbox 1573 215 1688 257; x_wconf 89' lang='lat' dir='ltr'><strong>modo</strong></span> 
     </span>
    </p>
   </div>
   <div class='ocr_carea' id='block_1_5' title="bbox 93 288 1689 346">
    <p class='ocr_par' dir='ltr' id='par_1_5' title="bbox 93 288 1689 346">
     <span class='ocr_line' id='line_1_6' title="bbox 93 288 1689 346; baseline 0.001 -16"><span class='ocrx_word' id='word_1_28' title='bbox 93 295 251 346; x_wconf 66' lang='lat' dir='ltr'><strong>potest,</strong></span> <span class='ocrx_word' id='word_1_29' title='bbox 285 289 355 331; x_wconf 87' lang='lat' dir='ltr'><strong>sed</strong></span> <span class='ocrx_word' id='word_1_30' title='bbox 379 288 470 344; x_wconf 87' lang='lat' dir='ltr'><strong>qui,</strong></span> <span class='ocrx_word' id='word_1_31' title='bbox 503 302 584 329; x_wconf 92' lang='lat' dir='ltr'><strong>non</strong></span> <span class='ocrx_word' id='word_1_32' title='bbox 606 288 722 328; x_wconf 91' lang='lat' dir='ltr'><strong>modo</strong></span> <span class='ocrx_word' id='word_1_33' title='bbox 747 288 838 343; x_wconf 80' lang='lat' dir='ltr'><strong>quia</strong></span> <span class='ocrx_word' id='word_1_34' title='bbox 859 302 1024 330; x_wconf 79' lang='lat' dir='ltr'><strong>necesse</strong></span> <span class='ocrx_word' id='word_1_35' title='bbox 1048 297 1108 331; x_wconf 81' lang='lat' dir='ltr'><strong>est</strong></span> <span class='ocrx_word' id='word_1_36' title='bbox 1132 290 1230 331; x_wconf 89' lang='lat' dir='ltr'><strong>mori</strong></span> <span class='ocrx_word' id='word_1_37' title='bbox 1250 323 1260 342; x_wconf 92' lang='lat'><strong>,</strong></span> <span class='ocrx_word' id='word_1_38' title='bbox 1293 304 1432 332; x_wconf 87' lang='lat' dir='ltr'><strong>verum</strong></span> <span class='ocrx_word' id='word_1_39' title='bbox 1456 290 1575 331; x_wconf 87' lang='lat' dir='ltr'><strong>etiam</strong></span> <span class='ocrx_word' id='word_1_40' title='bbox 1597 290 1689 346; x_wconf 86' lang='lat' dir='ltr'><strong>quia</strong></span> 
     </span>
    </p>
   </div>
   <div class='ocr_carea' id='block_1_6' title="bbox 93 362 1687 421">
    <p class='ocr_par' dir='ltr' id='par_1_6' title="bbox 93 362 1687 421">
     <span class='ocr_line' id='line_1_7' title="bbox 93 362 1687 421; baseline 0.001 -16"><span class='ocrx_word' id='word_1_41' title='bbox 93 363 191 406; x_wconf 90' lang='lat' dir='ltr'><strong>nihil</strong></span> <span class='ocrx_word' id='word_1_42' title='bbox 216 363 334 405; x_wconf 82' lang='lat' dir='ltr'><strong>habet</strong></span> <span class='ocrx_word' id='word_1_43' title='bbox 356 377 463 405; x_wconf 91' lang='lat' dir='ltr'><strong>mors</strong></span> <span class='ocrx_word' id='word_1_44' title='bbox 480 395 491 415; x_wconf 94' lang='lat'><strong>,</strong></span> <span class='ocrx_word' id='word_1_45' title='bbox 524 363 626 419; x_wconf 91' lang='lat' dir='ltr'><strong>quod</strong></span> <span class='ocrx_word' id='word_1_46' title='bbox 657 363 708 404; x_wconf 87' lang='lat' dir='ltr'><strong>sit</strong></span> <span class='ocrx_word' id='word_1_47' title='bbox 731 362 968 404; x_wconf 89' lang='lat' dir='ltr'><strong>horrendum</strong></span> <span class='ocrx_word' id='word_1_48' title='bbox 987 396 997 414; x_wconf 92' lang='lat'><strong>,</strong></span> <span class='ocrx_word' id='word_1_49' title='bbox 1034 372 1199 406; x_wconf 86' lang='lat' dir='ltr'><strong>mortem</strong></span> <span class='ocrx_word' id='word_1_50' title='bbox 1229 380 1308 407; x_wconf 93' lang='lat' dir='ltr'><strong>non</strong></span> <span class='ocrx_word' id='word_1_51' title='bbox 1331 365 1465 416; x_wconf 91' lang='lat' dir='ltr'><strong>timet,</strong></span> <span class='ocrx_word' id='word_1_52' title='bbox 1500 379 1687 421; x_wconf 85' lang='lat' dir='ltr'><strong>magnum</strong></span> 
     </span>
    </p>
   </div>
   <div class='ocr_carea' id='block_1_7' title="bbox 92 437 1688 496">
    <p class='ocr_par' dir='ltr' id='par_1_7' title="bbox 92 437 1688 496">
     <span class='ocr_line' id='line_1_8' title="bbox 92 437 1688 496; baseline 0.001 -16"><span class='ocrx_word' id='word_1_53' title='bbox 92 438 127 480; x_wconf 92' lang='lat' dir='ltr'><strong>is</strong></span> <span class='ocrx_word' id='word_1_54' title='bbox 159 438 234 487; x_wconf 83' lang='lat' dir='ltr'><strong>sibi</strong></span> <span class='ocrx_word' id='word_1_55' title='bbox 258 438 496 495; x_wconf 82' lang='lat' dir='ltr'>praesidium</span> <span class='ocrx_word' id='word_1_56' title='bbox 528 439 576 480; x_wconf 87' lang='lat' dir='ltr'><strong>ad</strong></span> <span class='ocrx_word' id='word_1_57' title='bbox 598 438 751 479; x_wconf 80' lang='lat' dir='ltr'><strong>beatam</strong></span> <span class='ocrx_word' id='word_1_58' title='bbox 778 437 899 479; x_wconf 83' lang='lat' dir='ltr'><strong>vitam</strong></span> <span class='ocrx_word' id='word_1_59' title='bbox 925 447 1154 495; x_wconf 67' lang='lat' dir='ltr'><strong>comparatg</strong></span> <span class='ocrx_word' id='word_1_60' title='bbox 1199 446 1241 481; x_wconf 82' lang='lat'><strong>5.</strong></span> <span class='ocrx_word' id='word_1_61' title='bbox 1276 455 1497 496; x_wconf 83' lang='lat' dir='ltr'>quanquam</span> <span class='ocrx_word' id='word_1_62' title='bbox 1521 455 1600 482; x_wconf 91' lang='lat' dir='ltr'><strong>non</strong></span> <span class='ocrx_word' id='word_1_63' title='bbox 1621 455 1688 483; x_wconf 89' lang='lat' dir='ltr'><strong>su-</strong></span> 
     </span>
    </p>
   </div>
   <div class='ocr_carea' id='block_1_8' title="bbox 92 512 1688 571">
    <p class='ocr_par' dir='ltr' id='par_1_8' title="bbox 92 512 1688 571">
     <span class='ocr_line' id='line_1_9' title="bbox 92 512 1688 571; baseline 0.002 -16"><span class='ocrx_word' id='word_1_64' title='bbox 92 527 179 557; x_wconf 87' lang='lat' dir='ltr'><strong>mus</strong></span> <span class='ocrx_word' id='word_1_65' title='bbox 202 512 356 570; x_wconf 85' lang='lat' dir='ltr'><strong>ignari,</strong></span> <span class='ocrx_word' id='word_1_66' title='bbox 402 513 546 555; x_wconf 90' lang='lat' dir='ltr'><strong>multos</strong></span> <span class='ocrx_word' id='word_1_67' title='bbox 571 513 748 554; x_wconf 79' lang='lat' dir='ltr'><strong>studiose</strong></span> <span class='ocrx_word' id='word_1_68' title='bbox 775 520 914 555; x_wconf 84' lang='lat' dir='ltr'><strong>eontra</strong></span> <span class='ocrx_word' id='word_1_69' title='bbox 938 527 1028 555; x_wconf 86' lang='lat' dir='ltr'><strong>esse</strong></span> <span class='ocrx_word' id='word_1_70' title='bbox 1051 514 1250 557; x_wconf 89' lang='lat' dir='ltr'><strong>dicturos:</strong></span> <span class='ocrx_word' id='word_1_71' title='bbox 1300 516 1402 571; x_wconf 91' lang='lat' dir='ltr'><strong>quod</strong></span> <span class='ocrx_word' id='word_1_72' title='bbox 1426 516 1555 557; x_wconf 83' lang='lat' dir='ltr'><strong>vitare</strong></span> <span class='ocrx_word' id='word_1_73' title='bbox 1580 516 1688 558; x_wconf 91' lang='lat' dir='ltr'><strong>nullo</strong></span> 
     </span>
    </p>
   </div>
   <div class='ocr_carea' id='block_1_9' title="bbox 91 588 1686 645">
    <p class='ocr_par' dir='ltr' id='par_1_9' title="bbox 91 588 1686 645">
     <span class='ocr_line' id='line_1_10' title="bbox 91 588 1686 645; baseline 0.002 -15"><span class='ocrx_word' id='word_1_74' title='bbox 91 588 210 630; x_wconf 91' lang='lat' dir='ltr'><strong>modo</strong></span> <span class='ocrx_word' id='word_1_75' title='bbox 235 589 432 645; x_wconf 88' lang='lat' dir='ltr'><strong>potuimus</strong></span> <span class='ocrx_word' id='word_1_76' title='bbox 449 620 460 640; x_wconf 90' lang='lat'><strong>,</strong></span> <span class='ocrx_word' id='word_1_77' title='bbox 495 588 570 629; x_wconf 91' lang='lat' dir='ltr'><strong>nisi</strong></span> <span class='ocrx_word' id='word_1_78' title='bbox 593 588 688 630; x_wconf 90' lang='lat' dir='ltr'><strong>nihil</strong></span> <span class='ocrx_word' id='word_1_79' title='bbox 710 588 870 630; x_wconf 90' lang='lat' dir='ltr'><strong>omnino</strong></span> <span class='ocrx_word' id='word_1_80' title='bbox 896 589 1178 630; x_wconf 78' lang='lat' dir='ltr'>scriberemus.</span> <span class='ocrx_word' id='word_1_81' title='bbox 1226 588 1387 631; x_wconf 83' lang='lat' dir='ltr'><strong>Etenim</strong></span> <span class='ocrx_word' id='word_1_82' title='bbox 1410 591 1443 632; x_wconf 91' lang='lat' dir='ltr'><strong>si</strong></span> <span class='ocrx_word' id='word_1_83' title='bbox 1466 591 1686 645; x_wconf 89' lang='lat' dir='ltr'><strong>orationes,</strong></span> 
     </span>
    </p>
   </div>
   <div class='ocr_carea' id='block_1_10' title="bbox 93 663 1690 721">
    <p class='ocr_par' dir='ltr' id='par_1_10' title="bbox 93 663 1690 721">
     <span class='ocr_line' id='line_1_11' title="bbox 93 663 1690 721; baseline 0.003 -17"><span class='ocrx_word' id='word_1_84' title='bbox 93 677 194 718; x_wconf 88' lang='lat' dir='ltr'><strong>quas</strong></span> <span class='ocrx_word' id='word_1_85' title='bbox 219 677 292 705; x_wconf 91' lang='lat' dir='ltr'><strong>nos</strong></span> <span class='ocrx_word' id='word_1_86' title='bbox 316 663 575 705; x_wconf 81' lang='lat' dir='ltr'><strong>multitudinis</strong></span> <span class='ocrx_word' id='word_1_87' title='bbox 598 663 743 704; x_wconf 92' lang='lat' dir='ltr'><strong>iudicio</strong></span> <span class='ocrx_word' id='word_1_88' title='bbox 770 664 927 719; x_wconf 84' lang='lat' dir='ltr'><strong>probari</strong></span> <span class='ocrx_word' id='word_1_89' title='bbox 954 664 1212 716; x_wconf 78' lang='lat' dir='ltr'><strong>volebam1153</strong></span> <span class='ocrx_word' id='word_1_90' title='bbox 1255 665 1474 721; x_wconf 89' lang='lat' dir='ltr'><strong>(popularis</strong></span> <span class='ocrx_word' id='word_1_91' title='bbox 1499 674 1560 707; x_wconf 89' lang='lat' dir='ltr'><strong>est</strong></span> <span class='ocrx_word' id='word_1_92' title='bbox 1584 666 1690 708; x_wconf 91' lang='lat' dir='ltr'><strong>enim</strong></span> 
     </span>
    </p>
   </div>
   <div class='ocr_carea' id='block_1_11' title="bbox 92 738 1690 796">
    <p class='ocr_par' dir='ltr' id='par_1_11' title="bbox 92 738 1690 796">
     <span class='ocr_line' id='line_1_12' title="bbox 92 738 1690 796; baseline 0.003 -17"><span class='ocrx_word' id='word_1_93' title='bbox 92 738 159 779; x_wconf 83' lang='lat' dir='ltr'><strong>illa</strong></span> <span class='ocrx_word' id='word_1_94' title='bbox 177 738 359 790; x_wconf 80' lang='lat' dir='ltr'>facultas,</span> <span class='ocrx_word' id='word_1_95' title='bbox 382 746 422 780; x_wconf 89' lang='lat' dir='ltr'><strong>et</strong></span> <span class='ocrx_word' id='word_1_96' title='bbox 445 739 611 780; x_wconf 83' lang='lat' dir='ltr'><strong>effectus</strong></span> <span class='ocrx_word' id='word_1_97' title='bbox 639 739 890 793; x_wconf 72' lang='lat' dir='ltr'>eloquentiae</span> <span class='ocrx_word' id='word_1_98' title='bbox 916 747 976 780; x_wconf 92' lang='lat' dir='ltr'><strong>est</strong></span> <span class='ocrx_word' id='word_1_99' title='bbox 999 739 1240 780; x_wconf 86' lang='lat' dir='ltr'><strong>audientium</strong></span> <span class='ocrx_word' id='word_1_100' title='bbox 1267 739 1539 796; x_wconf 81' lang='lat' dir='ltr'><strong>approbati03)</strong></span> <span class='ocrx_word' id='word_1_101' title='bbox 1563 742 1633 782; x_wconf 91' lang='lat' dir='ltr'><strong>sed</strong></span> <span class='ocrx_word' id='word_1_102' title='bbox 1654 741 1690 783; x_wconf 89' lang='lat' dir='ltr'><strong>si</strong></span> 
     </span>
    </p>
   </div>
   <div class='ocr_carea' id='block_1_12' title="bbox 0 801 1689 872">
    <p class='ocr_par' dir='ltr' id='par_1_12' title="bbox 0 801 1689 872">
     <span class='ocr_line' id='line_1_13' title="bbox 0 801 1689 872; baseline 0.002 -18"><span class='ocrx_word' id='word_1_103' title='bbox 0 822 1 829; x_wconf 63' lang='lat'>¹</span> <span class='ocrx_word' id='word_1_104' title='bbox 60 801 65 806; x_wconf 40' lang='lat'>⁵</span> <span class='ocrx_word' id='word_1_105' title='bbox 90 813 393 869; x_wconf 77' lang='lat' dir='ltr'><strong>reperiebantur</strong></span> <span class='ocrx_word' id='word_1_106' title='bbox 414 813 608 865; x_wconf 85' lang='lat' dir='ltr'><strong>nonnulli,</strong></span> <span class='ocrx_word' id='word_1_107' title='bbox 644 813 707 869; x_wconf 88' lang='lat' dir='ltr'><strong>qui</strong></span> <span class='ocrx_word' id='word_1_108' title='bbox 735 814 829 855; x_wconf 86' lang='lat' dir='ltr'><strong>nihil</strong></span> <span class='ocrx_word' id='word_1_109' title='bbox 849 814 1071 866; x_wconf 82' lang='lat' dir='ltr'><strong>laudarent,</strong></span> <span class='ocrx_word' id='word_1_110' title='bbox 1107 815 1181 856; x_wconf 89' lang='lat' dir='ltr'><strong>nisi</strong></span> <span class='ocrx_word' id='word_1_111' title='bbox 1209 815 1311 870; x_wconf 91' lang='lat' dir='ltr'><strong>quod</strong></span> <span class='ocrx_word' id='word_1_112' title='bbox 1334 829 1379 856; x_wconf 92' lang='lat' dir='ltr'><strong>se</strong></span> <span class='ocrx_word' id='word_1_113' title='bbox 1403 815 1549 856; x_wconf 84' lang='lat' dir='ltr'><strong>imitari</strong></span> <span class='ocrx_word' id='word_1_114' title='bbox 1571 831 1689 872; x_wconf 87' lang='lat' dir='ltr'><strong>posse</strong></span> 
     </span>
    </p>
   </div>
   <div class='ocr_carea' id='block_1_13' title="bbox 91 888 895 944">
    <p class='ocr_par' dir='ltr' id='par_1_13' title="bbox 91 888 895 944">
     <span class='ocr_line' id='line_1_14' title="bbox 91 888 895 944; baseline -0.001 -14"><span class='ocrx_word' id='word_1_115' title='bbox 91 888 351 940; x_wconf 86' lang='lat' dir='ltr'><strong>confiderent,</strong></span> <span class='ocrx_word' id='word_1_116' title='bbox 385 902 578 944; x_wconf 80' lang='lat' dir='ltr'><strong>quemque</strong></span> <span class='ocrx_word' id='word_1_117' title='bbox 600 889 782 944; x_wconf 82' lang='lat' dir='ltr'><strong>sperandi</strong></span> <span class='ocrx_word' id='word_1_118' title='bbox 805 889 895 941; x_wconf 88' lang='lat' dir='ltr'><strong>sibi,</strong></span> 
     </span>
    </p>
   </div>
   <div class='ocr_carea' id='block_1_14' title="bbox 919 889 1688 947">
    <p class='ocr_par' dir='ltr' id='par_1_14' title="bbox 919 889 1688 947">
     <span class='ocr_line' id='line_1_15' title="bbox 919 889 1688 947; baseline 0.001 -16"><span class='ocrx_word' id='word_1_119' title='bbox 919 890 1086 931; x_wconf 90' lang='lat' dir='ltr'><strong>eundem</strong></span> <span class='ocrx_word' id='word_1_120' title='bbox 1110 889 1211 932; x_wconf 91' lang='lat' dir='ltr'><strong>bene</strong></span> <span class='ocrx_word' id='word_1_121' title='bbox 1235 890 1388 931; x_wconf 89' lang='lat' dir='ltr'><strong>dicendi</strong></span> <span class='ocrx_word' id='word_1_122' title='bbox 1408 890 1524 932; x_wconf 87' lang='lat' dir='ltr'><strong>linem</strong></span> <span class='ocrx_word' id='word_1_123' title='bbox 1547 906 1688 947; x_wconf 90' lang='lat' dir='ltr'><strong>propo-</strong></span> 
     </span>
    </p>
   </div>
   <div class='ocr_carea' id='block_1_15' title="bbox 92 963 1688 1021">
    <p class='ocr_par' dir='ltr' id='par_1_15' title="bbox 92 963 1688 1021">
     <span class='ocr_line' id='line_1_16' title="bbox 92 963 1688 1021; baseline 0.002 -17"><span class='ocrx_word' id='word_1_124' title='bbox 92 970 234 1005; x_wconf 88' lang='lat' dir='ltr'><strong>nerent</strong></span> <span class='ocrx_word' id='word_1_125' title='bbox 257 970 311 1015; x_wconf 87' lang='lat' dir='ltr'><strong>et‚</strong></span> <span class='ocrx_word' id='word_1_126' title='bbox 331 978 448 1018; x_wconf 90' lang='lat' dir='ltr'><strong>quum</strong></span> <span class='ocrx_word' id='word_1_127' title='bbox 471 963 735 1004; x_wconf 83' lang='lat' dir='ltr'><strong>obruerentur</strong></span> <span class='ocrx_word' id='word_1_128' title='bbox 755 964 865 1020; x_wconf 81' lang='lat' dir='ltr'><strong>copia</strong></span> <span class='ocrx_word' id='word_1_129' title='bbox 888 965 1175 1006; x_wconf 82' lang='lat' dir='ltr'><strong>sententiarum</strong></span> <span class='ocrx_word' id='word_1_130' title='bbox 1199 972 1315 1021; x_wconf 87' lang='lat' dir='ltr'><strong>atque</strong></span> <span class='ocrx_word' id='word_1_131' title='bbox 1334 965 1564 1017; x_wconf 90' lang='lat' dir='ltr'><strong>verborum,</strong></span> <span class='ocrx_word' id='word_1_132' title='bbox 1589 966 1688 1008; x_wconf 90' lang='lat' dir='ltr'><strong>ieiu-</strong></span> 
     </span>
    </p>
   </div>
   <div class='ocr_carea' id='block_1_16' title="bbox 91 1038 1688 1096">
    <p class='ocr_par' dir='ltr' id='par_1_16' title="bbox 91 1038 1688 1096">
     <span class='ocr_line' id='line_1_17' title="bbox 91 1038 1688 1096; baseline 0.003 -17"><span class='ocrx_word' id='word_1_133' title='bbox 91 1038 256 1079; x_wconf 79' lang='lat' dir='ltr'><strong>nitatem</strong></span> <span class='ocrx_word' id='word_1_134' title='bbox 279 1045 319 1080; x_wconf 89' lang='lat' dir='ltr'><strong>et</strong></span> <span class='ocrx_word' id='word_1_135' title='bbox 341 1039 484 1080; x_wconf 87' lang='lat' dir='ltr'><strong>famem</strong></span> <span class='ocrx_word' id='word_1_136' title='bbox 507 1051 551 1080; x_wconf 92' lang='lat' dir='ltr'><strong>se</strong></span> <span class='ocrx_word' id='word_1_137' title='bbox 573 1039 704 1090; x_wconf 87' lang='lat' dir='ltr'><strong>malle,</strong></span> <span class='ocrx_word' id='word_1_138' title='bbox 731 1053 846 1094; x_wconf 83' lang='lat' dir='ltr'><strong>quam</strong></span> <span class='ocrx_word' id='word_1_139' title='bbox 870 1039 1091 1080; x_wconf 85' lang='lat' dir='ltr'><strong>ubertatem</strong></span> <span class='ocrx_word' id='word_1_140' title='bbox 1113 1046 1152 1081; x_wconf 85' lang='lat' dir='ltr'><strong>et</strong></span> <span class='ocrx_word' id='word_1_141' title='bbox 1173 1041 1326 1096; x_wconf 84' lang='lat' dir='ltr'><strong>copiam</strong></span> <span class='ocrx_word' id='word_1_142' title='bbox 1349 1041 1550 1082; x_wconf 85' lang='lat' dir='ltr'><strong>dicerent:</strong></span> <span class='ocrx_word' id='word_1_143' title='bbox 1585 1042 1688 1084; x_wconf 91' lang='lat' dir='ltr'><strong>unde</strong></span> 
     </span>
    </p>
   </div>
   <div class='ocr_carea' id='block_1_17' title="bbox 90 1146 874 3028">
    <p class='ocr_par' dir='ltr' id='par_1_17' title="bbox 90 1146 874 1606">
     <span class='ocr_line' id='line_1_18' title="bbox 90 1146 872 1191; baseline -0.001 -11"><span class='ocrx_word' id='word_1_144' title='bbox 90 1150 183 1188; x_wconf 80' lang='lat' dir='ltr'><strong>ptum</strong></span> <span class='ocrx_word' id='word_1_145' title='bbox 206 1152 268 1180; x_wconf 86' lang='lat' dir='ltr'><strong>est.</strong></span> <span class='ocrx_word' id='word_1_146' title='bbox 316 1146 427 1180; x_wconf 90' lang='lat' dir='ltr'><strong>Multo</strong></span> <span class='ocrx_word' id='word_1_147' title='bbox 450 1148 578 1180; x_wconf 87' lang='lat' dir='ltr'><strong>rariora</strong></span> <span class='ocrx_word' id='word_1_148' title='bbox 603 1154 680 1179; x_wconf 89' lang='lat' dir='ltr'><strong>sunt</strong></span> <span class='ocrx_word' id='word_1_149' title='bbox 704 1147 792 1191; x_wconf 83' lang='lat' dir='ltr'><strong>apud</strong></span> <span class='ocrx_word' id='word_1_150' title='bbox 814 1148 872 1180; x_wconf 94' lang='lat' dir='ltr'><strong>Ci—</strong></span> 
     </span>
     <span class='ocr_line' id='line_1_19' title="bbox 93 1193 872 1237; baseline 0 -12"><span class='ocrx_word' id='word_1_151' title='bbox 93 1203 250 1225; x_wconf 89' lang='lat' dir='ltr'><strong>ceronem</strong></span> <span class='ocrx_word' id='word_1_152' title='bbox 289 1193 441 1237; x_wconf 87' lang='lat' dir='ltr'><strong>exempla</strong></span> <span class='ocrx_word' id='word_1_153' title='bbox 479 1194 513 1226; x_wconf 91' lang='lat' dir='ltr'><strong>in</strong></span> <span class='ocrx_word' id='word_1_154' title='bbox 551 1196 746 1234; x_wconf 80' lang='lat' dir='ltr'><strong>simplicibus</strong></span> <span class='ocrx_word' id='word_1_155' title='bbox 780 1194 872 1226; x_wconf 81' lang='lat' dir='ltr'><strong>verbi</strong></span> 
     </span>
     <span class='ocr_line' id='line_1_20' title="bbox 93 1238 872 1279; baseline 0.001 -8"><span class='ocrx_word' id='word_1_156' title='bbox 93 1238 222 1278; x_wconf 86' lang='lat' dir='ltr'><strong>formis,</strong></span> <span class='ocrx_word' id='word_1_157' title='bbox 249 1245 285 1271; x_wconf 89' lang='lat' dir='ltr'><strong>ut</strong></span> <span class='ocrx_word' id='word_1_158' title='bbox 308 1238 374 1271; x_wconf 81' lang='lat' dir='ltr'><strong>Off.</strong></span> <span class='ocrx_word' id='word_1_159' title='bbox 396 1241 455 1272; x_wconf 86' lang='grc' dir='ltr'><strong>ΙΙΙ.</strong></span> <span class='ocrx_word' id='word_1_160' title='bbox 475 1238 508 1279; x_wconf 85' lang='grc'><strong>9,</strong></span> <span class='ocrx_word' id='word_1_161' title='bbox 530 1240 596 1273; x_wconf 68' lang='grc' dir='ltr'><strong>ὂόῑ</strong></span> <span class='ocrx_word' id='word_1_162' title='bbox 623 1240 763 1271; x_wconf 75' lang='lat' dir='ltr'><strong>honesta</strong></span> <span class='ocrx_word' id='word_1_163' title='bbox 785 1240 872 1272; x_wconf 89' lang='lat' dir='ltr'><strong>enim</strong></span> 
     </span>
     <span class='ocr_line' id='line_1_21' title="bbox 92 1285 871 1330; baseline 0.003 -14"><span class='ocrx_word' id='word_1_164' title='bbox 92 1285 180 1317; x_wconf 85' lang='lat' dir='ltr'><strong>bonis</strong></span> <span class='ocrx_word' id='word_1_165' title='bbox 199 1287 288 1326; x_wconf 84' lang='lat' dir='ltr'><strong>viris,</strong></span> <span class='ocrx_word' id='word_1_166' title='bbox 308 1296 374 1318; x_wconf 90' lang='lat' dir='ltr'><strong>non</strong></span> <span class='ocrx_word' id='word_1_167' title='bbox 395 1285 526 1319; x_wconf 86' lang='lat' dir='ltr'><strong>occulta</strong></span> <span class='ocrx_word' id='word_1_168' title='bbox 543 1290 748 1327; x_wconf 77' lang='lat' dir='ltr'><strong>quaeruntur,</strong></span> <span class='ocrx_word' id='word_1_169' title='bbox 771 1297 871 1330; x_wconf 87' lang='lat' dir='ltr'><strong>porro</strong></span> 
     </span>
     <span class='ocr_line' id='line_1_22' title="bbox 92 1329 872 1374; baseline 0 -10"><span class='ocrx_word' id='word_1_170' title='bbox 92 1329 182 1374; x_wconf 88' lang='lat' dir='ltr'><strong>apud</strong></span> <span class='ocrx_word' id='word_1_171' title='bbox 203 1330 346 1363; x_wconf 87' lang='lat' dir='ltr'><strong>eundem</strong></span> <span class='ocrx_word' id='word_1_172' title='bbox 372 1334 554 1373; x_wconf 82' lang='lat' dir='ltr'><strong>quaeritur,</strong></span> <span class='ocrx_word' id='word_1_173' title='bbox 578 1334 772 1372; x_wconf 77' lang='lat' dir='ltr'><strong>acquiritur,</strong></span> <span class='ocrx_word' id='word_1_174' title='bbox 796 1334 872 1373; x_wconf 61' lang='grc' dir='ltr'><strong>19ρί-</strong></span> 
     </span>
     <span class='ocr_line' id='line_1_23' title="bbox 92 1379 874 1419; baseline 0.003 -11"><span class='ocrx_word' id='word_1_175' title='bbox 92 1380 144 1409; x_wconf 81' lang='lat' dir='ltr'><strong>tur</strong></span> <span class='ocrx_word' id='word_1_176' title='bbox 161 1401 171 1417; x_wconf 94' lang='lat'><strong>,</strong></span> <span class='ocrx_word' id='word_1_177' title='bbox 211 1379 356 1417; x_wconf 84' lang='lat' dir='ltr'><strong>videtur,</strong></span> <span class='ocrx_word' id='word_1_178' title='bbox 389 1380 619 1419; x_wconf 77' lang='lat' dir='ltr'><strong>quaerebatur,</strong></span> <span class='ocrx_word' id='word_1_179' title='bbox 658 1380 874 1418; x_wconf 68' lang='lat' dir='ltr'><strong>neyliyebatur</strong></span> 
     </span>
     <span class='ocr_line' id='line_1_24' title="bbox 93 1423 871 1468; baseline 0.001 -14"><span class='ocrx_word' id='word_1_180' title='bbox 93 1424 192 1455; x_wconf 87' lang='lat' dir='ltr'><strong>alicui</strong></span> <span class='ocrx_word' id='word_1_181' title='bbox 210 1425 341 1465; x_wconf 84' lang='lat' dir='ltr'><strong>aliquid.</strong></span> <span class='ocrx_word' id='word_1_182' title='bbox 371 1423 424 1456; x_wconf 87' lang='lat' dir='ltr'><strong>Cf.</strong></span> <span class='ocrx_word' id='word_1_183' title='bbox 445 1425 582 1457; x_wconf 67' lang='lat' dir='ltr'><strong>Kahner.</strong></span> <span class='ocrx_word' id='word_1_184' title='bbox 607 1424 645 1456; x_wconf 89' lang='lat' dir='ltr'><strong>L.</strong></span> <span class='ocrx_word' id='word_1_185' title='bbox 672 1424 728 1457; x_wconf 89' lang='lat' dir='ltr'><strong>Gr.</strong></span> <span class='ocrx_word' id='word_1_186' title='bbox 755 1425 871 1468; x_wconf 71' lang='lat'><strong>§.114.</strong></span> 
     </span>
     <span class='ocr_line' id='line_1_25' title="bbox 95 1467 872 1513; baseline 0.003 -13"><span class='ocrx_word' id='word_1_187' title='bbox 95 1467 130 1510; x_wconf 81' lang='lat' dir='ltr'><strong>d)</strong></span> <span class='ocrx_word' id='word_1_188' title='bbox 156 1468 279 1512; x_wconf 82' lang='lat' dir='ltr'><strong>p.217.</strong></span> <span class='ocrx_word' id='word_1_189' title='bbox 304 1468 356 1502; x_wconf 88' lang='lat' dir='ltr'><strong>ed.</strong></span> <span class='ocrx_word' id='word_1_190' title='bbox 376 1470 409 1502; x_wconf 76' lang='lat'><strong>2.</strong></span> <span class='ocrx_word' id='word_1_191' title='bbox 458 1471 496 1502; x_wconf 93' lang='lat' dir='ltr'><strong>In</strong></span> <span class='ocrx_word' id='word_1_192' title='bbox 515 1481 634 1513; x_wconf 83' lang='lat' dir='ltr'><strong>graeca</strong></span> <span class='ocrx_word' id='word_1_193' title='bbox 655 1469 766 1513; x_wconf 81' lang='lat' dir='ltr'><strong>lingua</strong></span> <span class='ocrx_word' id='word_1_194' title='bbox 789 1470 872 1502; x_wconf 83' lang='lat' dir='ltr'><strong>haec</strong></span> 
     </span>
     <span class='ocr_line' id='line_1_26' title="bbox 96 1514 869 1557; baseline 0.003 -11"><span class='ocrx_word' id='word_1_195' title='bbox 96 1514 301 1547; x_wconf 88' lang='lat' dir='ltr'><strong>constructio</strong></span> <span class='ocrx_word' id='word_1_196' title='bbox 322 1515 531 1548; x_wconf 82' lang='lat' dir='ltr'><strong>creberrima.</strong></span> <span class='ocrx_word' id='word_1_197' title='bbox 568 1515 695 1548; x_wconf 82' lang='lat' dir='ltr'><strong>Herod.</strong></span> <span class='ocrx_word' id='word_1_198' title='bbox 714 1517 769 1557; x_wconf 80' lang='lat' dir='ltr'><strong>vl,</strong></span> <span class='ocrx_word' id='word_1_199' title='bbox 787 1516 869 1550; x_wconf 74' lang='lat'>123:</span> 
     </span>
     <span class='ocr_line' id='line_1_27' title="bbox 95 1555 654 1606; baseline 0 -12"><span class='ocrx_word' id='word_1_200' title='bbox 95 1555 146 1599; x_wconf 71' lang='grc' dir='ltr'><strong>ὥς</strong></span> <span class='ocrx_word' id='word_1_201' title='bbox 170 1572 247 1604; x_wconf 86' lang='grc' dir='ltr'><strong>μοι</strong></span> <span class='ocrx_word' id='word_1_202' title='bbox 269 1558 430 1604; x_wconf 75' lang='grc' dir='ltr'>πρότερον</span> <span class='ocrx_word' id='word_1_203' title='bbox 450 1559 654 1606; x_wconf 67' lang='grc' dir='ltr'><strong>δεδήλωται.</strong></span> 
     </span>
    </p>

    <p class='ocr_par' dir='ltr' id='par_1_18' title="bbox 92 1608 873 1836">
     <span class='ocr_line' id='line_1_28' title="bbox 170 1608 871 1652; baseline 0.001 -13"><span class='ocrx_word' id='word_1_204' title='bbox 170 1610 335 1647; x_wconf 78' lang='lat' dir='ltr'><strong>comparat</strong></span> <span class='ocrx_word' id='word_1_205' title='bbox 403 1608 445 1640; x_wconf 89' lang='lat' dir='ltr'><strong>H.</strong></span> <span class='ocrx_word' id='word_1_206' title='bbox 470 1619 498 1641; x_wconf 91' lang='lat' dir='ltr'><strong>e.</strong></span> <span class='ocrx_word' id='word_1_207' title='bbox 534 1608 598 1640; x_wconf 87' lang='lat' dir='ltr'><strong>sibi</strong></span> <span class='ocrx_word' id='word_1_208' title='bbox 629 1615 802 1652; x_wconf 86' lang='lat' dir='ltr'><strong>comparat</strong></span> <span class='ocrx_word' id='word_1_209' title='bbox 837 1615 871 1641; x_wconf 89' lang='lat' dir='ltr'><strong>et</strong></span> 
     </span>
     <span class='ocr_line' id='line_1_29' title="bbox 95 1653 872 1698; baseline 0.005 -15"><span class='ocrx_word' id='word_1_210' title='bbox 95 1659 324 1696; x_wconf 88' lang='lat' dir='ltr'><strong>comparatum</strong></span> <span class='ocrx_word' id='word_1_211' title='bbox 365 1653 455 1686; x_wconf 90' lang='lat' dir='ltr'><strong>abet.</strong></span> <span class='ocrx_word' id='word_1_212' title='bbox 491 1654 547 1687; x_wconf 85' lang='lat' dir='ltr'><strong>Sic</strong></span> <span class='ocrx_word' id='word_1_213' title='bbox 563 1654 694 1698; x_wconf 86' lang='lat' dir='ltr'><strong>saepius</strong></span> <span class='ocrx_word' id='word_1_214' title='bbox 715 1666 872 1698; x_wconf 87' lang='lat' dir='ltr'><strong>praesens</strong></span> 
     </span>
     <span class='ocr_line' id='line_1_30' title="bbox 93 1696 873 1745; baseline 0.006 -16"><span class='ocrx_word' id='word_1_215' title='bbox 93 1696 257 1741; x_wconf 87' lang='lat' dir='ltr'><strong>significat</strong></span> <span class='ocrx_word' id='word_1_216' title='bbox 276 1710 356 1738; x_wconf 89' lang='lat' dir='ltr'><strong>rem,</strong></span> <span class='ocrx_word' id='word_1_217' title='bbox 377 1711 462 1744; x_wconf 90' lang='lat' dir='ltr'><strong>quae</strong></span> <span class='ocrx_word' id='word_1_218' title='bbox 482 1711 500 1733; x_wconf 89' lang='lat' dir='ltr'><strong>e</strong></span> <span class='ocrx_word' id='word_1_219' title='bbox 516 1701 701 1745; x_wconf 85' lang='lat' dir='ltr'><strong>praeterito</strong></span> <span class='ocrx_word' id='word_1_220' title='bbox 718 1708 873 1745; x_wconf 85' lang='lat' dir='ltr'><strong>tempore</strong></span> 
     </span>
     <span class='ocr_line' id='line_1_31' title="bbox 92 1742 872 1790; baseline 0.005 -14"><span class='ocrx_word' id='word_1_221' title='bbox 92 1742 127 1776; x_wconf 86' lang='lat' dir='ltr'><strong>iu</strong></span> <span class='ocrx_word' id='word_1_222' title='bbox 151 1755 307 1788; x_wconf 89' lang='lat' dir='ltr'><strong>praesens</strong></span> <span class='ocrx_word' id='word_1_223' title='bbox 333 1745 492 1790; x_wconf 83' lang='lat' dir='ltr'><strong>pertinet.</strong></span> <span class='ocrx_word' id='word_1_224' title='bbox 540 1748 581 1780; x_wconf 87' lang='lat' dir='ltr'><strong>V.</strong></span> <span class='ocrx_word' id='word_1_225' title='bbox 605 1758 666 1779; x_wconf 91' lang='lat' dir='ltr'><strong>nos</strong></span> <span class='ocrx_word' id='word_1_226' title='bbox 690 1746 723 1779; x_wconf 91' lang='lat' dir='ltr'><strong>in</strong></span> <span class='ocrx_word' id='word_1_227' title='bbox 748 1748 807 1780; x_wconf 90' lang='lat' dir='ltr'><strong>Gr.</strong></span> <span class='ocrx_word' id='word_1_228' title='bbox 832 1749 872 1780; x_wconf 91' lang='lat' dir='ltr'><strong>L.</strong></span> 
     </span>
     <span class='ocr_line' id='line_1_32' title="bbox 96 1789 650 1836; baseline 0.004 -13"><span class='ocrx_word' id='word_1_229' title='bbox 96 1789 212 1835; x_wconf 80' lang='lat'><strong>§.107-</strong></span> <span class='ocrx_word' id='word_1_230' title='bbox 236 1791 318 1823; x_wconf 87' lang='lat' dir='ltr'><strong>Not.</strong></span> <span class='ocrx_word' id='word_1_231' title='bbox 335 1791 368 1824; x_wconf 77' lang='grc'><strong>2.</strong></span> <span class='ocrx_word' id='word_1_232' title='bbox 393 1804 427 1836; x_wconf 90' lang='lat' dir='ltr'><strong>p.</strong></span> <span class='ocrx_word' id='word_1_233' title='bbox 446 1791 519 1826; x_wconf 79' lang='lat'><strong>153.</strong></span> <span class='ocrx_word' id='word_1_234' title='bbox 547 1793 598 1825; x_wconf 87' lang='lat' dir='ltr'><strong>ed.</strong></span> <span class='ocrx_word' id='word_1_235' title='bbox 618 1796 650 1826; x_wconf 76' lang='lat'><strong>2.</strong></span> 
     </span>
    </p>

    <p class='ocr_par' dir='ltr' id='par_1_19' title="bbox 93 1835 874 3028">
     <span class='ocr_line' id='line_1_33' title="bbox 163 1835 874 1883; baseline 0.003 -15"><span class='ocrx_word' id='word_1_236' title='bbox 163 1835 196 1869; x_wconf 83' lang='lat'><strong>3.</strong></span> <span class='ocrx_word' id='word_1_237' title='bbox 231 1838 374 1879; x_wconf 83' lang='lat' dir='ltr'><strong>Etenim,</strong></span> <span class='ocrx_word' id='word_1_238' title='bbox 399 1841 427 1871; x_wconf 84' lang='lat' dir='ltr'><strong>si</strong></span> <span class='ocrx_word' id='word_1_239' title='bbox 454 1839 623 1883; x_wconf 82' lang='lat' dir='ltr'><strong>orationes]</strong></span> <span class='ocrx_word' id='word_1_240' title='bbox 671 1838 786 1871; x_wconf 84' lang='lat' dir='ltr'><strong>Oratio</strong></span> <span class='ocrx_word' id='word_1_241' title='bbox 823 1844 874 1871; x_wconf 88' lang='lat' dir='ltr'><strong>est</strong></span> 
     </span>
     <span class='ocr_line' id='line_1_34' title="bbox 94 1876 873 1922; baseline 0 -7"><span class='ocrx_word' id='word_1_242' title='bbox 94 1876 342 1922; x_wconf 65' lang='grc' dir='ltr'><strong>ἅνακόλουὲἲος,</strong></span> <span class='ocrx_word' id='word_1_243' title='bbox 376 1883 410 1916; x_wconf 88' lang='lat' dir='ltr'><strong>h.</strong></span> <span class='ocrx_word' id='word_1_244' title='bbox 434 1896 462 1916; x_wconf 90' lang='lat' dir='ltr'><strong>e.</strong></span> <span class='ocrx_word' id='word_1_245' title='bbox 495 1885 675 1917; x_wconf 83' lang='lat' dir='ltr'><strong>verborum</strong></span> <span class='ocrx_word' id='word_1_246' title='bbox 708 1896 873 1917; x_wconf 85' lang='lat' dir='ltr'><strong>consecu-</strong></span> 
     </span>
     <span class='ocr_line' id='line_1_35' title="bbox 93 1926 872 1972; baseline 0.001 -12"><span class='ocrx_word' id='word_1_247' title='bbox 93 1926 179 1960; x_wconf 76' lang='lat' dir='ltr'><strong>tioni</strong></span> <span class='ocrx_word' id='word_1_248' title='bbox 196 1935 275 1963; x_wconf 81' lang='lat' dir='ltr'><strong>ante</strong></span> <span class='ocrx_word' id='word_1_249' title='bbox 290 1930 506 1972; x_wconf 84' lang='lat' dir='ltr'><strong>parenthesin</strong></span> <span class='ocrx_word' id='word_1_250' title='bbox 523 1930 700 1963; x_wconf 80' lang='lat' dir='ltr'><strong>inchoatae</strong></span> <span class='ocrx_word' id='word_1_251' title='bbox 720 1942 789 1962; x_wconf 93' lang='lat' dir='ltr'><strong>non</strong></span> <span class='ocrx_word' id='word_1_252' title='bbox 812 1941 872 1961; x_wconf 87' lang='lat' dir='ltr'><strong>ac—</strong></span> 
     </span>
     <span class='ocr_line' id='line_1_36' title="bbox 97 1973 873 2020; baseline 0 -14"><span class='ocrx_word' id='word_1_253' title='bbox 97 1973 309 2007; x_wconf 87' lang='lat' dir='ltr'><strong>commodata</strong></span> <span class='ocrx_word' id='word_1_254' title='bbox 331 1982 384 2007; x_wconf 89' lang='lat' dir='ltr'><strong>est</strong></span> <span class='ocrx_word' id='word_1_255' title='bbox 405 1976 574 2020; x_wconf 85' lang='lat' dir='ltr'><strong>sequentis</strong></span> <span class='ocrx_word' id='word_1_256' title='bbox 598 1976 759 2008; x_wconf 83' lang='lat' dir='ltr'><strong>orationis</strong></span> <span class='ocrx_word' id='word_1_257' title='bbox 781 1983 873 2008; x_wconf 90' lang='lat' dir='ltr'><strong>stru—</strong></span> 
     </span>
     <span class='ocr_line' id='line_1_37' title="bbox 99 2020 874 2064; baseline 0.001 -12"><span class='ocrx_word' id='word_1_258' title='bbox 99 2026 212 2052; x_wconf 85' lang='lat' dir='ltr'><strong>ctura:</strong></span> <span class='ocrx_word' id='word_1_259' title='bbox 251 2032 335 2064; x_wconf 86' lang='lat' dir='ltr'><strong>quae</strong></span> <span class='ocrx_word' id='word_1_260' title='bbox 367 2020 416 2053; x_wconf 90' lang='lat' dir='ltr'><strong>sic</strong></span> <span class='ocrx_word' id='word_1_261' title='bbox 447 2021 594 2053; x_wconf 88' lang='lat' dir='ltr'><strong>debebat</strong></span> <span class='ocrx_word' id='word_1_262' title='bbox 625 2033 696 2054; x_wconf 87' lang='lat' dir='ltr'><strong>esse</strong></span> <span class='ocrx_word' id='word_1_263' title='bbox 731 2022 874 2054; x_wconf 82' lang='lat' dir='ltr'><strong>consor—</strong></span> 
     </span>
     <span class='ocr_line' id='line_1_38' title="bbox 96 2065 874 2111; baseline 0.005 -15"><span class='ocrx_word' id='word_1_264' title='bbox 96 2072 208 2098; x_wconf 83' lang='lat' dir='ltr'><strong>mata:</strong></span> <span class='ocrx_word' id='word_1_265' title='bbox 235 2065 380 2105; x_wconf 81' lang='lat' dir='ltr'><strong>Etenim,</strong></span> <span class='ocrx_word' id='word_1_266' title='bbox 401 2066 429 2098; x_wconf 88' lang='lat' dir='ltr'><strong>si</strong></span> <span class='ocrx_word' id='word_1_267' title='bbox 447 2067 615 2099; x_wconf 83' lang='lat' dir='ltr'><strong>orationes</strong></span> <span class='ocrx_word' id='word_1_268' title='bbox 634 2087 679 2091; x_wconf 90' lang='lat'><strong>——</strong></span> <span class='ocrx_word' id='word_1_269' title='bbox 700 2079 767 2099; x_wconf 93' lang='lat' dir='ltr'><strong>non</strong></span> <span class='ocrx_word' id='word_1_270' title='bbox 790 2078 874 2111; x_wconf 84' lang='lat' dir='ltr'><strong>pro-</strong></span> 
     </span>
     <span class='ocr_line' id='line_1_39' title="bbox 100 2110 874 2156; baseline 0.005 -14"><span class='ocrx_word' id='word_1_271' title='bbox 100 2110 197 2143; x_wconf 83' lang='lat' dir='ltr'><strong>batae</strong></span> <span class='ocrx_word' id='word_1_272' title='bbox 218 2117 296 2142; x_wconf 88' lang='lat' dir='ltr'><strong>sunt</strong></span> <span class='ocrx_word' id='word_1_273' title='bbox 317 2123 337 2143; x_wconf 89' lang='lat' dir='ltr'><strong>a</strong></span> <span class='ocrx_word' id='word_1_274' title='bbox 357 2112 545 2155; x_wconf 86' lang='lat' dir='ltr'><strong>nonnullis,</strong></span> <span class='ocrx_word' id='word_1_275' title='bbox 570 2112 625 2156; x_wconf 81' lang='lat' dir='ltr'><strong>qui</strong></span> <span class='ocrx_word' id='word_1_276' title='bbox 648 2113 729 2146; x_wconf 90' lang='lat' dir='ltr'><strong>nihil</strong></span> <span class='ocrx_word' id='word_1_277' title='bbox 753 2113 874 2146; x_wconf 82' lang='lat' dir='ltr'><strong>lauda-</strong></span> 
     </span>
     <span class='ocr_line' id='line_1_40' title="bbox 95 2158 871 2203; baseline 0.005 -16"><span class='ocrx_word' id='word_1_278' title='bbox 95 2162 181 2191; x_wconf 78' lang='lat' dir='ltr'><strong>rent,</strong></span> <span class='ocrx_word' id='word_1_279' title='bbox 210 2175 256 2181; x_wconf 89' lang='lat'><strong>—-</strong></span> <span class='ocrx_word' id='word_1_280' title='bbox 290 2169 361 2189; x_wconf 87' lang='lat'><strong>—-:</strong></span> <span class='ocrx_word' id='word_1_281' title='bbox 406 2158 486 2202; x_wconf 89' lang='lat' dir='ltr'><strong>quid</strong></span> <span class='ocrx_word' id='word_1_282' title='bbox 519 2159 668 2191; x_wconf 86' lang='lat' dir='ltr'><strong>futurum</strong></span> <span class='ocrx_word' id='word_1_283' title='bbox 706 2166 871 2203; x_wconf 88' lang='lat' dir='ltr'><strong>putamus,</strong></span> 
     </span>
     <span class='ocr_line' id='line_1_41' title="bbox 99 2202 873 2245; baseline 0.008 -13"><span class='ocrx_word' id='word_1_284' title='bbox 99 2212 200 2245; x_wconf 87' lang='lat' dir='ltr'><strong>quum</strong></span> <span class='ocrx_word' id='word_1_285' title='bbox 221 2221 267 2226; x_wconf 90' lang='lat'><strong>—-</strong></span> <span class='ocrx_word' id='word_1_286' title='bbox 287 2202 486 2236; x_wconf 77' lang='lat' dir='ltr'><strong>videamus?</strong></span> <span class='ocrx_word' id='word_1_287' title='bbox 531 2205 635 2236; x_wconf 85' lang='lat' dir='ltr'><strong>Recte</strong></span> <span class='ocrx_word' id='word_1_288' title='bbox 658 2213 774 2238; x_wconf 86' lang='lat' dir='ltr'><strong>monet</strong></span> <span class='ocrx_word' id='word_1_289' title='bbox 795 2209 873 2238; x_wconf 88' lang='lat' dir='ltr'><strong>Goe-</strong></span> 
     </span>
     <span class='ocr_line' id='line_1_42' title="bbox 96 2247 872 2294; baseline 0.004 -14"><span class='ocrx_word' id='word_1_290' title='bbox 96 2257 180 2280; x_wconf 82' lang='lat' dir='ltr'><strong>renz.</strong></span> <span class='ocrx_word' id='word_1_291' title='bbox 214 2247 257 2293; x_wconf 67' lang='lat' dir='ltr'><strong>agl</strong></span> <span class='ocrx_word' id='word_1_292' title='bbox 275 2247 348 2280; x_wconf 86' lang='lat' dir='ltr'><strong>Fin.</strong></span> <span class='ocrx_word' id='word_1_293' title='bbox 370 2250 412 2282; x_wconf 85' lang='grc' dir='ltr'><strong>ΙΙ.</strong></span> <span class='ocrx_word' id='word_1_294' title='bbox 436 2249 499 2289; x_wconf 79' lang='grc'><strong>33,</strong></span> <span class='ocrx_word' id='word_1_295' title='bbox 524 2250 598 2284; x_wconf 84' lang='lat'><strong>107.</strong></span> <span class='ocrx_word' id='word_1_296' title='bbox 623 2263 658 2294; x_wconf 86' lang='lat' dir='ltr'><strong>p.</strong></span> <span class='ocrx_word' id='word_1_297' title='bbox 671 2252 756 2285; x_wconf 62' lang='lat' dir='ltr'><strong>2e3:</strong></span> <span class='ocrx_word' id='word_1_298' title='bbox 795 2252 872 2291; x_wconf 78' lang='lat' dir='ltr'><strong>„Ne</strong></span> 
     </span>
     <span class='ocr_line' id='line_1_43' title="bbox 96 2293 873 2330; baseline 0.008 -6"><span class='ocrx_word' id='word_1_299' title='bbox 96 2299 209 2325; x_wconf 84' lang='lat' dir='ltr'><strong>autem</strong></span> <span class='ocrx_word' id='word_1_300' title='bbox 229 2293 390 2328; x_wconf 88' lang='lat' dir='ltr'><strong>eiusmodi</strong></span> <span class='ocrx_word' id='word_1_301' title='bbox 410 2295 611 2329; x_wconf 81' lang='lat' dir='ltr'><strong>anacolutha</strong></span> <span class='ocrx_word' id='word_1_302' title='bbox 633 2309 672 2329; x_wconf 86' lang='lat' dir='ltr'><strong>ex</strong></span> <span class='ocrx_word' id='word_1_303' title='bbox 692 2297 873 2330; x_wconf 75' lang='lat' dir='ltr'><strong>memoriae</strong></span> 
     </span>
     <span class='ocr_line' id='line_1_44' title="bbox 94 2337 871 2384; baseline 0.008 -14"><span class='ocrx_word' id='word_1_304' title='bbox 94 2337 190 2382; x_wconf 88' lang='lat' dir='ltr'><strong>lapsu</strong></span> <span class='ocrx_word' id='word_1_305' title='bbox 215 2346 330 2383; x_wconf 87' lang='lat' dir='ltr'><strong>putes:</strong></span> <span class='ocrx_word' id='word_1_306' title='bbox 367 2341 522 2374; x_wconf 82' lang='lat' dir='ltr'><strong>consulto</strong></span> <span class='ocrx_word' id='word_1_307' title='bbox 550 2342 791 2384; x_wconf 81' lang='lat' dir='ltr'><strong>admittuntur,</strong></span> <span class='ocrx_word' id='word_1_308' title='bbox 829 2355 871 2376; x_wconf 88' lang='lat' dir='ltr'><strong>ne</strong></span> 
     </span>
     <span class='ocr_line' id='line_1_45' title="bbox 96 2384 869 2433; baseline 0.006 -15"><span class='ocrx_word' id='word_1_309' title='bbox 96 2391 175 2429; x_wconf 87' lang='lat' dir='ltr'><strong>post</strong></span> <span class='ocrx_word' id='word_1_310' title='bbox 190 2384 375 2429; x_wconf 85' lang='lat' dir='ltr'><strong>longiorem</strong></span> <span class='ocrx_word' id='word_1_311' title='bbox 390 2387 533 2421; x_wconf 72' lang='lat' dir='ltr'><strong>maxime</strong></span> <span class='ocrx_word' id='word_1_312' title='bbox 553 2389 767 2433; x_wconf 82' lang='lat' dir='ltr'><strong>parenthesin</strong></span> <span class='ocrx_word' id='word_1_313' title='bbox 785 2402 869 2423; x_wconf 92' lang='lat' dir='ltr'><strong>con-</strong></span> 
     </span>
     <span class='ocr_line' id='line_1_46' title="bbox 93 2431 869 2469; baseline 0.009 -7"><span class='ocrx_word' id='word_1_314' title='bbox 93 2431 235 2464; x_wconf 77' lang='lat' dir='ltr'><strong>structio</strong></span> <span class='ocrx_word' id='word_1_315' title='bbox 266 2433 363 2466; x_wconf 87' lang='lat' dir='ltr'><strong>nimis</strong></span> <span class='ocrx_word' id='word_1_316' title='bbox 392 2433 436 2466; x_wconf 88' lang='lat' dir='ltr'><strong>ad</strong></span> <span class='ocrx_word' id='word_1_317' title='bbox 458 2435 614 2467; x_wconf 86' lang='lat' dir='ltr'><strong>amussim</strong></span> <span class='ocrx_word' id='word_1_318' title='bbox 638 2435 728 2468; x_wconf 81' lang='lat' dir='ltr'><strong>facta</strong></span> <span class='ocrx_word' id='word_1_319' title='bbox 751 2436 869 2469; x_wconf 88' lang='lat' dir='ltr'><strong>videa-</strong></span> 
     </span>
     <span class='ocr_line' id='line_1_47' title="bbox 93 2479 870 2526; baseline 0.008 -17"><span class='ocrx_word' id='word_1_320' title='bbox 93 2480 183 2510; x_wconf 85' lang='lat' dir='ltr'><strong>tur.“</strong></span> <span class='ocrx_word' id='word_1_321' title='bbox 232 2479 392 2524; x_wconf 87' lang='lat' dir='ltr'><strong>Apprime</strong></span> <span class='ocrx_word' id='word_1_322' title='bbox 418 2480 621 2524; x_wconf 80' lang='lat' dir='ltr'><strong>cogitemus,</strong></span> <span class='ocrx_word' id='word_1_323' title='bbox 660 2481 693 2513; x_wconf 89' lang='lat' dir='ltr'><strong>in</strong></span> <span class='ocrx_word' id='word_1_324' title='bbox 718 2481 870 2526; x_wconf 82' lang='lat' dir='ltr'><strong>dialogis,</strong></span> 
     </span>
     <span class='ocr_line' id='line_1_48' title="bbox 93 2520 869 2567; baseline 0.009 -13"><span class='ocrx_word' id='word_1_325' title='bbox 93 2520 128 2554; x_wconf 78' lang='lat' dir='ltr'><strong>in</strong></span> <span class='ocrx_word' id='word_1_326' title='bbox 160 2522 277 2567; x_wconf 89' lang='lat' dir='ltr'><strong>quibus</strong></span> <span class='ocrx_word' id='word_1_327' title='bbox 311 2525 419 2558; x_wconf 86' lang='lat' dir='ltr'><strong>oratio</strong></span> <span class='ocrx_word' id='word_1_328' title='bbox 458 2527 565 2559; x_wconf 85' lang='lat' dir='ltr'><strong>minus</strong></span> <span class='ocrx_word' id='word_1_329' title='bbox 603 2527 765 2561; x_wconf 82' lang='lat' dir='ltr'><strong>adstricta</strong></span> <span class='ocrx_word' id='word_1_330' title='bbox 797 2541 869 2561; x_wconf 89' lang='lat' dir='ltr'><strong>esse</strong></span> 
     </span>
     <span class='ocr_line' id='line_1_49' title="bbox 94 2567 869 2617; baseline 0.009 -17"><span class='ocrx_word' id='word_1_331' title='bbox 94 2567 181 2601; x_wconf 85' lang='lat' dir='ltr'><strong>solet</strong></span> <span class='ocrx_word' id='word_1_332' title='bbox 200 2569 389 2604; x_wconf 84' lang='lat' dir='ltr'><strong>rhetoricae</strong></span> <span class='ocrx_word' id='word_1_333' title='bbox 410 2571 560 2615; x_wconf 79' lang='lat' dir='ltr'><strong>legibus,</strong></span> <span class='ocrx_word' id='word_1_334' title='bbox 587 2580 621 2605; x_wconf 92' lang='lat' dir='ltr'><strong>et</strong></span> <span class='ocrx_word' id='word_1_335' title='bbox 642 2579 772 2617; x_wconf 85' lang='lat' dir='ltr'><strong>gratam</strong></span> <span class='ocrx_word' id='word_1_336' title='bbox 797 2586 869 2608; x_wconf 84' lang='lat' dir='ltr'><strong>esse</strong></span> 
     </span>
     <span class='ocr_line' id='line_1_50' title="bbox 93 2611 869 2665; baseline 0.009 -19"><span class='ocrx_word' id='word_1_337' title='bbox 93 2611 185 2665; x_wconf 66' lang='lat' dir='ltr'><strong>illam</strong></span> <span class='ocrx_word' id='word_1_338' title='bbox 215 2616 471 2661; x_wconf 83' lang='lat' dir='ltr'><strong>negligentiam,</strong></span> <span class='ocrx_word' id='word_1_339' title='bbox 512 2626 546 2652; x_wconf 88' lang='lat' dir='ltr'><strong>et</strong></span> <span class='ocrx_word' id='word_1_340' title='bbox 580 2631 734 2663; x_wconf 83' lang='lat' dir='ltr'><strong>magnam</strong></span> <span class='ocrx_word' id='word_1_341' title='bbox 767 2633 869 2665; x_wconf 88' lang='lat' dir='ltr'><strong>saepe</strong></span> 
     </span>
     <span class='ocr_line' id='line_1_51' title="bbox 93 2659 869 2708; baseline 0.01 -17"><span class='ocrx_word' id='word_1_342' title='bbox 93 2669 161 2691; x_wconf 66' lang='lat' dir='ltr'><strong>vim</strong></span> <span class='ocrx_word' id='word_1_343' title='bbox 184 2659 308 2695; x_wconf 87' lang='lat' dir='ltr'><strong>habere</strong></span> <span class='ocrx_word' id='word_1_344' title='bbox 339 2663 381 2696; x_wconf 90' lang='lat' dir='ltr'><strong>ad</strong></span> <span class='ocrx_word' id='word_1_345' title='bbox 411 2664 598 2708; x_wconf 88' lang='lat' dir='ltr'><strong>augendum</strong></span> <span class='ocrx_word' id='word_1_346' title='bbox 631 2666 793 2699; x_wconf 89' lang='lat' dir='ltr'><strong>sermonis</strong></span> <span class='ocrx_word' id='word_1_347' title='bbox 814 2666 869 2699; x_wconf 83' lang='lat' dir='ltr'><strong>vi-</strong></span> 
     </span>
     <span class='ocr_line' id='line_1_52' title="bbox 94 2709 868 2747; baseline 0.012 -10"><span class='ocrx_word' id='word_1_348' title='bbox 94 2713 218 2747; x_wconf 83' lang='lat' dir='ltr'><strong>gorem,</strong></span> <span class='ocrx_word' id='word_1_349' title='bbox 243 2714 278 2740; x_wconf 90' lang='lat' dir='ltr'><strong>et</strong></span> <span class='ocrx_word' id='word_1_350' title='bbox 297 2709 438 2743; x_wconf 83' lang='lat' dir='ltr'><strong>multum</strong></span> <span class='ocrx_word' id='word_1_351' title='bbox 461 2711 617 2744; x_wconf 83' lang='lat' dir='ltr'><strong>conferre</strong></span> <span class='ocrx_word' id='word_1_352' title='bbox 637 2711 680 2744; x_wconf 88' lang='lat' dir='ltr'><strong>ad</strong></span> <span class='ocrx_word' id='word_1_353' title='bbox 702 2712 868 2745; x_wconf 87' lang='lat' dir='ltr'><strong>adiuvan—</strong></span> 
     </span>
     <span class='ocr_line' id='line_1_53' title="bbox 96 2748 866 2800; baseline 0.013 -18"><span class='ocrx_word' id='word_1_354' title='bbox 96 2748 174 2783; x_wconf 82' lang='lat' dir='ltr'><strong>dam</strong></span> <span class='ocrx_word' id='word_1_355' title='bbox 189 2753 348 2788; x_wconf 88' lang='lat' dir='ltr'><strong>orationis</strong></span> <span class='ocrx_word' id='word_1_356' title='bbox 362 2756 647 2800; x_wconf 82' lang='lat' dir='ltr'><strong>perspicuitatem,</strong></span> <span class='ocrx_word' id='word_1_357' title='bbox 671 2758 814 2792; x_wconf 84' lang='lat' dir='ltr'><strong>maxime</strong></span> <span class='ocrx_word' id='word_1_358' title='bbox 831 2759 866 2792; x_wconf 90' lang='lat' dir='ltr'><strong>in</strong></span> 
     </span>
     <span class='ocr_line' id='line_1_54' title="bbox 95 2791 865 2848; baseline 0.016 -22"><span class='ocrx_word' id='word_1_359' title='bbox 95 2791 299 2839; x_wconf 87' lang='lat' dir='ltr'><strong>longioribus</strong></span> <span class='ocrx_word' id='word_1_360' title='bbox 320 2801 489 2845; x_wconf 85' lang='lat' dir='ltr'><strong>periodis,</strong></span> <span class='ocrx_word' id='word_1_361' title='bbox 523 2803 559 2836; x_wconf 91' lang='lat' dir='ltr'><strong>in</strong></span> <span class='ocrx_word' id='word_1_362' title='bbox 581 2803 701 2848; x_wconf 88' lang='lat' dir='ltr'><strong>quibus</strong></span> <span class='ocrx_word' id='word_1_363' title='bbox 726 2805 865 2838; x_wconf 85' lang='lat' dir='ltr'><strong>difficile</strong></span> 
     </span>
     <span class='ocr_line' id='line_1_55' title="bbox 97 2845 863 2894; baseline 0.017 -23"><span class='ocrx_word' id='word_1_364' title='bbox 97 2845 148 2872; x_wconf 71' lang='lat' dir='ltr'><strong>est</strong></span> <span class='ocrx_word' id='word_1_365' title='bbox 179 2848 286 2878; x_wconf 88' lang='lat' dir='ltr'><strong>totam</strong></span> <span class='ocrx_word' id='word_1_366' title='bbox 321 2848 562 2882; x_wconf 85' lang='lat' dir='ltr'><strong>sententiarum</strong></span> <span class='ocrx_word' id='word_1_367' title='bbox 599 2850 863 2894; x_wconf 85' lang='lat' dir='ltr'><strong>complexionem</strong></span> 
     </span>
     <span class='ocr_line' id='line_1_56' title="bbox 95 2890 865 2939; baseline 0.017 -22"><span class='ocrx_word' id='word_1_368' title='bbox 95 2890 210 2939; x_wconf 60' lang='lat' dir='ltr'><strong>tenere</strong></span> <span class='ocrx_word' id='word_1_369' title='bbox 221 2895 256 2922; x_wconf 86' lang='lat' dir='ltr'><strong>et</strong></span> <span class='ocrx_word' id='word_1_370' title='bbox 269 2902 335 2924; x_wconf 87' lang='lat' dir='ltr'><strong>uno</strong></span> <span class='ocrx_word' id='word_1_371' title='bbox 347 2893 439 2938; x_wconf 90' lang='lat' dir='ltr'><strong>quasi</strong></span> <span class='ocrx_word' id='word_1_372' title='bbox 452 2895 626 2928; x_wconf 84' lang='lat' dir='ltr'><strong>oculorum</strong></span> <span class='ocrx_word' id='word_1_373' title='bbox 640 2897 760 2930; x_wconf 89' lang='lat' dir='ltr'><strong>obtutu</strong></span> <span class='ocrx_word' id='word_1_374' title='bbox 778 2908 865 2930; x_wconf 90' lang='lat' dir='ltr'><strong>con-</strong></span> 
     </span>
     <span class='ocr_line' id='line_1_57' title="bbox 94 2936 862 2985; baseline 0.02 -24"><span class='ocrx_word' id='word_1_375' title='bbox 94 2936 190 2964; x_wconf 84' lang='lat' dir='ltr'><strong>tuen.</strong></span> <span class='ocrx_word' id='word_1_376' title='bbox 213 2977 222 2985; x_wconf 40' lang='lat'>⁸</span> <span class='ocrx_word' id='word_1_377' title='bbox 245 2936 358 2977; x_wconf 79' lang='lat' dir='ltr'><strong>Quid?</strong></span> <span class='ocrx_word' id='word_1_378' title='bbox 393 2939 422 2972; x_wconf 80' lang='lat' dir='ltr'><strong>si</strong></span> <span class='ocrx_word' id='word_1_379' title='bbox 448 2940 662 2982; x_wconf 86' lang='lat' dir='ltr'><strong>Ciceronem,</strong></span> <span class='ocrx_word' id='word_1_380' title='bbox 696 2954 862 2976; x_wconf 85' lang='lat' dir='ltr'><strong>summum</strong></span> 
     </span>
     <span class='ocr_line' id='line_1_58' title="bbox 94 2983 864 3028; baseline 0.01 -14"><span class='ocrx_word' id='word_1_381' title='bbox 94 2987 223 3012; x_wconf 71' lang='lat' dir='ltr'><strong>romam</strong></span> <span class='ocrx_word' id='word_1_382' title='bbox 243 2983 403 3017; x_wconf 68' lang='lat' dir='ltr'><strong>semonia</strong></span> <span class='ocrx_word' id='word_1_383' title='bbox 423 2985 596 3028; x_wconf 82' lang='lat' dir='ltr'><strong>artificem,</strong></span> <span class='ocrx_word' id='word_1_384' title='bbox 621 2987 722 3021; x_wconf 87' lang='lat' dir='ltr'><strong>etiam</strong></span> <span class='ocrx_word' id='word_1_385' title='bbox 745 2987 780 3021; x_wconf 86' lang='lat' dir='ltr'><strong>iu</strong></span> <span class='ocrx_word' id='word_1_386' title='bbox 795 2988 864 3021; x_wconf 86' lang='lat' dir='ltr'><strong>mi-</strong></span> 
     </span>
    </p>
   </div>
   <div class='ocr_carea' id='block_1_18' title="bbox 896 1148 1688 3031">
    <p class='ocr_par' dir='ltr' id='par_1_20' title="bbox 907 1148 1688 1873">
     <span class='ocr_line' id='line_1_59' title="bbox 909 1148 1687 1193; baseline 0.005 -13"><span class='ocrx_word' id='word_1_387' title='bbox 909 1148 1000 1181; x_wconf 85' lang='lat' dir='ltr'><strong>noris</strong></span> <span class='ocrx_word' id='word_1_388' title='bbox 1022 1148 1164 1180; x_wconf 84' lang='lat' dir='ltr'><strong>ambitus</strong></span> <span class='ocrx_word' id='word_1_389' title='bbox 1187 1149 1288 1192; x_wconf 67' lang='lat' dir='ltr'><strong>(infra</strong></span> <span class='ocrx_word' id='word_1_390' title='bbox 1307 1151 1365 1182; x_wconf 86' lang='grc' dir='ltr'><strong>ΙΙΙ.</strong></span> <span class='ocrx_word' id='word_1_391' title='bbox 1386 1148 1420 1188; x_wconf 73' lang='lat'><strong>8,</strong></span> <span class='ocrx_word' id='word_1_392' title='bbox 1441 1148 1507 1193; x_wconf 84' lang='lat'>16.)</span> <span class='ocrx_word' id='word_1_393' title='bbox 1530 1149 1687 1184; x_wconf 83' lang='lat' dir='ltr'><strong>enuntia-</strong></span> 
     </span>
     <span class='ocr_line' id='line_1_60' title="bbox 908 1195 1686 1237; baseline 0.003 -10"><span class='ocrx_word' id='word_1_394' title='bbox 908 1196 949 1227; x_wconf 80' lang='lat' dir='ltr'><strong>tis</strong></span> <span class='ocrx_word' id='word_1_395' title='bbox 976 1195 1031 1226; x_wconf 88' lang='lat' dir='ltr'><strong>isti</strong></span> <span class='ocrx_word' id='word_1_396' title='bbox 1058 1195 1283 1237; x_wconf 74' lang='lat' dir='ltr'><strong>negligentiae</strong></span> <span class='ocrx_word' id='word_1_397' title='bbox 1315 1195 1492 1228; x_wconf 83' lang='lat' dir='ltr'><strong>indulsisse</strong></span> <span class='ocrx_word' id='word_1_398' title='bbox 1525 1196 1686 1235; x_wconf 89' lang='lat' dir='ltr'><strong>videmus,</strong></span> 
     </span>
     <span class='ocr_line' id='line_1_61' title="bbox 909 1241 1687 1285; baseline 0.003 -12"><span class='ocrx_word' id='word_1_399' title='bbox 909 1241 1141 1285; x_wconf 75' lang='lat' dir='ltr'><strong>putabimusne</strong></span> <span class='ocrx_word' id='word_1_400' title='bbox 1176 1242 1253 1273; x_wconf 76' lang='lat' dir='ltr'><strong>tulin</strong></span> <span class='ocrx_word' id='word_1_401' title='bbox 1286 1241 1393 1274; x_wconf 86' lang='lat' dir='ltr'><strong>invito</strong></span> <span class='ocrx_word' id='word_1_402' title='bbox 1426 1242 1455 1274; x_wconf 90' lang='lat' dir='ltr'><strong>ei</strong></span> <span class='ocrx_word' id='word_1_403' title='bbox 1490 1254 1529 1274; x_wconf 81' lang='lat' dir='ltr'><strong>ex</strong></span> <span class='ocrx_word' id='word_1_404' title='bbox 1560 1242 1687 1276; x_wconf 87' lang='lat' dir='ltr'><strong>incuria</strong></span> 
     </span>
     <span class='ocr_line' id='line_1_62' title="bbox 908 1287 1686 1331; baseline 0.004 -13"><span class='ocrx_word' id='word_1_405' title='bbox 908 1287 1050 1331; x_wconf 66' lang='lat' dir='ltr'><strong>quadam</strong></span> <span class='ocrx_word' id='word_1_406' title='bbox 1097 1294 1196 1330; x_wconf 78' lang='lat' dir='ltr'><strong>atque</strong></span> <span class='ocrx_word' id='word_1_407' title='bbox 1238 1287 1457 1329; x_wconf 67' lang='lat' dir='ltr'><strong>incogitantia</strong></span> <span class='ocrx_word' id='word_1_408' title='bbox 1497 1288 1686 1321; x_wconf 79' lang='lat' dir='ltr'><strong>excidisse?</strong></span> 
     </span>
     <span class='ocr_line' id='line_1_63' title="bbox 910 1333 1685 1375; baseline 0.004 -10"><span class='ocrx_word' id='word_1_409' title='bbox 910 1333 962 1365; x_wconf 86' lang='lat' dir='ltr'><strong>Cf.</strong></span> <span class='ocrx_word' id='word_1_410' title='bbox 983 1333 1070 1365; x_wconf 74' lang='lat' dir='ltr'><strong>infra</strong></span> <span class='ocrx_word' id='word_1_411' title='bbox 1093 1334 1131 1364; x_wconf 89' lang='lat' dir='ltr'><strong>V.</strong></span> <span class='ocrx_word' id='word_1_412' title='bbox 1158 1333 1207 1370; x_wconf 74' lang='lat'><strong>1¹),</strong></span> <span class='ocrx_word' id='word_1_413' title='bbox 1228 1334 1283 1366; x_wconf 67' lang='lat'><strong>54.</strong></span> <span class='ocrx_word' id='word_1_414' title='bbox 1307 1336 1361 1372; x_wconf 63' lang='lat'><strong>2⁴3,</strong></span> <span class='ocrx_word' id='word_1_415' title='bbox 1383 1333 1438 1367; x_wconf 72' lang='grc'><strong>63.</strong></span> <span class='ocrx_word' id='word_1_416' title='bbox 1481 1333 1566 1366; x_wconf 87' lang='lat' dir='ltr'><strong>Ibid.</strong></span> <span class='ocrx_word' id='word_1_417' title='bbox 1588 1346 1615 1366; x_wconf 91' lang='lat' dir='ltr'><strong>c.</strong></span> <span class='ocrx_word' id='word_1_418' title='bbox 1633 1334 1685 1375; x_wconf 83' lang='lat'><strong>15,</strong></span> 
     </span>
     <span class='ocr_line' id='line_1_64' title="bbox 907 1378 1686 1420; baseline 0.001 -9"><span class='ocrx_word' id='word_1_419' title='bbox 907 1380 962 1411; x_wconf 73' lang='lat'><strong>45.</strong></span> <span class='ocrx_word' id='word_1_420' title='bbox 990 1380 1030 1411; x_wconf 88' lang='lat'><strong>11.</strong></span> <span class='ocrx_word' id='word_1_421' title='bbox 1055 1379 1085 1415; x_wconf 71' lang='grc' dir='ltr'><strong>Τ,</strong></span> <span class='ocrx_word' id='word_1_422' title='bbox 1115 1378 1165 1412; x_wconf 76' lang='grc'><strong>17.</strong></span> <span class='ocrx_word' id='word_1_423' title='bbox 1201 1378 1255 1410; x_wconf 87' lang='lat' dir='ltr'><strong>ubi</strong></span> <span class='ocrx_word' id='word_1_424' title='bbox 1284 1391 1315 1411; x_wconf 85' lang='lat' dir='ltr'><strong>v.</strong></span> <span class='ocrx_word' id='word_1_425' title='bbox 1341 1379 1462 1412; x_wconf 78' lang='lat' dir='ltr'><strong>Adnot.</strong></span> <span class='ocrx_word' id='word_1_426' title='bbox 1485 1380 1543 1412; x_wconf 86' lang='lat' dir='ltr'><strong>Ill.</strong></span> <span class='ocrx_word' id='word_1_427' title='bbox 1563 1380 1604 1420; x_wconf 74' lang='grc' dir='ltr'><strong>ὅ,</strong></span> <span class='ocrx_word' id='word_1_428' title='bbox 1633 1379 1686 1414; x_wconf 88' lang='grc'><strong>16.</strong></span> 
     </span>
     <span class='ocr_line' id='line_1_65' title="bbox 910 1424 1688 1465; baseline 0.003 -8"><span class='ocrx_word' id='word_1_429' title='bbox 910 1425 962 1457; x_wconf 86' lang='lat' dir='ltr'><strong>Cf.</strong></span> <span class='ocrx_word' id='word_1_430' title='bbox 996 1425 1169 1457; x_wconf 69' lang='lat' dir='ltr'><strong>Adnotatu</strong></span> <span class='ocrx_word' id='word_1_431' title='bbox 1202 1424 1235 1456; x_wconf 92' lang='lat' dir='ltr'><strong>in</strong></span> <span class='ocrx_word' id='word_1_432' title='bbox 1266 1426 1289 1457; x_wconf 82' lang='grc' dir='ltr'><strong>Ι.</strong></span> <span class='ocrx_word' id='word_1_433' title='bbox 1319 1425 1380 1465; x_wconf 77' lang='lat'><strong>13,</strong></span> <span class='ocrx_word' id='word_1_434' title='bbox 1406 1426 1462 1459; x_wconf 74' lang='lat'><strong>30.</strong></span> <span class='ocrx_word' id='word_1_435' title='bbox 1513 1426 1688 1460; x_wconf 85' lang='lat' dir='ltr'><strong>Sententia</strong></span> 
     </span>
     <span class='ocr_line' id='line_1_66' title="bbox 907 1470 1688 1515; baseline 0.003 -12"><span class='ocrx_word' id='word_1_436' title='bbox 907 1478 1019 1504; x_wconf 86' lang='lat' dir='ltr'><strong>autem</strong></span> <span class='ocrx_word' id='word_1_437' title='bbox 1035 1470 1129 1504; x_wconf 87' lang='lat' dir='ltr'><strong>huius</strong></span> <span class='ocrx_word' id='word_1_438' title='bbox 1143 1470 1334 1515; x_wconf 58' lang='lat' dir='ltr'><strong>implicatae</strong></span> <span class='ocrx_word' id='word_1_439' title='bbox 1349 1471 1588 1504; x_wconf 82' lang='lat' dir='ltr'><strong>enuntiationis</strong></span> <span class='ocrx_word' id='word_1_440' title='bbox 1604 1472 1688 1505; x_wconf 87' lang='lat' dir='ltr'><strong>haec</strong></span> 
     </span>
     <span class='ocr_line' id='line_1_67' title="bbox 909 1517 1688 1562; baseline 0.001 -12"><span class='ocrx_word' id='word_1_441' title='bbox 909 1524 978 1550; x_wconf 86' lang='lat' dir='ltr'><strong>est:</strong></span> <span class='ocrx_word' id='word_1_442' title='bbox 1007 1517 1039 1549; x_wconf 88' lang='lat' dir='ltr'><strong>Si</strong></span> <span class='ocrx_word' id='word_1_443' title='bbox 1065 1517 1236 1549; x_wconf 80' lang='lat' dir='ltr'><strong>orationes</strong></span> <span class='ocrx_word' id='word_1_444' title='bbox 1260 1525 1415 1558; x_wconf 86' lang='lat' dir='ltr'><strong>nostrae,</strong></span> <span class='ocrx_word' id='word_1_445' title='bbox 1442 1518 1475 1550; x_wconf 91' lang='lat' dir='ltr'><strong>in</strong></span> <span class='ocrx_word' id='word_1_446' title='bbox 1497 1518 1636 1562; x_wconf 82' lang='lat' dir='ltr'><strong>quibus,</strong></span> <span class='ocrx_word' id='word_1_447' title='bbox 1659 1518 1688 1551; x_wconf 88' lang='lat' dir='ltr'><strong>si</strong></span> 
     </span>
     <span class='ocr_line' id='line_1_68' title="bbox 907 1563 1688 1609; baseline 0.003 -14"><span class='ocrx_word' id='word_1_448' title='bbox 907 1575 977 1596; x_wconf 89' lang='lat' dir='ltr'><strong>non</strong></span> <span class='ocrx_word' id='word_1_449' title='bbox 1011 1563 1172 1603; x_wconf 89' lang='lat' dir='ltr'><strong>aliorum,</strong></span> <span class='ocrx_word' id='word_1_450' title='bbox 1207 1564 1327 1596; x_wconf 88' lang='lat' dir='ltr'><strong>saltem</strong></span> <span class='ocrx_word' id='word_1_451' title='bbox 1355 1564 1472 1609; x_wconf 88' lang='lat' dir='ltr'><strong>populi</strong></span> <span class='ocrx_word' id='word_1_452' title='bbox 1495 1576 1631 1597; x_wconf 79' lang='lat' dir='ltr'><strong>assensu</strong></span> <span class='ocrx_word' id='word_1_453' title='bbox 1653 1571 1688 1597; x_wconf 89' lang='lat' dir='ltr'><strong>et</strong></span> 
     </span>
     <span class='ocr_line' id='line_1_69' title="bbox 908 1610 1688 1654; baseline 0.001 -13"><span class='ocrx_word' id='word_1_454' title='bbox 908 1610 1007 1642; x_wconf 80' lang='lat' dir='ltr'><strong>laude</strong></span> <span class='ocrx_word' id='word_1_455' title='bbox 1022 1610 1224 1649; x_wconf 80' lang='lat' dir='ltr'><strong>fruebamur,</strong></span> <span class='ocrx_word' id='word_1_456' title='bbox 1251 1610 1417 1643; x_wconf 87' lang='lat' dir='ltr'><strong>nonnullis</strong></span> <span class='ocrx_word' id='word_1_457' title='bbox 1435 1610 1598 1654; x_wconf 83' lang='lat' dir='ltr'><strong>probatae</strong></span> <span class='ocrx_word' id='word_1_458' title='bbox 1618 1622 1688 1643; x_wconf 88' lang='lat' dir='ltr'><strong>non</strong></span> 
     </span>
     <span class='ocr_line' id='line_1_70' title="bbox 907 1656 1688 1700; baseline 0 -12"><span class='ocrx_word' id='word_1_459' title='bbox 907 1664 1005 1688; x_wconf 86' lang='lat' dir='ltr'><strong>sunt:</strong></span> <span class='ocrx_word' id='word_1_460' title='bbox 1041 1664 1166 1699; x_wconf 83' lang='lat' dir='ltr'><strong>quanto</strong></span> <span class='ocrx_word' id='word_1_461' title='bbox 1189 1657 1298 1700; x_wconf 88' lang='lat' dir='ltr'><strong>plures</strong></span> <span class='ocrx_word' id='word_1_462' title='bbox 1322 1656 1530 1689; x_wconf 83' lang='lat' dir='ltr'><strong>adversarios</strong></span> <span class='ocrx_word' id='word_1_463' title='bbox 1550 1657 1583 1688; x_wconf 92' lang='lat' dir='ltr'><strong>in</strong></span> <span class='ocrx_word' id='word_1_464' title='bbox 1607 1656 1688 1700; x_wconf 86' lang='lat' dir='ltr'><strong>phi-</strong></span> 
     </span>
     <span class='ocr_line' id='line_1_71' title="bbox 908 1702 1687 1747; baseline -0.001 -12"><span class='ocrx_word' id='word_1_465' title='bbox 908 1703 1082 1746; x_wconf 76' lang='lat' dir='ltr'><strong>losophiae</strong></span> <span class='ocrx_word' id='word_1_466' title='bbox 1104 1702 1215 1734; x_wconf 87' lang='lat' dir='ltr'><strong>studio</strong></span> <span class='ocrx_word' id='word_1_467' title='bbox 1232 1702 1450 1746; x_wconf 84' lang='lat' dir='ltr'><strong>experiemur,</strong></span> <span class='ocrx_word' id='word_1_468' title='bbox 1472 1702 1506 1734; x_wconf 90' lang='lat' dir='ltr'><strong>in</strong></span> <span class='ocrx_word' id='word_1_469' title='bbox 1522 1714 1588 1747; x_wconf 92' lang='lat' dir='ltr'><strong>quo</strong></span> <span class='ocrx_word' id='word_1_470' title='bbox 1605 1714 1687 1746; x_wconf 87' lang='lat' dir='ltr'><strong>spe-</strong></span> 
     </span>
     <span class='ocr_line' id='line_1_72' title="bbox 908 1748 1686 1792; baseline -0.001 -11"><span class='ocrx_word' id='word_1_471' title='bbox 908 1760 981 1781; x_wconf 87' lang='lat' dir='ltr'><strong>rare</strong></span> <span class='ocrx_word' id='word_1_472' title='bbox 1016 1760 1084 1781; x_wconf 90' lang='lat' dir='ltr'><strong>non</strong></span> <span class='ocrx_word' id='word_1_473' title='bbox 1120 1759 1314 1791; x_wconf 83' lang='lat' dir='ltr'><strong>possumus,</strong></span> <span class='ocrx_word' id='word_1_474' title='bbox 1350 1749 1447 1787; x_wconf 81' lang='lat' dir='ltr'><strong>fore,</strong></span> <span class='ocrx_word' id='word_1_475' title='bbox 1483 1755 1518 1780; x_wconf 91' lang='lat' dir='ltr'><strong>ut</strong></span> <span class='ocrx_word' id='word_1_476' title='bbox 1543 1748 1686 1792; x_wconf 88' lang='lat' dir='ltr'><strong>populus</strong></span> 
     </span>
     <span class='ocr_line' id='line_1_73' title="bbox 908 1793 1688 1838; baseline 0 -12"><span class='ocrx_word' id='word_1_477' title='bbox 908 1794 1006 1827; x_wconf 88' lang='lat' dir='ltr'><strong>nobis</strong></span> <span class='ocrx_word' id='word_1_478' title='bbox 1049 1793 1234 1837; x_wconf 61' lang='lat' dir='ltr'><strong>opituletur</strong></span> <span class='ocrx_word' id='word_1_479' title='bbox 1267 1801 1300 1825; x_wconf 87' lang='lat' dir='ltr'><strong>et</strong></span> <span class='ocrx_word' id='word_1_480' title='bbox 1342 1793 1587 1838; x_wconf 85' lang='lat' dir='ltr'><strong>approbatione</strong></span> <span class='ocrx_word' id='word_1_481' title='bbox 1627 1806 1688 1827; x_wconf 90' lang='lat' dir='ltr'><strong>sua</strong></span> 
     </span>
     <span class='ocr_line' id='line_1_74' title="bbox 909 1839 1686 1873; baseline 0 -1"><span class='ocrx_word' id='word_1_482' title='bbox 909 1847 1026 1873; x_wconf 89' lang='lat' dir='ltr'><strong>contra</strong></span> <span class='ocrx_word' id='word_1_483' title='bbox 1050 1839 1223 1871; x_wconf 83' lang='lat' dir='ltr'><strong>bominum</strong></span> <span class='ocrx_word' id='word_1_484' title='bbox 1242 1839 1400 1872; x_wconf 83' lang='lat' dir='ltr'><strong>invidiam</strong></span> <span class='ocrx_word' id='word_1_485' title='bbox 1428 1851 1489 1872; x_wconf 91' lang='lat' dir='ltr'><strong>nos</strong></span> <span class='ocrx_word' id='word_1_486' title='bbox 1512 1839 1686 1873; x_wconf 86' lang='lat' dir='ltr'><strong>defendat.</strong></span> 
     </span>
    </p>

    <p class='ocr_par' dir='ltr' id='par_1_21' title="bbox 907 1885 1686 2107">
     <span class='ocr_line' id='line_1_75' title="bbox 976 1885 1686 1930; baseline 0.001 -12"><span class='ocrx_word' id='word_1_487' title='bbox 976 1887 1031 1918; x_wconf 81' lang='lat' dir='ltr'><strong>sed</strong></span> <span class='ocrx_word' id='word_1_488' title='bbox 1052 1888 1078 1917; x_wconf 81' lang='lat' dir='ltr'><strong>si</strong></span> <span class='ocrx_word' id='word_1_489' title='bbox 1098 1885 1346 1930; x_wconf 79' lang='lat' dir='ltr'><strong>reperiebantur]</strong></span> <span class='ocrx_word' id='word_1_490' title='bbox 1371 1888 1434 1918; x_wconf 82' lang='lat' dir='ltr'><strong>Sed</strong></span> <span class='ocrx_word' id='word_1_491' title='bbox 1453 1885 1591 1919; x_wconf 88' lang='lat' dir='ltr'><strong>inservit</strong></span> <span class='ocrx_word' id='word_1_492' title='bbox 1605 1898 1686 1919; x_wconf 83' lang='lat' dir='ltr'><strong>sen-</strong></span> 
     </span>
     <span class='ocr_line' id='line_1_76' title="bbox 907 1930 1684 1975; baseline 0.004 -13"><span class='ocrx_word' id='word_1_493' title='bbox 907 1930 1034 1963; x_wconf 79' lang='lat' dir='ltr'><strong>tentiae</strong></span> <span class='ocrx_word' id='word_1_494' title='bbox 1068 1938 1146 1963; x_wconf 80' lang='lat' dir='ltr'><strong>ante</strong></span> <span class='ocrx_word' id='word_1_495' title='bbox 1178 1932 1393 1975; x_wconf 85' lang='lat' dir='ltr'><strong>parenthesin</strong></span> <span class='ocrx_word' id='word_1_496' title='bbox 1425 1932 1604 1965; x_wconf 82' lang='lat' dir='ltr'><strong>inchoatae</strong></span> <span class='ocrx_word' id='word_1_497' title='bbox 1627 1944 1684 1966; x_wconf 92' lang='lat' dir='ltr'><strong>re-</strong></span> 
     </span>
     <span class='ocr_line' id='line_1_77' title="bbox 907 1977 1686 2021; baseline 0.004 -13"><span class='ocrx_word' id='word_1_498' title='bbox 907 1977 1098 2016; x_wconf 89' lang='lat' dir='ltr'><strong>vocandae,</strong></span> <span class='ocrx_word' id='word_1_499' title='bbox 1125 1984 1159 2009; x_wconf 91' lang='lat' dir='ltr'><strong>et</strong></span> <span class='ocrx_word' id='word_1_500' title='bbox 1182 1977 1316 2021; x_wconf 89' lang='lat' dir='ltr'><strong>quidem</strong></span> <span class='ocrx_word' id='word_1_501' title='bbox 1339 1990 1440 2021; x_wconf 84' lang='lat' dir='ltr'><strong>saepe</strong></span> <span class='ocrx_word' id='word_1_502' title='bbox 1462 1977 1530 2019; x_wconf 85' lang='lat' dir='ltr'><strong>ita,</strong></span> <span class='ocrx_word' id='word_1_503' title='bbox 1564 1985 1600 2011; x_wconf 88' lang='lat' dir='ltr'><strong>ut</strong></span> <span class='ocrx_word' id='word_1_504' title='bbox 1621 1991 1686 2011; x_wconf 86' lang='lat' dir='ltr'><strong>an-</strong></span> 
     </span>
     <span class='ocr_line' id='line_1_78' title="bbox 908 2022 1684 2067; baseline 0.005 -12"><span class='ocrx_word' id='word_1_505' title='bbox 908 2023 1099 2055; x_wconf 85' lang='lat' dir='ltr'><strong>tecedentia</strong></span> <span class='ocrx_word' id='word_1_506' title='bbox 1121 2024 1341 2067; x_wconf 87' lang='lat' dir='ltr'><strong>corrigantur.</strong></span> <span class='ocrx_word' id='word_1_507' title='bbox 1387 2024 1439 2056; x_wconf 84' lang='lat' dir='ltr'><strong>Cf.</strong></span> <span class='ocrx_word' id='word_1_508' title='bbox 1473 2025 1513 2059; x_wconf 91' lang='lat' dir='ltr'><strong>V.</strong></span> <span class='ocrx_word' id='word_1_509' title='bbox 1540 2023 1602 2065; x_wconf 83' lang='lat'><strong>19,</strong></span> <span class='ocrx_word' id='word_1_510' title='bbox 1627 2022 1684 2059; x_wconf 67' lang='grc'><strong>5-1.</strong></span> 
     </span>
     <span class='ocr_line' id='line_1_79' title="bbox 908 2066 1678 2107; baseline 0 -7"><span class='ocrx_word' id='word_1_511' title='bbox 908 2070 948 2101; x_wconf 85' lang='grc' dir='ltr'><strong>ΙΙ.</strong></span> <span class='ocrx_word' id='word_1_512' title='bbox 975 2066 1026 2107; x_wconf 71' lang='lat'><strong>14,</strong></span> <span class='ocrx_word' id='word_1_513' title='bbox 1050 2069 1105 2103; x_wconf 74' lang='lat'><strong>32.</strong></span> <span class='ocrx_word' id='word_1_514' title='bbox 1674 2096 1678 2100; x_wconf 82' lang='grc'><strong>.</strong></span> 
     </span>
    </p>

    <p class='ocr_par' dir='ltr' id='par_1_22' title="bbox 902 2115 1686 2757">
     <span class='ocr_line' id='line_1_80' title="bbox 975 2115 1684 2160; baseline 0.004 -14"><span class='ocrx_word' id='word_1_515' title='bbox 975 2126 1126 2156; x_wconf 79' lang='lat' dir='ltr'><strong>quemque</strong></span> <span class='ocrx_word' id='word_1_516' title='bbox 1146 2118 1298 2157; x_wconf 84' lang='lat' dir='ltr'><strong>sperandi</strong></span> <span class='ocrx_word' id='word_1_517' title='bbox 1321 2115 1394 2160; x_wconf 80' lang='lat' dir='ltr'><strong>sibi]</strong></span> <span class='ocrx_word' id='word_1_518' title='bbox 1419 2115 1591 2149; x_wconf 87' lang='lat' dir='ltr'><strong>Sententia</strong></span> <span class='ocrx_word' id='word_1_519' title='bbox 1613 2123 1684 2149; x_wconf 88' lang='lat' dir='ltr'><strong>est:</strong></span> 
     </span>
     <span class='ocr_line' id='line_1_81' title="bbox 908 2160 1686 2206; baseline 0.005 -14"><span class='ocrx_word' id='word_1_520' title='bbox 908 2160 963 2205; x_wconf 90' lang='lat' dir='ltr'><strong>qui</strong></span> <span class='ocrx_word' id='word_1_521' title='bbox 988 2173 1149 2193; x_wconf 89' lang='lat' dir='ltr'><strong>summam</strong></span> <span class='ocrx_word' id='word_1_522' title='bbox 1180 2170 1281 2206; x_wconf 88' lang='lat' dir='ltr'><strong>atque</strong></span> <span class='ocrx_word' id='word_1_523' title='bbox 1308 2162 1586 2206; x_wconf 81' lang='lat' dir='ltr'><strong>perfectissimam</strong></span> <span class='ocrx_word' id='word_1_524' title='bbox 1610 2163 1686 2196; x_wconf 91' lang='lat' dir='ltr'><strong>elo-</strong></span> 
     </span>
     <span class='ocr_line' id='line_1_82' title="bbox 908 2207 1686 2252; baseline 0.004 -14"><span class='ocrx_word' id='word_1_525' title='bbox 908 2207 1077 2251; x_wconf 88' lang='lat' dir='ltr'><strong>quentiam</strong></span> <span class='ocrx_word' id='word_1_526' title='bbox 1112 2219 1179 2240; x_wconf 92' lang='lat' dir='ltr'><strong>non</strong></span> <span class='ocrx_word' id='word_1_527' title='bbox 1216 2208 1315 2240; x_wconf 88' lang='lat' dir='ltr'><strong>aliam</strong></span> <span class='ocrx_word' id='word_1_528' title='bbox 1338 2216 1589 2252; x_wconf 84' lang='lat' dir='ltr'><strong>proponerent,</strong></span> <span class='ocrx_word' id='word_1_529' title='bbox 1624 2209 1686 2241; x_wconf 89' lang='lat' dir='ltr'><strong>nisi</strong></span> 
     </span>
     <span class='ocr_line' id='line_1_83' title="bbox 907 2253 1683 2299; baseline 0.003 -15"><span class='ocrx_word' id='word_1_530' title='bbox 907 2265 1005 2296; x_wconf 82' lang='lat' dir='ltr'><strong>quam</strong></span> <span class='ocrx_word' id='word_1_531' title='bbox 1026 2253 1090 2297; x_wconf 90' lang='lat' dir='ltr'><strong>ipsi</strong></span> <span class='ocrx_word' id='word_1_532' title='bbox 1112 2266 1148 2286; x_wconf 91' lang='lat' dir='ltr'><strong>se</strong></span> <span class='ocrx_word' id='word_1_533' title='bbox 1169 2254 1336 2298; x_wconf 84' lang='lat' dir='ltr'><strong>attingere</strong></span> <span class='ocrx_word' id='word_1_534' title='bbox 1369 2265 1466 2298; x_wconf 89' lang='lat' dir='ltr'><strong>posse</strong></span> <span class='ocrx_word' id='word_1_535' title='bbox 1498 2262 1683 2299; x_wconf 89' lang='lat' dir='ltr'><strong>sperarent.</strong></span> 
     </span>
     <span class='ocr_line' id='line_1_84' title="bbox 905 2300 1685 2346; baseline 0.004 -15"><span class='ocrx_word' id='word_1_536' title='bbox 905 2302 993 2332; x_wconf 76' lang='lat' dir='ltr'><strong>fim&#39;s</strong></span> <span class='ocrx_word' id='word_1_537' title='bbox 1021 2311 1122 2344; x_wconf 84' lang='lat' dir='ltr'><strong>saepe</strong></span> <span class='ocrx_word' id='word_1_538' title='bbox 1154 2300 1294 2341; x_wconf 86' lang='lat' dir='ltr'><strong>dicitur,</strong></span> <span class='ocrx_word' id='word_1_539' title='bbox 1332 2300 1423 2344; x_wconf 92' lang='lat' dir='ltr'><strong>quod</strong></span> <span class='ocrx_word' id='word_1_540' title='bbox 1440 2300 1475 2333; x_wconf 91' lang='lat' dir='ltr'><strong>in</strong></span> <span class='ocrx_word' id='word_1_541' title='bbox 1499 2313 1628 2346; x_wconf 89' lang='lat' dir='ltr'><strong>quaque</strong></span> <span class='ocrx_word' id='word_1_542' title='bbox 1648 2312 1685 2333; x_wconf 89' lang='lat' dir='ltr'><strong>re</strong></span> 
     </span>
     <span class='ocr_line' id='line_1_85' title="bbox 904 2346 1681 2390; baseline 0.001 -13"><span class='ocrx_word' id='word_1_543' title='bbox 904 2357 1069 2378; x_wconf 88' lang='lat' dir='ltr'><strong>summum</strong></span> <span class='ocrx_word' id='word_1_544' title='bbox 1092 2352 1143 2378; x_wconf 89' lang='lat' dir='ltr'><strong>est</strong></span> <span class='ocrx_word' id='word_1_545' title='bbox 1163 2358 1203 2378; x_wconf 91' lang='lat' dir='ltr'><strong>ac</strong></span> <span class='ocrx_word' id='word_1_546' title='bbox 1226 2346 1528 2390; x_wconf 82' lang='lat' dir='ltr'><strong>perfectissimum,</strong></span> <span class='ocrx_word' id='word_1_547' title='bbox 1556 2355 1590 2380; x_wconf 89' lang='lat' dir='ltr'><strong>ut</strong></span> <span class='ocrx_word' id='word_1_548' title='bbox 1612 2347 1644 2379; x_wconf 91' lang='lat' dir='ltr'><strong>h.</strong></span> <span class='ocrx_word' id='word_1_549' title='bbox 1658 2347 1681 2379; x_wconf 92' lang='lat' dir='ltr'><strong>l.</strong></span> 
     </span>
     <span class='ocr_line' id='line_1_86' title="bbox 905 2391 1683 2436; baseline 0.001 -12"><span class='ocrx_word' id='word_1_550' title='bbox 905 2394 978 2433; x_wconf 81' lang='lat' dir='ltr'><strong>finis</strong></span> <span class='ocrx_word' id='word_1_551' title='bbox 1009 2394 1160 2433; x_wconf 82' lang='lat' dir='ltr'><strong>sperandi</strong></span> <span class='ocrx_word' id='word_1_552' title='bbox 1195 2400 1246 2424; x_wconf 87' lang='lat' dir='ltr'><strong>est</strong></span> <span class='ocrx_word' id='word_1_553' title='bbox 1276 2405 1461 2432; x_wconf 90' lang='lat' dir='ltr'><strong>summum,</strong></span> <span class='ocrx_word' id='word_1_554' title='bbox 1495 2393 1585 2436; x_wconf 88' lang='lat' dir='ltr'><strong>quod</strong></span> <span class='ocrx_word' id='word_1_555' title='bbox 1611 2391 1683 2435; x_wconf 89' lang='lat' dir='ltr'><strong>quis</strong></span> 
     </span>
     <span class='ocr_line' id='line_1_87' title="bbox 905 2439 1683 2483; baseline 0 -14"><span class='ocrx_word' id='word_1_556' title='bbox 905 2449 1041 2481; x_wconf 90' lang='lat' dir='ltr'><strong>sperare</strong></span> <span class='ocrx_word' id='word_1_557' title='bbox 1064 2445 1179 2482; x_wconf 88' lang='lat' dir='ltr'><strong>potest</strong></span> <span class='ocrx_word' id='word_1_558' title='bbox 1205 2445 1262 2471; x_wconf 81' lang='lat' dir='ltr'><strong>aut</strong></span> <span class='ocrx_word' id='word_1_559' title='bbox 1285 2447 1419 2483; x_wconf 82' lang='lat' dir='ltr'><strong>sperat3</strong></span> <span class='ocrx_word' id='word_1_560' title='bbox 1454 2441 1527 2480; x_wconf 75' lang='lat' dir='ltr'><strong>finis</strong></span> <span class='ocrx_word' id='word_1_561' title='bbox 1557 2439 1683 2470; x_wconf 79' lang='lat' dir='ltr'><strong>dicendi</strong></span> 
     </span>
     <span class='ocr_line' id='line_1_88' title="bbox 905 2484 1681 2529; baseline -0.001 -14"><span class='ocrx_word' id='word_1_562' title='bbox 905 2491 955 2515; x_wconf 91' lang='lat' dir='ltr'><strong>est</strong></span> <span class='ocrx_word' id='word_1_563' title='bbox 975 2496 1139 2516; x_wconf 89' lang='lat' dir='ltr'><strong>summum</strong></span> <span class='ocrx_word' id='word_1_564' title='bbox 1164 2484 1396 2529; x_wconf 87' lang='lat' dir='ltr'><strong>eloquentiae;</strong></span> <span class='ocrx_word' id='word_1_565' title='bbox 1431 2484 1510 2518; x_wconf 85' lang='lat' dir='ltr'><strong>hinc</strong></span> <span class='ocrx_word' id='word_1_566' title='bbox 1536 2486 1607 2526; x_wconf 82' lang='lat' dir='ltr'><strong>finis</strong></span> <span class='ocrx_word' id='word_1_567' title='bbox 1628 2485 1681 2515; x_wconf 89' lang='lat' dir='ltr'><strong>bo-</strong></span> 
     </span>
     <span class='ocr_line' id='line_1_89' title="bbox 903 2530 1682 2574; baseline -0.004 -12"><span class='ocrx_word' id='word_1_568' title='bbox 903 2541 1017 2562; x_wconf 79' lang='lat' dir='ltr'><strong>norum</strong></span> <span class='ocrx_word' id='word_1_569' title='bbox 1046 2534 1073 2563; x_wconf 81' lang='lat' dir='ltr'><strong>et</strong></span> <span class='ocrx_word' id='word_1_570' title='bbox 1103 2533 1262 2563; x_wconf 82' lang='lat' dir='ltr'><strong>malorum</strong></span> <span class='ocrx_word' id='word_1_571' title='bbox 1298 2530 1419 2563; x_wconf 88' lang='lat' dir='ltr'><strong>dieitur</strong></span> <span class='ocrx_word' id='word_1_572' title='bbox 1456 2540 1518 2574; x_wconf 88' lang='lat' dir='ltr'><strong>pro</strong></span> <span class='ocrx_word' id='word_1_573' title='bbox 1552 2539 1682 2560; x_wconf 89' lang='lat' dir='ltr'><strong>summo</strong></span> 
     </span>
     <span class='ocr_line' id='line_1_90' title="bbox 903 2573 1683 2609; baseline -0.003 -2"><span class='ocrx_word' id='word_1_574' title='bbox 903 2575 995 2608; x_wconf 93' lang='lat' dir='ltr'><strong>bono</strong></span> <span class='ocrx_word' id='word_1_575' title='bbox 1019 2583 1054 2608; x_wconf 88' lang='lat' dir='ltr'><strong>et</strong></span> <span class='ocrx_word' id='word_1_576' title='bbox 1072 2577 1172 2609; x_wconf 81' lang='lat' dir='ltr'><strong>malo.</strong></span> <span class='ocrx_word' id='word_1_577' title='bbox 1232 2576 1284 2609; x_wconf 87' lang='lat' dir='ltr'><strong>Cf.</strong></span> <span class='ocrx_word' id='word_1_578' title='bbox 1309 2579 1442 2609; x_wconf 78' lang='lat' dir='ltr'><strong>Erneslii</strong></span> <span class='ocrx_word' id='word_1_579' title='bbox 1468 2575 1556 2607; x_wconf 87' lang='lat' dir='ltr'><strong>Clav.</strong></span> <span class='ocrx_word' id='word_1_580' title='bbox 1582 2573 1683 2606; x_wconf 89' lang='lat' dir='ltr'><strong>Cice-</strong></span> 
     </span>
     <span class='ocr_line' id='line_1_91' title="bbox 903 2620 1680 2655; baseline -0.003 -1"><span class='ocrx_word' id='word_1_581' title='bbox 903 2633 976 2654; x_wconf 91' lang='lat' dir='ltr'><strong>ron.</strong></span> <span class='ocrx_word' id='word_1_582' title='bbox 998 2621 1032 2654; x_wconf 88' lang='lat' dir='ltr'><strong>h.</strong></span> <span class='ocrx_word' id='word_1_583' title='bbox 1053 2635 1083 2654; x_wconf 82' lang='lat' dir='ltr'><strong>v.</strong></span> <span class='ocrx_word' id='word_1_584' title='bbox 1123 2624 1172 2655; x_wconf 92' lang='lat' dir='ltr'><strong>De</strong></span> <span class='ocrx_word' id='word_1_585' title='bbox 1190 2622 1356 2655; x_wconf 86' lang='lat' dir='ltr'><strong>sententia</strong></span> <span class='ocrx_word' id='word_1_586' title='bbox 1379 2622 1424 2654; x_wconf 86' lang='lat' dir='ltr'><strong>cf.</strong></span> <span class='ocrx_word' id='word_1_587' title='bbox 1443 2623 1498 2652; x_wconf 90' lang='lat' dir='ltr'><strong>Or.</strong></span> <span class='ocrx_word' id='word_1_588' title='bbox 1514 2620 1553 2654; x_wconf 82' lang='lat'><strong>7:</strong></span> <span class='ocrx_word' id='word_1_589' title='bbox 1580 2620 1680 2652; x_wconf 86' lang='lat' dir='ltr'><strong>Nunc</strong></span> 
     </span>
     <span class='ocr_line' id='line_1_92' title="bbox 902 2668 1681 2712; baseline 0 -13"><span class='ocrx_word' id='word_1_590' title='bbox 902 2673 1034 2700; x_wconf 89' lang='lat' dir='ltr'><strong>tanturn</strong></span> <span class='ocrx_word' id='word_1_591' title='bbox 1057 2668 1195 2712; x_wconf 88' lang='lat' dir='ltr'><strong>quisque</strong></span> <span class='ocrx_word' id='word_1_592' title='bbox 1215 2668 1340 2708; x_wconf 88' lang='lat' dir='ltr'><strong>laudat,</strong></span> <span class='ocrx_word' id='word_1_593' title='bbox 1365 2673 1525 2711; x_wconf 88' lang='lat' dir='ltr'><strong>quantum</strong></span> <span class='ocrx_word' id='word_1_594' title='bbox 1544 2676 1582 2698; x_wconf 89' lang='lat' dir='ltr'><strong>se</strong></span> <span class='ocrx_word' id='word_1_595' title='bbox 1598 2676 1681 2710; x_wconf 87' lang='lat' dir='ltr'><strong>spe-</strong></span> 
     </span>
     <span class='ocr_line' id='line_1_93' title="bbox 904 2714 1252 2757; baseline 0 -11"><span class='ocrx_word' id='word_1_596' title='bbox 904 2720 957 2746; x_wconf 88' lang='lat' dir='ltr'><strong>rat</strong></span> <span class='ocrx_word' id='word_1_597' title='bbox 988 2725 1087 2757; x_wconf 88' lang='lat' dir='ltr'><strong>posse</strong></span> <span class='ocrx_word' id='word_1_598' title='bbox 1118 2714 1252 2746; x_wconf 86' lang='lat' dir='ltr'><strong>imitari.</strong></span> 
     </span>
    </p>

    <p class='ocr_par' dir='ltr' id='par_1_23' title="bbox 896 2756 1678 3031">
     <span class='ocr_line' id='line_1_94' title="bbox 970 2756 1678 2804; baseline -0.004 -11"><span class='ocrx_word' id='word_1_599' title='bbox 970 2762 1068 2803; x_wconf 83' lang='lat' dir='ltr'><strong>unde]</strong></span> <span class='ocrx_word' id='word_1_600' title='bbox 1089 2772 1157 2803; x_wconf 83' lang='lat' dir='ltr'><strong>„ex</strong></span> <span class='ocrx_word' id='word_1_601' title='bbox 1177 2760 1294 2804; x_wconf 91' lang='lat' dir='ltr'><strong>quibus</strong></span> <span class='ocrx_word' id='word_1_602' title='bbox 1310 2756 1481 2801; x_wconf 80' lang='lat' dir='ltr'><strong>pn&#39;neipiis</strong></span> <span class='ocrx_word' id='word_1_603' title='bbox 1500 2756 1558 2800; x_wconf 78' lang='lat' dir='ltr'><strong>(s‘c.</strong></span> <span class='ocrx_word' id='word_1_604' title='bbox 1573 2768 1678 2801; x_wconf 82' lang='lat' dir='ltr'><strong>genus</strong></span> 
     </span>
     <span class='ocr_line' id='line_1_95' title="bbox 901 2802 1676 2846; baseline -0.001 -9"><span class='ocrx_word' id='word_1_605' title='bbox 901 2805 1037 2839; x_wconf 79' lang='lat' dir='ltr'><strong>dicendi</strong></span> <span class='ocrx_word' id='word_1_606' title='bbox 1059 2817 1131 2838; x_wconf 87' lang='lat' dir='ltr'><strong>esse</strong></span> <span class='ocrx_word' id='word_1_607' title='bbox 1161 2805 1283 2838; x_wconf 87' lang='lat' dir='ltr'><strong>debere</strong></span> <span class='ocrx_word' id='word_1_608' title='bbox 1304 2803 1449 2843; x_wconf 88' lang='lat' dir='ltr'><strong>humile,</strong></span> <span class='ocrx_word' id='word_1_609' title='bbox 1486 2802 1676 2846; x_wconf 87' lang='lat' dir='ltr'><strong>demissum,</strong></span> 
     </span>
     <span class='ocr_line' id='line_1_96' title="bbox 899 2848 1676 2894; baseline -0.003 -10"><span class='ocrx_word' id='word_1_610' title='bbox 899 2851 948 2883; x_wconf 83' lang='lat' dir='ltr'><strong>nil</strong></span> <span class='ocrx_word' id='word_1_611' title='bbox 981 2851 1045 2884; x_wconf 90' lang='lat' dir='ltr'><strong>nisi</strong></span> <span class='ocrx_word' id='word_1_612' title='bbox 1078 2851 1305 2894; x_wconf 84' lang='lat' dir='ltr'><strong>incorruptam</strong></span> <span class='ocrx_word' id='word_1_613' title='bbox 1336 2855 1489 2881; x_wconf 85' lang='lat' dir='ltr'><strong>naturam</strong></span> <span class='ocrx_word' id='word_1_614' title='bbox 1519 2848 1676 2893; x_wconf 81' lang='lat' dir='ltr'><strong>spirans).</strong></span> 
     </span>
     <span class='ocr_line' id='line_1_97' title="bbox 900 2894 1676 2941; baseline 0 -12"><span class='ocrx_word' id='word_1_615' title='bbox 900 2898 994 2938; x_wconf 87' lang='lat' dir='ltr'><strong>Quae</strong></span> <span class='ocrx_word' id='word_1_616' title='bbox 1017 2896 1152 2941; x_wconf 88' lang='lat' dir='ltr'><strong>quidem</strong></span> <span class='ocrx_word' id='word_1_617' title='bbox 1176 2894 1339 2939; x_wconf 89' lang='lat' dir='ltr'><strong>principia</strong></span> <span class='ocrx_word' id='word_1_618' title='bbox 1363 2906 1521 2938; x_wconf 88' lang='lat' dir='ltr'><strong>perverse</strong></span> <span class='ocrx_word' id='word_1_619' title='bbox 1547 2895 1676 2929; x_wconf 86' lang='lat' dir='ltr'><strong>intelli-</strong></span> 
     </span>
     <span class='ocr_line' id='line_1_98' title="bbox 897 2939 1676 2987; baseline 0 -12"><span class='ocrx_word' id='word_1_620' title='bbox 897 2943 1063 2987; x_wconf 86' lang='lat' dir='ltr'><strong>gebantur</strong></span> <span class='ocrx_word' id='word_1_621' title='bbox 1075 2943 1116 2975; x_wconf 90' lang='lat' dir='ltr'><strong>ab</strong></span> <span class='ocrx_word' id='word_1_622' title='bbox 1127 2939 1336 2982; x_wconf 87' lang='lat' dir='ltr'><strong>adversariis,</strong></span> <span class='ocrx_word' id='word_1_623' title='bbox 1353 2940 1409 2984; x_wconf 91' lang='lat' dir='ltr'><strong>qui</strong></span> <span class='ocrx_word' id='word_1_624' title='bbox 1422 2940 1630 2975; x_wconf 86' lang='lat' dir='ltr'><strong>ieiunitatem</strong></span> <span class='ocrx_word' id='word_1_625' title='bbox 1640 2951 1676 2975; x_wconf 90' lang='lat' dir='ltr'><strong>et</strong></span> 
     </span>
     <span class='ocr_line' id='line_1_99' title="bbox 896 2986 1674 3031; baseline 0 -10"><span class='ocrx_word' id='word_1_626' title='bbox 896 2988 1088 3022; x_wconf 80' lang='lat' dir='ltr'><strong>ariditatem</strong></span> <span class='ocrx_word' id='word_1_627' title='bbox 1121 2986 1311 3031; x_wconf 81' lang='lat' dir='ltr'><strong>quandam,</strong></span> <span class='ocrx_word' id='word_1_628' title='bbox 1353 2998 1487 3020; x_wconf 89' lang='lat' dir='ltr'><strong>omnem</strong></span> <span class='ocrx_word' id='word_1_629' title='bbox 1519 2995 1674 3022; x_wconf 88' lang='lat' dir='ltr'><strong>ornatum</strong></span> 
     </span>
    </p>
   </div>
  </div>
 </body>
</html>
