1859 3133
610 54 784 90 LIBER
807 55 833 88 1.
858 50 1006 95 25‚60.
1030 49 1088 87 61.
1598 45 1652 89 81

166 137 314 184 XXV.
354 145 426 182 60.
460 136 646 193 Quorsus
672 135 795 191 igitur
824 134 922 177 haee
952 140 1108 192 spectat
1138 133 1299 177 oratio?
1348 133 1465 191 Quae
1500 134 1554 177 sit
1585 135 1653 178 illa

50 214 116 258 vis
139 221 181 257 et
202 215 306 257 unde
328 214 406 267 sit,
448 211 747 267 intelligendum
770 217 881 266 puto·
941 208 1039 252 Non
1062 216 1126 252 est
1147 216 1258 272 certe
1282 223 1356 252 nec
1377 209 1533 263 cordis,
1576 224 1651 253 nee

51 267 233 342 cerebri,
275 303 350 331 nee
373 287 602 343 sanguinis,
647 299 721 327 nec
744 292 994 336 atomorumz,
1037 284 1170 326 anima
1189 284 1241 327 sit
1261 284 1442 341 ignisve,
1486 285 1650 339 neseio3

53 378 130 407 nee
150 378 213 406 me
237 364 378 421 pudet,
413 370 456 404 ut
478 362 603 414 istos,
638 359 753 402 fateri
779 359 960 412 nescire,
995 360 1096 415 quod
1123 360 1324 413 nesciam3
1358 360 1477 414 illud,
1517 361 1553 403 si
1575 361 1654 403 ulla

53 439 204 481 eliade
229 452 274 480 re
298 438 468 480 obscura
492 438 688 478 affirmare
711 448 893 492 possem,
940 433 1027 475 sive
1054 434 1210 487 anima,
1256 434 1343 477 sive
1365 435 1469 492 ignis
1493 435 1546 478 sit
1567 436 1653 478 ani·

54 528 170 566 mus,
204 527 294 556 eum
320 513 492 554 iurarem
519 524 610 553 esse
637 509 829 551 divinum.
894 506 999 563 Quid
1022 508 1157 551 enim?
1197 509 1365 552 obsecro
1390 517 1453 563 te,
1493 517 1654 553 terrane

53 588 123 631 tibi
158 588 232 631 hoc
259 588 450 631 nebuloso
481 594 520 628 et
547 585 764 641 caliginoso
791 584 902 626 caelo
935 590 1004 625 aut
1038 590 1152 635 sata,
1195 592 1263 625 aut
1285 592 1474 627 concreta
1496 586 1656 628 videtur

57 670 166 705 tanta
190 663 251 705 vis
274 662 517 704 memoriae?
549 659 618 713 Si,
652 660 742 716 quid
761 659 814 701 sit
833 659 930 711 hoe,
965 673 1046 700 non
1071 658 1210 710 vides3
1244 666 1310 710 at,
1345 661 1459 715 quale
1485 660 1561 713 sit,
1594 660 1656 703 vi-

56 738 151 791 des3
193 737 228 780 si
254 751 304 779 ne
328 737 368 778 id
395 737 579 793 quidem,
613 744 677 787 at,
712 742 900 791 quantum
927 733 1005 786 sit,
1047 734 1224 790 profecto
1250 733 1379 776 vides.
1442 741 1513 776 61.
1549 733 1655 790 Quid

54 812 206 869 igitur?
237 819 366 854 utrum
391 811 648 868 capacitatem
671 811 838 866 aliquam
863 809 903 851 in
928 810 1061 851 animo
1083 816 1266 866 putamus
1289 822 1378 850 esse
1394 841 1405 861 ‚
1439 824 1533 865 quo,
1567 817 1655 852 tan-

55 901 170 944 quam
191 887 231 929 in
255 887 412 943 aliquod
429 901 526 939 vas,
559 900 633 939 ea,
666 899 766 941 quae
790 885 1040 927 meminimus
1057 917 1068 937 ,
1100 884 1387 926 infundantur?
1422 883 1654 927 Absurdum

56 961 96 1004 id
128 962 299 1018 quidem.
364 959 444 1016 Qui
476 961 580 1003 enim
613 961 781 1013 fundus,
827 967 896 1002 aut
926 974 1026 1017 quae
1054 960 1144 1001 talis
1175 959 1295 1001 animi
1331 960 1454 1015 ligura
1487 959 1655 1016 intelligi

57 1037 217 1094 potest?
247 1044 315 1078 aut
340 1050 442 1091 quae
465 1043 576 1078 tanta
598 1036 759 1077 omnino
781 1035 1006 1092 capacitas?
1046 1034 1113 1077 An
1140 1034 1334 1090 imprimi,
1369 1034 1479 1090 quasi
1503 1048 1652 1088 ceram,

54 1111 228 1153 animum
265 1118 470 1168 putamus,
515 1118 555 1152 et
592 1124 682 1152 esse
718 1110 950 1152 memoriam
984 1109 1230 1164 signatarum
1272 1123 1405 1150 rerum
1443 1109 1482 1151 in
1520 1117 1654 1153 mente

57 1186 255 1241 vestigia?
287 1183 401 1240 Quae
422 1193 587 1241 possunt
605 1185 836 1237 verborum,

121 1288 319 1334 Hortensius]
344 1289 437 1321 Brut.
462 1300 490 1321 c.
505 1288 570 1322 83:
606 1288 833 1331 (Hortensius)

53 1335 216 1369 memoria
236 1343 340 1377 tanta,
361 1341 519 1379 quantam
539 1334 572 1367 in
591 1335 683 1368 nullo
705 1347 836 1379 cogno-

55 1381 142 1419 visse
164 1393 217 1414 me
238 1381 394 1421 arbitror,
421 1388 468 1421 ut,
495 1393 580 1425 quae
601 1394 715 1414 secum
739 1393 836 1414 com—

54 1434 221 1460 mentatus
254 1434 362 1466 esset,
399 1439 438 1460 ea
467 1427 539 1460 siue
566 1427 693 1471 scripto
726 1428 835 1460 verbis

55 1472 183 1506 eisdem
221 1472 399 1514 redderet,
447 1473 564 1518 quibus
607 1473 833 1518 cogitavisset.

55 1519 134 1552 Hoc
154 1518 348 1552 adiumento
383 1519 440 1551 ille
473 1527 570 1552 tanto
599 1519 647 1552 sic
668 1521 835 1560 utebatur,

55 1572 92 1598 ut
115 1577 173 1597 sua
202 1572 236 1597 et
263 1572 509 1608 commentata,
549 1573 582 1598 et
605 1566 750 1610 scripta,
789 1574 833 1605 et,

53 1611 147 1644 nullo
183 1610 372 1650 referente,
421 1612 532 1645 omnia
568 1611 835 1645 adversariorum

57 1656 149 1689 dicta
178 1657 393 1690 meminisset.
446 1659 496 1690 Cf.
527 1660 645 1691 Senec.
673 1659 834 1691 Controv.

53 1703 209 1737 Prooem.
233 1703 393 1744 Quinctil.
411 1705 459 1737 X.
479 1703 520 1742 6,
547 1702 579 1738 4.
623 1705 686 1738 XI.
709 1708 751 1744 2,
776 1704 832 1738 ⁴24.

126 1765 207 1798 ΟΜ).
225 1767 340 1799 XXV.
375 1765 432 1801 60.
482 1768 638 1811 Quorsus]
665 1767 754 1807 Quid
777 1768 835 1800 Ci-

55 1823 131 1846 cero
155 1811 198 1844 de
219 1812 408 1846 animorum
430 1821 547 1846 natura
573 1814 735 1849 senserit.
774 1826 835 1846 ex-

53 1858 223 1903 posuimus
245 1858 280 1891 in
303 1859 390 1892 libro
413 1858 447 1891 d.
469 1861 508 1892 de
530 1861 594 1894 Cic.
615 1863 649 1894 in
669 1862 748 1902 phil.
771 1871 835 1893 me-

54 1907 107 1939 rie.
129 1916 163 1949 p.
177 1906 244 1938 210
256 1924 300 1930 -—
313 1903 392 1938 214.

124 1978 204 2011 quae
225 1969 265 2000 sit
285 1970 343 2000 illa
364 1969 428 2011 vis]
456 1979 549 2008 „non
574 1968 755 2001 memoriae
776 1980 836 2000 so-

54 2012 142 2053 lum,
189 2013 250 2046 sed
283 2013 388 2045 totius
421 2014 543 2046 mentis
588 2022 689 2058 atque
723 2014 836 2046 animi.

54 2059 142 2092 Nam
177 2058 285 2092 oratio
317 2071 335 2090 a
365 2066 460 2102 parte
490 2059 533 2091 ad
558 2066 667 2092 totum
692 2059 835 2092 descen-

54 2104 141 2138 dit.“
164 2124 211 2130 —-
233 2106 469 2146 intelliyendum
493 2109 571 2147 pulo
595 2105 668 2138 scil.
702 2118 743 2138 ex
773 2106 837 2139 hac

59 2150 224 2184 oratione.

125 2211 159 2239 ut
181 2208 270 2249 istos]
307 2206 384 2239 scil.
406 2207 531 2251 pudet,
567 2208 643 2253 qui,
681 2208 761 2253 quid
792 2209 835 2241 sit

55 2252 205 2290 animus,
230 2252 417 2296 intelligere
441 2266 478 2286 se
505 2253 632 2287 dicunt.
680 2255 732 2287 Ad
755 2267 833 2288 ver-

57 2299 136 2332 bum
157 2301 274 2332 nescire
293 2299 412 2343 supple
432 2310 491 2332 me.
521 2315 523 2317 ·
549 2301 753 2334 Pronomina
774 2312 835 2343 me,

54 2349 96 2386 te,
119 2355 162 2386 se,
186 2355 268 2386 eum,
293 2355 354 2386 eos,
380 2357 481 2389 quum
498 2358 568 2379 non
587 2359 707 2391 magna
729 2360 835 2392 quae—

56 2390 134 2423 dam
163 2390 212 2423 vis
246 2391 279 2422 in
313 2390 352 2422 iis
376 2391 486 2435 posita
507 2401 578 2433 est,
615 2394 649 2425 in
677 2402 835 2426 constru—

57 2437 171 2470 ctione
203 2448 288 2480 quae
319 2436 442 2469 dicitur
474 2439 664 2472 Accusativi
696 2452 723 2472 e.
758 2440 834 2478 Ins„

57 2494 169 2527 saepe,
191 2482 354 2526 imprimis
371 2496 389 2515 a
405 2485 603 2527 posterioris
620 2485 739 2517 aetatis
755 2485 836 2518 scri-

58 2527 232 2573 ptoribus,
258 2528 378 2561 omissa
403 2542 496 2568 esse,
523 2531 558 2563 in
581 2532 698 2575 vulgus
717 2539 836 2564 notum

58 2580 120 2607 est.
177 2575 218 2607 V.
244 2576 385 2609 Kizhner.
407 2576 446 2608 L.
472 2576 531 2610 Gr.
557 2579 677 2623 §.1202
704 2579 785 2610 Not.
802 2578 834 2610 4.

58 2630 93 2665 p.
108 2619 186 2654 291.
207 2620 259 2652 ed.
273 2623 304 2654 2.
364 2625 393 2654 A
419 2622 578 2655 Cicerone
602 2623 686 2656 haec
707 2634 834 2667 prono·

59 2665 183 2698 minum
205 2666 338 2699 omissio
361 2680 427 2699 non
451 2668 550 2700 facile
573 2668 716 2702 admissa
739 2670 836 2702 vide-

60 2715 134 2750 tur.
171 2711 233 2744 nisi
260 2712 315 2744 ubi
336 2712 516 2746 infinitivus
539 2715 665 2758 pendet
686 2727 704 2747 a
726 2716 836 2748 verbis

61 2756 204 2798 dicendi,
238 2759 380 2800 fatendi,
415 2762 636 2801 existimandi,
671 2764 837 2803 opinandi,

60 2803 218 2843 περαπάἰ,
250 2803 422 2837 similibus.
480 2807 575 2838 Infra
607 2808 649 2839 ll.
674 2808 735 2847 17,
770 2806 834 2841 40:

63 2847 178 2890 Iovem
200 2849 390 2893 Olympium
404 2876 412 2891 ,
449 2863 526 2884 eum
546 2852 654 2896 ipsum
668 2878 678 2891 ,
716 2853 768 2885 cui
802 2865 837 2885 se

55 2892 251 2936 exercebit,
284 2894 496 2939 implorabit,
535 2900 616 2939 [erre
652 2910 715 2931 non
746 2910 838 2940 posse

62 2938 224 2971 clamabit.
276 2941 353 2974 Hoc
375 2942 509 2987 quidem
530 2943 608 2976 loco
629 2945 839 2989 pronominis

870 1198 968 1241 quae
993 1198 1126 1226 rerum
1147 1184 1319 1241 ipsarum
1342 1197 1432 1226 esse
1454 1186 1655 1242 vestigia?

871 1298 920 1321 me
954 1287 1090 1320 omissio
1121 1299 1162 1320 eo
1192 1287 1300 1320 minus
1331 1295 1443 1332 potest
1467 1288 1653 1331 offendere,

872 1334 963 1380 quod
985 1333 1158 1378 praecedit
1179 1344 1228 1366 me
1246 1336 1354 1374 pudet.

940 1383 1005 1413 sive
1029 1383 1162 1421 anima,
1185 1383 1250 1413 sive
1276 1383 1358 1421 iynis
1378 1382 1432 1421 sit]
1470 1381 1656 1415 particulae

871 1430 936 1461 sive
960 1446 1006 1451 —
1029 1430 1116 1467 sive,
1154 1438 1239 1470 quae
1270 1438 1342 1459 cum
1366 1426 1550 1460 indicativo
1576 1427 1655 1460 iun-

871 1480 1014 1517 guntur,
1050 1471 1081 1504 h.
1107 1472 1130 1506 l.
1155 1472 1199 1504 ob
1223 1472 1452 1505 coni-uictimis
1473 1484 1596 1514 possem
1619 1480 1654 1506 et

871 1523 1011 1552 iurarem
1033 1530 1107 1551 cum
1131 1518 1347 1551 coniunctis-0
1369 1519 1544 1562 copulatae
1564 1527 1654 1553 sunt.

870 1568 928 1598 ΙΙΙ.
943 1566 974 1604 (j,
1002 1567 1059 1598 12:
1086 1576 1200 1597 sensus
1220 1567 1316 1605 adsit,
1340 1568 1405 1598 sive
1424 1570 1543 1599 secetur
1562 1566 1652 1610 quid,

869 1615 934 1645 site
956 1614 1115 1644 avellatur
1135 1623 1154 1643 a
1177 1622 1332 1654 corpore.
1381 1611 1436 1643 Sic
1458 1612 1501 1643 ob
1522 1612 1655 1644 oratio-

870 1670 946 1693 uem
971 1657 1139 1701 obliquam
1165 1659 1188 1689 Ι.
1208 1658 1266 1695 17,
1294 1656 1348 1690 40.
1372 1656 1436 1695 43.
1467 1656 1539 1690 104.
1591 1659 1651 1690 Ill.

874 1705 924 1742 15,
944 1706 999 1737 δέ.
1027 1705 1066 1737 V.
1087 1715 1147 1736 nos
1166 1703 1199 1735 in
1224 1703 1282 1735 Gr.
1301 1703 1338 1735 L.
1362 1705 1390 1747 ᾗ.
1410 1701 1482 1736 154.
1506 1704 1652 1737 Noezo.

871 1762 903 1794 p.
920 1751 999 1784 4223.
1024 1749 1076 1781 ed.
1095 1753 1125 1781 ζ’.
1151 1756 1183 1781 et
1207 1751 1236 1794 §.
1258 1746 1367 1786 l-lOb,
1393 1747 1427 1788 b)
1454 1749 1498 1790 c).
1549 1750 1650 1782 Cete-

870 1807 942 1828 rum
974 1807 1036 1839 pro
1059 1798 1097 1827 sil
1122 1795 1154 1827 h.
1180 1794 1202 1826 l.
1241 1793 1283 1825 ob
1304 1793 1504 1837 imperfecta
1525 1805 1652 1836 possem

872 1849 904 1874 et
926 1845 1066 1873 iurarem
1087 1853 1125 1871 ex
1146 1841 1196 1878 iis,
1224 1850 1307 1883 quae
1326 1850 1425 1883 supra
1447 1840 1489 1872 ad
1512 1852 1539 1873 c.
1553 1842 1586 1883 ὁ,
1609 1840 1649 1874 9:

870 1889 982 1928 quibus
1002 1888 1199 1918 moriendum
1219 1889 1327 1918 esset
1345 1886 1567 1929 exposuimus,
1594 1899 1651 1918 ex·

872 1939 1004 1976 spectes
1027 1936 1122 1972 essel,·
1159 1944 1235 1963 nam
1260 1930 1444 1964 enuntiatio
1466 1935 1555 1973 „sive
1579 1936 1651 1966 ani-

871 1989 948 2019 ma,
985 1980 1050 2011 sice
1070 1981 1153 2019 iynis
1175 1981 1214 2010 sit
1235 1980 1386 2010 animus“
1410 1985 1502 2010 aucte
1525 1978 1652 2010 cohae-

873 2031 925 2057 ret
960 2035 1034 2056 cum
1066 2023 1208 2067 periodo
1239 2022 1470 2056 conditionali.
1529 2024 1602 2057 Fin.
1624 2026 1650 2058 Ι.

872 2070 912 2110 7,
938 2071 992 2103 25.
1020 2069 1113 2102 locus
1138 2070 1260 2113 legitur
1293 2069 1336 2100 ad
1359 2077 1560 2102 structuram
1583 2082 1651 2104 no-

870 2123 940 2149 stro
974 2116 1171 2148 consimilis:
1219 2116 1331 2155 „Nam
1364 2118 1391 2147 si
1423 2118 1651 2159 concederetur,

871 2162 972 2195 etiam
1000 2165 1028 2194 si
1058 2162 1101 2195 ad
1124 2173 1244 2206 corpus
1271 2161 1354 2194 nihil
1378 2164 1553 2203 referatur,
1588 2162 1651 2196 ista

870 2221 928 2242 sua
950 2215 1072 2252 sponte
1096 2215 1130 2241 et
1151 2221 1211 2252 per
1235 2219 1270 2240 se
1294 2219 1366 2240 esse
1388 2207 1554 2248 iucunda,
1591 2220 1652 2253 per

869 2267 904 2287 se
934 2259 1012 2288 esset
1043 2261 1077 2287 et
1101 2254 1205 2287 virtus
1237 2261 1270 2287 et
1295 2253 1444 2297 cognitio
1471 2266 1583 2287 rerum
1606 2274 1653 2280 —

870 2300 1096 2345 expetenda.“

939 2347 994 2380 o'l.
1021 2349 1196 2379 absurdum
1217 2348 1251 2378 id
1273 2345 1415 2390 quidem]
1441 2347 1547 2389 Supra
1571 2358 1598 2378 c.
1615 2345 1650 2385 8,

873 2393 933 2428 17ε
959 2393 1138 2437 superbum
1160 2392 1196 2424 id
1218 2392 1352 2436 quidem
1375 2399 1434 2424 est.
1486 2392 1528 2423 N.
1551 2392 1590 2424 D.
1607 2393 1649 2431 H,

870 2439 932 2472 53:
957 2443 1001 2471 At
1017 2439 1051 2471 id
1065 2439 1200 2484 quidem
1216 2438 1396 2471 absurdum
1415 2444 1476 2470 est.
1502 2438 1558 2475 ΙΙΙ,
1585 2436 1625 2470 17
1641 2448 1648 2468 :

871 2488 915 2517 At
941 2485 974 2517 id
999 2485 1134 2530 quidem
1159 2484 1414 2529 repudiandum.
1462 2484 1504 2515 V.
1530 2482 1651 2514 Adno—

870 2538 941 2563 tata
968 2539 1084 2563 nostra
1114 2531 1150 2564 in
1174 2533 1218 2564 ΙΙ.
1242 2531 1305 2572 13,
1331 2530 1396 2564 30:
1432 2531 1557 2572 Optare
1593 2529 1650 2561 hoe

869 2579 996 2618 quidem
1021 2585 1081 2611 est.

939 2626 1101 2664 imprimi,
1134 2626 1227 2665 quasi
1247 2631 1370 2662 ceram,
1403 2618 1560 2663 animum]
1596 2617 1649 2670 A·d

871 2670 965 2702 Fam.
981 2671 1030 2708 V,
1056 2672 1113 2703 20.
1134 2676 1212 2712 post
1229 2668 1337 2700 med.:
1366 2668 1454 2705 Quae
1474 2676 1572 2708 quum
1594 2677 1646 2696 vi-

871 2715 985 2748 derem
1018 2719 1060 2748 lot
1082 2718 1220 2756 vestigiis
1243 2717 1395 2754 impressa
1408 2735 1418 2751 ,
1453 2721 1516 2754 pro
1537 2713 1650 2751 quibus

870 2766 911 2794 tot
928 2764 1061 2803 vestigia
1077 2764 1242 2802 impressa.
1291 2756 1378 2790 Alibi
1398 2755 1488 2807 apud
1511 2755 1649 2789 Cicero·

871 2819 948 2839 nem
975 2807 1060 2839 haec
1082 2813 1248 2839 structura
1277 2814 1345 2835 non
1369 2808 1554 2845 reperitur,
1587 2803 1649 2835 sed

872 2853 1003 2897 saepius
1031 2853 1064 2886 in
1096 2852 1200 2884 verbo
1228 2850 1376 2888 inscribi,
1415 2847 1464 2878 uti
1491 2848 1587 2881 Verr.
1604 2850 1648 2881 ΙΙ.

872 2898 939 2938 69,
966 2899 1050 2935 167:
1084 2904 1238 2938 statuae,
1271 2903 1352 2936 quas
1371 2900 1410 2926 tu
1430 2896 1558 2928 inscribi
1578 2894 1650 2929 ius-

872 2952 956 2979 sxstl.

1293 2990 1320 3026 6
