<?xml version="1.0" encoding="UTF-8"?>
<!DOCTYPE html PUBLIC "-//W3C//DTD XHTML 1.0 Transitional//EN"
    "http://www.w3.org/TR/xhtml1/DTD/xhtml1-transitional.dtd">
<html xmlns="http://www.w3.org/1999/xhtml" xml:lang="en" lang="en">
 <head>
  <title>
</title>
<meta http-equiv="Content-Type" content="text/html;charset=utf-8" />
  <meta name='ocr-system' content='tesseract 3.04.00' />
  <meta name='ocr-capabilities' content='ocr_page ocr_carea ocr_par ocr_line ocrx_word'/>
</head>
<body>
  <div class='ocr_page' id='page_1' title='image "./tusculanarumdi00ciceuoft_0306.png"; bbox 0 0 1843 3101; ppageno 0'>
   <div class='ocr_carea' id='block_1_1' title="bbox 147 26 232 70">
    <p class='ocr_par' dir='ltr' id='par_1_1' title="bbox 147 26 232 70">
     <span class='ocr_line' id='line_1_1' title="bbox 147 26 232 70; baseline -0.012 0"><span class='ocrx_word' id='word_1_1' title='bbox 147 26 232 70; x_wconf 77' lang='lat'><strong>296</strong></span> 
     </span>
    </p>
   </div>
   <div class='ocr_carea' id='block_1_2' title="bbox 151 113 1737 403">
    <p class='ocr_par' dir='ltr' id='par_1_2' title="bbox 151 113 1737 403">
     <span class='ocr_line' id='line_1_2' title="bbox 152 113 1734 172; baseline 0.001 -14"><span class='ocrx_word' id='word_1_2' title='bbox 152 116 310 170; x_wconf 88' lang='lat' dir='ltr'><strong>nitatis,</strong></span> <span class='ocrx_word' id='word_1_3' title='bbox 352 116 447 159; x_wconf 89' lang='lat' dir='ltr'><strong>salis</strong></span> <span class='ocrx_word' id='word_1_4' title='bbox 462 148 473 169; x_wconf 86' lang='lat'><strong><em>‚</em></strong></span> <span class='ocrx_word' id='word_1_5' title='bbox 516 115 748 168; x_wconf 80' lang='lat' dir='ltr'><strong>suavitatis,</strong></span> <span class='ocrx_word' id='word_1_6' title='bbox 789 116 952 172; x_wconf 91' lang='lat' dir='ltr'><strong>leporis.</strong></span> <span class='ocrx_word' id='word_1_7' title='bbox 1012 113 1214 158; x_wconf 84' lang='lat' dir='ltr'><strong>Beatusne</strong></span> <span class='ocrx_word' id='word_1_8' title='bbox 1233 115 1379 172; x_wconf 83' lang='lat' dir='ltr'><strong>igitur,</strong></span> <span class='ocrx_word' id='word_1_9' title='bbox 1423 115 1490 172; x_wconf 91' lang='lat' dir='ltr'><strong>qui</strong></span> <span class='ocrx_word' id='word_1_10' title='bbox 1513 115 1586 158; x_wconf 90' lang='lat' dir='ltr'><strong>hos</strong></span> <span class='ocrx_word' id='word_1_11' title='bbox 1609 117 1734 160; x_wconf 87' lang='lat' dir='ltr'><strong>inter-</strong></span> 
     </span>
     <span class='ocr_line' id='line_1_3' title="bbox 153 190 1735 246; baseline 0.001 -13"><span class='ocrx_word' id='word_1_12' title='bbox 153 191 275 233; x_wconf 80' lang='lat' dir='ltr'><strong>fecit?</strong></span> <span class='ocrx_word' id='word_1_13' title='bbox 312 190 414 233; x_wconf 86' lang='lat' dir='ltr'><strong>Mihi</strong></span> <span class='ocrx_word' id='word_1_14' title='bbox 437 199 576 233; x_wconf 87' lang='lat' dir='ltr'><strong>contra</strong></span> <span class='ocrx_word' id='word_1_15' title='bbox 599 205 677 232; x_wconf 90' lang='lat' dir='ltr'><strong>non</strong></span> <span class='ocrx_word' id='word_1_16' title='bbox 698 190 825 232; x_wconf 91' lang='lat' dir='ltr'><strong>solum</strong></span> <span class='ocrx_word' id='word_1_17' title='bbox 852 204 899 232; x_wconf 94' lang='lat' dir='ltr'><strong>eo</strong></span> <span class='ocrx_word' id='word_1_18' title='bbox 922 190 1080 231; x_wconf 83' lang='lat' dir='ltr'><strong>videtur</strong></span> <span class='ocrx_word' id='word_1_19' title='bbox 1102 190 1247 242; x_wconf 88' lang='lat' dir='ltr'><strong>miser,</strong></span> <span class='ocrx_word' id='word_1_20' title='bbox 1291 190 1394 246; x_wconf 90' lang='lat' dir='ltr'><strong>quod</strong></span> <span class='ocrx_word' id='word_1_21' title='bbox 1421 203 1470 232; x_wconf 88' lang='lat' dir='ltr'><strong>ea</strong></span> <span class='ocrx_word' id='word_1_22' title='bbox 1500 191 1618 244; x_wconf 80' lang='lat' dir='ltr'><strong>fecit,</strong></span> <span class='ocrx_word' id='word_1_23' title='bbox 1663 193 1735 234; x_wconf 90' lang='lat' dir='ltr'><strong>sed</strong></span> 
     </span>
     <span class='ocr_line' id='line_1_4' title="bbox 152 264 1736 322; baseline 0 -15"><span class='ocrx_word' id='word_1_24' title='bbox 152 266 269 308; x_wconf 91' lang='lat' dir='ltr'><strong>etiam</strong></span> <span class='ocrx_word' id='word_1_25' title='bbox 292 267 393 321; x_wconf 91' lang='lat' dir='ltr'><strong>quod</strong></span> <span class='ocrx_word' id='word_1_26' title='bbox 413 267 468 307; x_wconf 84' lang='lat' dir='ltr'><strong>ita</strong></span> <span class='ocrx_word' id='word_1_27' title='bbox 488 279 532 307; x_wconf 91' lang='lat' dir='ltr'><strong>se</strong></span> <span class='ocrx_word' id='word_1_28' title='bbox 553 265 702 321; x_wconf 81' lang='lat' dir='ltr'><strong>gessit,</strong></span> <span class='ocrx_word' id='word_1_29' title='bbox 735 272 778 306; x_wconf 94' lang='lat' dir='ltr'><strong>ut</strong></span> <span class='ocrx_word' id='word_1_30' title='bbox 795 278 841 306; x_wconf 85' lang='lat' dir='ltr'><strong>ea</strong></span> <span class='ocrx_word' id='word_1_31' title='bbox 865 266 998 306; x_wconf 82' lang='lat' dir='ltr'><strong>facere</strong></span> <span class='ocrx_word' id='word_1_32' title='bbox 1020 265 1055 306; x_wconf 88' lang='lat' dir='ltr'><strong>ei</strong></span> <span class='ocrx_word' id='word_1_33' title='bbox 1074 265 1229 306; x_wconf 90' lang='lat' dir='ltr'><strong>liceret.</strong></span> <span class='ocrx_word' id='word_1_34' title='bbox 1290 264 1380 307; x_wconf 89' lang='lat' dir='ltr'><strong>Etsi</strong></span> <span class='ocrx_word' id='word_1_35' title='bbox 1399 279 1565 322; x_wconf 90' lang='lat' dir='ltr'><strong>peccare</strong></span> <span class='ocrx_word' id='word_1_36' title='bbox 1586 265 1736 308; x_wconf 89' lang='lat' dir='ltr'><strong>nemini</strong></span> 
     </span>
     <span class='ocr_line' id='line_1_5' title="bbox 151 338 1737 403; baseline 0 -21"><span class='ocrx_word' id='word_1_37' title='bbox 151 340 266 392; x_wconf 82' lang='lat' dir='ltr'><strong>licet3</strong></span> <span class='ocrx_word' id='word_1_38' title='bbox 299 340 368 381; x_wconf 93' lang='lat' dir='ltr'><strong>sed</strong></span> <span class='ocrx_word' id='word_1_39' title='bbox 390 340 587 382; x_wconf 88' lang='lat' dir='ltr'><strong>sermonis</strong></span> <span class='ocrx_word' id='word_1_40' title='bbox 604 353 742 380; x_wconf 87' lang='lat' dir='ltr'><strong>errore</strong></span> <span class='ocrx_word' id='word_1_41' title='bbox 760 339 949 392; x_wconf 81' lang='lat' dir='ltr'><strong>labimur3</strong></span> <span class='ocrx_word' id='word_1_42' title='bbox 983 338 1019 380; x_wconf 88' lang='lat' dir='ltr'><strong>id</strong></span> <span class='ocrx_word' id='word_1_43' title='bbox 1043 339 1147 381; x_wconf 91' lang='lat' dir='ltr'><strong>enim</strong></span> <span class='ocrx_word' id='word_1_44' title='bbox 1170 339 1296 403; x_wconf 67' lang='lat' dir='ltr'><strong>licere</strong></span> <span class='ocrx_word' id='word_1_45' title='bbox 1315 341 1495 392; x_wconf 84' lang='lat' dir='ltr'><strong>dicimus,</strong></span> <span class='ocrx_word' id='word_1_46' title='bbox 1527 341 1631 396; x_wconf 91' lang='lat' dir='ltr'><strong>quod</strong></span> <span class='ocrx_word' id='word_1_47' title='bbox 1653 340 1737 382; x_wconf 90' lang='lat' dir='ltr'><strong>cui-</strong></span> 
     </span>
    </p>
   </div>
   <div class='ocr_carea' id='block_1_3' title="bbox 654 32 1226 78">
    <p class='ocr_par' dir='ltr' id='par_1_3' title="bbox 654 32 1226 78">
     <span class='ocr_line' id='line_1_6' title="bbox 654 32 1226 78; baseline 0.002 -10"><span class='ocrx_word' id='word_1_48' title='bbox 654 35 823 69; x_wconf 74' lang='lat' dir='ltr'>LIBER</span> <span class='ocrx_word' id='word_1_49' title='bbox 847 36 888 70; x_wconf 89' lang='lat' dir='ltr'><strong>v.</strong></span> <span class='ocrx_word' id='word_1_50' title='bbox 916 33 976 78; x_wconf 88' lang='lat'><strong>19,</strong></span> <span class='ocrx_word' id='word_1_51' title='bbox 1000 32 1057 69; x_wconf 80' lang='lat'><strong>56.</strong></span> <span class='ocrx_word' id='word_1_52' title='bbox 1079 34 1145 78; x_wconf 83' lang='lat'><strong>20,</strong></span> <span class='ocrx_word' id='word_1_53' title='bbox 1169 34 1226 70; x_wconf 85' lang='lat'><strong>57.</strong></span> 
     </span>
    </p>
   </div>
   <div class='ocr_carea' id='block_1_4' title="bbox 151 411 1737 470">
    <p class='ocr_par' dir='ltr' id='par_1_4' title="bbox 151 411 1737 470">
     <span class='ocr_line' id='line_1_7' title="bbox 151 411 1737 470; baseline 0.001 -15"><span class='ocrx_word' id='word_1_54' title='bbox 151 428 226 470; x_wconf 91' lang='lat' dir='ltr'><strong>que</strong></span> <span class='ocrx_word' id='word_1_55' title='bbox 260 415 504 456; x_wconf 82' lang='lat' dir='ltr'><strong>conceditur.</strong></span> <span class='ocrx_word' id='word_1_56' title='bbox 576 419 647 455; x_wconf 88' lang='grc'><strong>56.</strong></span> <span class='ocrx_word' id='word_1_57' title='bbox 680 412 823 456; x_wconf 81' lang='lat' dir='ltr'><strong>Utrum</strong></span> <span class='ocrx_word' id='word_1_58' title='bbox 847 414 1004 455; x_wconf 89' lang='lat' dir='ltr'><strong>tandem</strong></span> <span class='ocrx_word' id='word_1_59' title='bbox 1029 413 1184 455; x_wconf 83' lang='lat' dir='ltr'><strong>beatior</strong></span> <span class='ocrx_word' id='word_1_60' title='bbox 1209 411 1260 455; x_wconf 85' lang='lat' dir='ltr'><strong>C.</strong></span> <span class='ocrx_word' id='word_1_61' title='bbox 1285 412 1441 456; x_wconf 84' lang='lat' dir='ltr'><strong>Marius</strong></span> <span class='ocrx_word' id='word_1_62' title='bbox 1467 422 1547 456; x_wconf 89' lang='lat' dir='ltr'><strong>tum</strong></span> <span class='ocrx_word' id='word_1_63' title='bbox 1563 447 1574 468; x_wconf 94' lang='lat'><strong>‚</strong></span> <span class='ocrx_word' id='word_1_64' title='bbox 1619 430 1737 470; x_wconf 92' lang='lat' dir='ltr'><strong>quum</strong></span> 
     </span>
    </p>
   </div>
   <div class='ocr_carea' id='block_1_5' title="bbox 151 486 1740 1438">
    <p class='ocr_par' dir='ltr' id='par_1_5' title="bbox 151 486 1740 1136">
     <span class='ocr_line' id='line_1_8' title="bbox 151 486 1738 546; baseline 0.002 -17"><span class='ocrx_word' id='word_1_65' title='bbox 151 486 375 530; x_wconf 83' lang='lat' dir='ltr'><strong>Cimbricae</strong></span> <span class='ocrx_word' id='word_1_66' title='bbox 398 489 591 531; x_wconf 86' lang='lat' dir='ltr'><strong>victoriae</strong></span> <span class='ocrx_word' id='word_1_67' title='bbox 616 489 780 544; x_wconf 80' lang='lat' dir='ltr'><strong>gloriam</strong></span> <span class='ocrx_word' id='word_1_68' title='bbox 803 504 890 530; x_wconf 86' lang='lat' dir='ltr'><strong>cum</strong></span> <span class='ocrx_word' id='word_1_69' title='bbox 914 489 1066 544; x_wconf 80' lang='lat' dir='ltr'><strong>collega</strong></span> <span class='ocrx_word' id='word_1_70' title='bbox 1087 486 1230 530; x_wconf 86' lang='lat' dir='ltr'><strong>Catulo</strong></span> <span class='ocrx_word' id='word_1_71' title='bbox 1254 489 1574 542; x_wconf 84' lang='lat' dir='ltr'><strong>communicavit,</strong></span> <span class='ocrx_word' id='word_1_72' title='bbox 1610 503 1738 546; x_wconf 79' lang='lat' dir='ltr'><strong>paene</strong></span> 
     </span>
     <span class='ocr_line' id='line_1_9' title="bbox 151 561 1737 619; baseline 0.003 -17"><span class='ocrx_word' id='word_1_73' title='bbox 151 562 276 603; x_wconf 87' lang='lat' dir='ltr'><strong>altero</strong></span> <span class='ocrx_word' id='word_1_74' title='bbox 298 561 440 605; x_wconf 89' lang='lat' dir='ltr'><strong>Laelio</strong></span> <span class='ocrx_word' id='word_1_75' title='bbox 455 596 466 616; x_wconf 87' lang='lat'><strong><em>‚</em></strong></span> <span class='ocrx_word' id='word_1_76' title='bbox 511 564 618 619; x_wconf 90' lang='lat' dir='ltr'><strong>(uam</strong></span> <span class='ocrx_word' id='word_1_77' title='bbox 648 563 749 604; x_wconf 89' lang='lat' dir='ltr'><strong>bunc</strong></span> <span class='ocrx_word' id='word_1_78' title='bbox 771 563 824 603; x_wconf 88' lang='lat' dir='ltr'><strong>illi</strong></span> <span class='ocrx_word' id='word_1_79' title='bbox 862 564 961 605; x_wconf 90' lang='lat' dir='ltr'><strong>duco</strong></span> <span class='ocrx_word' id='word_1_80' title='bbox 984 563 1259 618; x_wconf 86' lang='lat' dir='ltr'><strong>simillimum‚)</strong></span> <span class='ocrx_word' id='word_1_81' title='bbox 1290 577 1341 605; x_wconf 85' lang='lat' dir='ltr'><strong>an</strong></span> <span class='ocrx_word' id='word_1_82' title='bbox 1365 578 1483 619; x_wconf 90' lang='lat' dir='ltr'><strong>quum</strong></span> <span class='ocrx_word' id='word_1_83' title='bbox 1506 564 1613 606; x_wconf 87' lang='lat' dir='ltr'><strong>civili</strong></span> <span class='ocrx_word' id='word_1_84' title='bbox 1632 564 1737 607; x_wconf 88' lang='lat' dir='ltr'><strong>bello</strong></span> 
     </span>
     <span class='ocr_line' id='line_1_10' title="bbox 152 635 1739 694; baseline 0.002 -16"><span class='ocrx_word' id='word_1_85' title='bbox 152 636 279 678; x_wconf 86' lang='lat' dir='ltr'><strong>victor</strong></span> <span class='ocrx_word' id='word_1_86' title='bbox 300 637 426 680; x_wconf 90' lang='lat' dir='ltr'><strong>iratus</strong></span> <span class='ocrx_word' id='word_1_87' title='bbox 443 638 682 679; x_wconf 85' lang='lat' dir='ltr'><strong>necessariis</strong></span> <span class='ocrx_word' id='word_1_88' title='bbox 702 635 833 679; x_wconf 83' lang='lat' dir='ltr'><strong>Catuli</strong></span> <span class='ocrx_word' id='word_1_89' title='bbox 852 637 1155 694; x_wconf 81' lang='lat' dir='ltr'><strong>deprecantibus</strong></span> <span class='ocrx_word' id='word_1_90' title='bbox 1174 652 1252 679; x_wconf 93' lang='lat' dir='ltr'><strong>non</strong></span> <span class='ocrx_word' id='word_1_91' title='bbox 1275 638 1399 679; x_wconf 89' lang='lat' dir='ltr'><strong>semel</strong></span> <span class='ocrx_word' id='word_1_92' title='bbox 1420 638 1639 694; x_wconf 85' lang='lat' dir='ltr'><strong>respondit,</strong></span> <span class='ocrx_word' id='word_1_93' title='bbox 1666 639 1739 681; x_wconf 88' lang='lat' dir='ltr'><strong>scd</strong></span> 
     </span>
     <span class='ocr_line' id='line_1_11' title="bbox 151 710 1737 769; baseline 0.002 -18"><span class='ocrx_word' id='word_1_94' title='bbox 151 723 298 767; x_wconf 84' lang='lat' dir='ltr'><strong>saepe:</strong></span> <span class='ocrx_word' id='word_1_95' title='bbox 336 713 599 754; x_wconf 75' lang='lat' dir='ltr'><strong>Moriatur?</strong></span> <span class='ocrx_word' id='word_1_96' title='bbox 629 710 674 753; x_wconf 93' lang='lat' dir='ltr'><strong>In</strong></span> <span class='ocrx_word' id='word_1_97' title='bbox 697 726 773 768; x_wconf 92' lang='lat' dir='ltr'><strong>quo</strong></span> <span class='ocrx_word' id='word_1_98' title='bbox 796 712 949 754; x_wconf 87' lang='lat' dir='ltr'><strong>beatior</strong></span> <span class='ocrx_word' id='word_1_99' title='bbox 971 713 1053 765; x_wconf 88' lang='lat' dir='ltr'><strong>ille,</strong></span> <span class='ocrx_word' id='word_1_100' title='bbox 1087 713 1151 768; x_wconf 90' lang='lat' dir='ltr'><strong>qui</strong></span> <span class='ocrx_word' id='word_1_101' title='bbox 1173 712 1263 753; x_wconf 90' lang='lat' dir='ltr'><strong>huic</strong></span> <span class='ocrx_word' id='word_1_102' title='bbox 1285 712 1461 754; x_wconf 80' lang='lat' dir='ltr'><strong>nefariae</strong></span> <span class='ocrx_word' id='word_1_103' title='bbox 1482 712 1573 754; x_wconf 87' lang='lat' dir='ltr'><strong>voci</strong></span> <span class='ocrx_word' id='word_1_104' title='bbox 1590 712 1737 769; x_wconf 84' lang='lat' dir='ltr'><strong>paruit,</strong></span> 
     </span>
     <span class='ocr_line' id='line_1_12' title="bbox 152 785 1740 843; baseline 0.002 -17"><span class='ocrx_word' id='word_1_105' title='bbox 152 799 266 840; x_wconf 91' lang='lat' dir='ltr'><strong>quam</strong></span> <span class='ocrx_word' id='word_1_106' title='bbox 292 786 324 828; x_wconf 91' lang='lat' dir='ltr'><strong>is</strong></span> <span class='ocrx_word' id='word_1_107' title='bbox 341 819 352 840; x_wconf 90' lang='lat'>,</span> <span class='ocrx_word' id='word_1_108' title='bbox 394 787 459 843; x_wconf 91' lang='lat' dir='ltr'><strong>qui</strong></span> <span class='ocrx_word' id='word_1_109' title='bbox 491 795 568 828; x_wconf 90' lang='lat' dir='ltr'><strong>tam</strong></span> <span class='ocrx_word' id='word_1_110' title='bbox 593 787 786 828; x_wconf 88' lang='lat' dir='ltr'><strong>scelerate</strong></span> <span class='ocrx_word' id='word_1_111' title='bbox 811 787 1035 843; x_wconf 82' lang='lat' dir='ltr'><strong>imperavit.</strong></span> <span class='ocrx_word' id='word_1_112' title='bbox 1095 785 1203 828; x_wconf 84' lang='lat' dir='ltr'><strong>Nam</strong></span> <span class='ocrx_word' id='word_1_113' title='bbox 1229 801 1347 841; x_wconf 91' lang='lat' dir='ltr'><strong>quum</strong></span> <span class='ocrx_word' id='word_1_114' title='bbox 1371 786 1578 843; x_wconf 86' lang='lat' dir='ltr'><strong>accipere,</strong></span> <span class='ocrx_word' id='word_1_115' title='bbox 1621 801 1740 843; x_wconf 89' lang='lat' dir='ltr'><strong>quam</strong></span> 
     </span>
     <span class='ocr_line' id='line_1_13' title="bbox 154 861 1739 917; baseline 0.002 -17"><span class='ocrx_word' id='word_1_116' title='bbox 154 861 285 902; x_wconf 87' lang='lat' dir='ltr'><strong>l&#39;acere</strong></span> <span class='ocrx_word' id='word_1_117' title='bbox 308 870 484 916; x_wconf 78' lang='lat' dir='ltr'><strong>praestat</strong></span> <span class='ocrx_word' id='word_1_118' title='bbox 510 863 717 914; x_wconf 78' lang='lat' dir='ltr'><strong>iniuriam,</strong></span> <span class='ocrx_word' id='word_1_119' title='bbox 752 869 830 902; x_wconf 79' lang='lat' dir='ltr'><strong>tuni</strong></span> <span class='ocrx_word' id='word_1_120' title='bbox 858 862 974 903; x_wconf 89' lang='lat' dir='ltr'><strong>morti</strong></span> <span class='ocrx_word' id='word_1_121' title='bbox 999 863 1073 902; x_wconf 91' lang='lat' dir='ltr'><strong>iam</strong></span> <span class='ocrx_word' id='word_1_122' title='bbox 1097 861 1170 917; x_wconf 92' lang='lat' dir='ltr'><strong>ipsi</strong></span> <span class='ocrx_word' id='word_1_123' title='bbox 1198 861 1426 902; x_wconf 86' lang='lat' dir='ltr'><strong>adventanti</strong></span> <span class='ocrx_word' id='word_1_124' title='bbox 1455 861 1624 917; x_wconf 89' lang='lat' dir='ltr'><strong>paullum</strong></span> <span class='ocrx_word' id='word_1_125' title='bbox 1648 875 1739 916; x_wconf 86' lang='lat' dir='ltr'><strong>pro·</strong></span> 
     </span>
     <span class='ocr_line' id='line_1_14' title="bbox 152 933 1740 991; baseline 0.001 -17"><span class='ocrx_word' id='word_1_126' title='bbox 152 934 296 976; x_wconf 88' lang='lat' dir='ltr'><strong>cedere</strong></span> <span class='ocrx_word' id='word_1_127' title='bbox 319 936 475 977; x_wconf 81' lang='lat' dir='ltr'><strong>obviam</strong></span> <span class='ocrx_word' id='word_1_128' title='bbox 494 968 505 988; x_wconf 93' lang='lat'>,</span> <span class='ocrx_word' id='word_1_129' title='bbox 538 937 639 991; x_wconf 91' lang='lat' dir='ltr'><strong>quod</strong></span> <span class='ocrx_word' id='word_1_130' title='bbox 665 936 757 976; x_wconf 77' lang='lat' dir='ltr'><strong>sccit</strong></span> <span class='ocrx_word' id='word_1_131' title='bbox 784 933 951 976; x_wconf 82' lang='lat' dir='ltr'><strong>Catulus</strong></span> <span class='ocrx_word' id='word_1_132' title='bbox 968 967 979 987; x_wconf 86' lang='lat'>,</span> <span class='ocrx_word' id='word_1_133' title='bbox 1013 950 1126 990; x_wconf 89' lang='lat' dir='ltr'><strong>quam</strong></span> <span class='ocrx_word' id='word_1_134' title='bbox 1142 967 1153 986; x_wconf 90' lang='lat'>,</span> <span class='ocrx_word' id='word_1_135' title='bbox 1197 935 1300 990; x_wconf 91' lang='lat' dir='ltr'><strong>quod</strong></span> <span class='ocrx_word' id='word_1_136' title='bbox 1323 933 1480 976; x_wconf 90' lang='lat' dir='ltr'><strong>Marius</strong></span> <span class='ocrx_word' id='word_1_137' title='bbox 1495 967 1507 987; x_wconf 89' lang='lat'><strong>‚</strong></span> <span class='ocrx_word' id='word_1_138' title='bbox 1549 935 1639 977; x_wconf 87' lang='lat' dir='ltr'><strong>talis</strong></span> <span class='ocrx_word' id='word_1_139' title='bbox 1662 936 1740 977; x_wconf 90' lang='lat' dir='ltr'><strong>viri</strong></span> 
     </span>
     <span class='ocr_line' id='line_1_15' title="bbox 151 1006 1738 1052; baseline 0.003 -4"><span class='ocrx_word' id='word_1_140' title='bbox 151 1006 313 1050; x_wconf 89' lang='lat' dir='ltr'><strong>interitu</strong></span> <span class='ocrx_word' id='word_1_141' title='bbox 343 1024 419 1051; x_wconf 77' lang='lat' dir='ltr'><strong>sex</strong></span> <span class='ocrx_word' id='word_1_142' title='bbox 450 1024 544 1051; x_wconf 89' lang='lat' dir='ltr'><strong>suos</strong></span> <span class='ocrx_word' id='word_1_143' title='bbox 579 1010 750 1051; x_wconf 88' lang='lat' dir='ltr'><strong>obruere</strong></span> <span class='ocrx_word' id='word_1_144' title='bbox 781 1010 1009 1051; x_wconf 83' lang='lat' dir='ltr'><strong>consulatus</strong></span> <span class='ocrx_word' id='word_1_145' title='bbox 1036 1016 1076 1050; x_wconf 86' lang='lat' dir='ltr'><strong>et</strong></span> <span class='ocrx_word' id='word_1_146' title='bbox 1101 1009 1371 1050; x_wconf 89' lang='lat' dir='ltr'><strong>contaminare</strong></span> <span class='ocrx_word' id='word_1_147' title='bbox 1394 1016 1617 1051; x_wconf 87' lang='lat' dir='ltr'><strong>extremum</strong></span> <span class='ocrx_word' id='word_1_148' title='bbox 1639 1016 1738 1052; x_wconf 88' lang='lat' dir='ltr'><strong>tem-</strong></span> 
     </span>
     <span class='ocr_line' id='line_1_16' title="bbox 152 1084 814 1136; baseline 0.014 -14"><span class='ocrx_word' id='word_1_149' title='bbox 152 1095 223 1136; x_wconf 92' lang='lat' dir='ltr'><strong>pus</strong></span> <span class='ocrx_word' id='word_1_150' title='bbox 253 1084 411 1125; x_wconf 85' lang='lat' dir='ltr'><strong>aetatis.</strong></span> <span class='ocrx_word' id='word_1_151' title='bbox 811 1123 814 1125; x_wconf 15' lang='grc' dir='ltr'>μ</span> 
     </span>
    </p>

    <p class='ocr_par' dir='ltr' id='par_1_6' title="bbox 151 1155 1740 1438">
     <span class='ocr_line' id='line_1_17' title="bbox 262 1155 1740 1214; baseline 0.001 -15"><span class='ocrx_word' id='word_1_152' title='bbox 262 1155 366 1199; x_wconf 84' lang='lat' dir='ltr'><strong>XX.</strong></span> <span class='ocrx_word' id='word_1_153' title='bbox 401 1164 472 1200; x_wconf 86' lang='lat'><strong>57.</strong></span> <span class='ocrx_word' id='word_1_154' title='bbox 514 1157 917 1214; x_wconf 85' lang='lat' dir='ltr'><strong>Duodequadraginta</strong></span> <span class='ocrx_word' id='word_1_155' title='bbox 937 1172 1063 1200; x_wconf 89' lang='lat' dir='ltr'><strong>annos</strong></span> <span class='ocrx_word' id='word_1_156' title='bbox 1084 1165 1279 1214; x_wconf 81' lang='lat' dir='ltr'><strong>tyrannus</strong></span> <span class='ocrx_word' id='word_1_157' title='bbox 1300 1155 1645 1214; x_wconf 79' lang='lat' dir='ltr'><strong>Syracusanorum</strong></span> <span class='ocrx_word' id='word_1_158' title='bbox 1668 1159 1740 1201; x_wconf 83' lang='lat' dir='ltr'><strong>suit</strong></span> 
     </span>
     <span class='ocr_line' id='line_1_18' title="bbox 152 1228 1739 1289; baseline 0.003 -18"><span class='ocrx_word' id='word_1_159' title='bbox 152 1228 396 1288; x_wconf 75' lang='lat' dir='ltr'><strong>Dionysius,</strong></span> <span class='ocrx_word' id='word_1_160' title='bbox 439 1248 556 1288; x_wconf 89' lang='lat' dir='ltr'><strong>quum</strong></span> <span class='ocrx_word' id='word_1_161' title='bbox 583 1234 754 1288; x_wconf 88' lang='lat' dir='ltr'><strong>quinque</strong></span> <span class='ocrx_word' id='word_1_162' title='bbox 778 1241 818 1274; x_wconf 90' lang='lat' dir='ltr'><strong>et</strong></span> <span class='ocrx_word' id='word_1_163' title='bbox 839 1233 980 1288; x_wconf 81' lang='lat' dir='ltr'><strong>viginti</strong></span> <span class='ocrx_word' id='word_1_164' title='bbox 1005 1240 1122 1274; x_wconf 89' lang='lat' dir='ltr'><strong>natus</strong></span> <span class='ocrx_word' id='word_1_165' title='bbox 1149 1246 1276 1274; x_wconf 84' lang='lat' dir='ltr'><strong>annos</strong></span> <span class='ocrx_word' id='word_1_166' title='bbox 1300 1232 1540 1274; x_wconf 87' lang='lat' dir='ltr'><strong>dominatum</strong></span> <span class='ocrx_word' id='word_1_167' title='bbox 1571 1247 1739 1289; x_wconf 86' lang='lat' dir='ltr'><strong>occupa·</strong></span> 
     </span>
     <span class='ocr_line' id='line_1_19' title="bbox 152 1305 1739 1364; baseline 0.003 -19"><span class='ocrx_word' id='word_1_168' title='bbox 152 1305 291 1347; x_wconf 72' lang='lat' dir='ltr'><strong>visset.</strong></span> <span class='ocrx_word' id='word_1_169' title='bbox 365 1305 455 1362; x_wconf 83' lang='lat' dir='ltr'><strong>Qua</strong></span> <span class='ocrx_word' id='word_1_170' title='bbox 488 1308 775 1364; x_wconf 86' lang='lat' dir='ltr'><strong>pulchritudine</strong></span> <span class='ocrx_word' id='word_1_171' title='bbox 808 1307 970 1359; x_wconf 88' lang='lat' dir='ltr'><strong>urbem,</strong></span> <span class='ocrx_word' id='word_1_172' title='bbox 1015 1307 1155 1362; x_wconf 85' lang='lat' dir='ltr'><strong>quibus</strong></span> <span class='ocrx_word' id='word_1_173' title='bbox 1188 1314 1318 1348; x_wconf 87' lang='lat' dir='ltr'><strong>autem</strong></span> <span class='ocrx_word' id='word_1_174' title='bbox 1356 1307 1493 1363; x_wconf 91' lang='lat' dir='ltr'><strong>opibus</strong></span> <span class='ocrx_word' id='word_1_175' title='bbox 1524 1307 1739 1363; x_wconf 86' lang='lat' dir='ltr'><strong>praeditam</strong></span> 
     </span>
     <span class='ocr_line' id='line_1_20' title="bbox 151 1380 1739 1438; baseline 0.002 -18"><span class='ocrx_word' id='word_1_176' title='bbox 151 1380 344 1422; x_wconf 80' lang='lat' dir='ltr'><strong>servitute</strong></span> <span class='ocrx_word' id='word_1_177' title='bbox 365 1396 593 1438; x_wconf 87' lang='lat' dir='ltr'><strong>oppressam</strong></span> <span class='ocrx_word' id='word_1_178' title='bbox 625 1382 750 1423; x_wconf 89' lang='lat' dir='ltr'><strong>tenuit</strong></span> <span class='ocrx_word' id='word_1_179' title='bbox 779 1381 1004 1422; x_wconf 83' lang='lat' dir='ltr'><strong>civitatem!</strong></span> <span class='ocrx_word' id='word_1_180' title='bbox 1048 1381 1171 1436; x_wconf 84' lang='lat' dir='ltr'><strong>Atqui</strong></span> <span class='ocrx_word' id='word_1_181' title='bbox 1204 1382 1251 1423; x_wconf 91' lang='lat' dir='ltr'><strong>de</strong></span> <span class='ocrx_word' id='word_1_182' title='bbox 1281 1381 1354 1422; x_wconf 88' lang='lat' dir='ltr'><strong>hoc</strong></span> <span class='ocrx_word' id='word_1_183' title='bbox 1380 1381 1538 1423; x_wconf 89' lang='lat' dir='ltr'><strong>homine</strong></span> <span class='ocrx_word' id='word_1_184' title='bbox 1572 1396 1595 1423; x_wconf 88' lang='lat' dir='ltr'><strong>a</strong></span> <span class='ocrx_word' id='word_1_185' title='bbox 1625 1381 1739 1424; x_wconf 87' lang='lat' dir='ltr'><strong>bonis</strong></span> 
     </span>
    </p>
   </div>
   <div class='ocr_carea' id='block_1_6' title="bbox 152 1455 1742 1513">
    <p class='ocr_par' dir='ltr' id='par_1_7' title="bbox 152 1455 1742 1513">
     <span class='ocr_line' id='line_1_21' title="bbox 152 1455 1742 1513; baseline 0.003 -19"><span class='ocrx_word' id='word_1_186' title='bbox 152 1455 379 1497; x_wconf 88' lang='lat' dir='ltr'><strong>auctoribus</strong></span> <span class='ocrx_word' id='word_1_187' title='bbox 400 1456 457 1498; x_wconf 87' lang='lat' dir='ltr'><strong>sic</strong></span> <span class='ocrx_word' id='word_1_188' title='bbox 482 1457 669 1513; x_wconf 88' lang='lat' dir='ltr'><strong>scriptum</strong></span> <span class='ocrx_word' id='word_1_189' title='bbox 692 1456 939 1511; x_wconf 87' lang='lat' dir='ltr'><strong>accepimus,</strong></span> <span class='ocrx_word' id='word_1_190' title='bbox 973 1470 1165 1497; x_wconf 90' lang='lat' dir='ltr'><strong>summam</strong></span> <span class='ocrx_word' id='word_1_191' title='bbox 1189 1455 1312 1497; x_wconf 80' lang='lat' dir='ltr'><strong>fuisse</strong></span> <span class='ocrx_word' id='word_1_192' title='bbox 1339 1455 1424 1497; x_wconf 90' lang='lat' dir='ltr'><strong>eius</strong></span> <span class='ocrx_word' id='word_1_193' title='bbox 1448 1455 1489 1496; x_wconf 92' lang='lat' dir='ltr'><strong>in</strong></span> <span class='ocrx_word' id='word_1_194' title='bbox 1510 1455 1619 1498; x_wconf 84' lang='lat' dir='ltr'><strong>victu</strong></span> <span class='ocrx_word' id='word_1_195' title='bbox 1643 1463 1742 1498; x_wconf 89' lang='lat' dir='ltr'><strong>tem-</strong></span> 
     </span>
    </p>
   </div>
   <div class='ocr_carea' id='block_1_7' title="bbox 151 1529 1761 1587">
    <p class='ocr_par' dir='ltr' id='par_1_8' title="bbox 151 1529 1761 1587">
     <span class='ocr_line' id='line_1_22' title="bbox 151 1529 1761 1587; baseline 0.003 -19"><span class='ocrx_word' id='word_1_196' title='bbox 151 1529 394 1583; x_wconf 85' lang='lat' dir='ltr'><strong>perantiam,</strong></span> <span class='ocrx_word' id='word_1_197' title='bbox 437 1530 479 1572; x_wconf 92' lang='lat' dir='ltr'><strong>in</strong></span> <span class='ocrx_word' id='word_1_198' title='bbox 505 1531 704 1587; x_wconf 89' lang='lat' dir='ltr'><strong>rebusque</strong></span> <span class='ocrx_word' id='word_1_199' title='bbox 728 1531 917 1587; x_wconf 83' lang='lat' dir='ltr'><strong>gerundis</strong></span> <span class='ocrx_word' id='word_1_200' title='bbox 953 1530 1082 1571; x_wconf 85' lang='lat' dir='ltr'><strong>virum</strong></span> <span class='ocrx_word' id='word_1_201' title='bbox 1111 1544 1243 1572; x_wconf 87' lang='lat' dir='ltr'><strong>acrem</strong></span> <span class='ocrx_word' id='word_1_202' title='bbox 1271 1537 1311 1571; x_wconf 83' lang='lat' dir='ltr'><strong>et</strong></span> <span class='ocrx_word' id='word_1_203' title='bbox 1335 1529 1570 1572; x_wconf 81' lang='lat' dir='ltr'><strong>industrium</strong></span> <span class='ocrx_word' id='word_1_204' title='bbox 1587 1563 1599 1584; x_wconf 88' lang='lat'>,</span> <span class='ocrx_word' id='word_1_205' title='bbox 1643 1540 1761 1573; x_wconf 91' lang='lat' dir='ltr'><strong>eun-&#39;</strong></span> 
     </span>
    </p>
   </div>
   <div class='ocr_carea' id='block_1_8' title="bbox 152 1666 1740 1758">
    <p class='ocr_par' dir='ltr' id='par_1_9' title="bbox 152 1666 1740 1758">
     <span class='ocr_line' id='line_1_23' title="bbox 153 1666 1740 1717; baseline 0.003 -21"><span class='ocrx_word' id='word_1_206' title='bbox 153 1666 668 1717; x_wconf 85' lang='lat' dir='ltr'><strong>temperantiaeprudentiaeque</strong></span> <span class='ocrx_word' id='word_1_207' title='bbox 681 1671 837 1709; x_wconf 80' lang='lat' dir='ltr'><strong>specimen</strong></span> <span class='ocrx_word' id='word_1_208' title='bbox 850 1674 928 1700; x_wconf 84' lang='lat' dir='ltr'><strong>ante</strong></span> <span class='ocrx_word' id='word_1_209' title='bbox 962 1666 1120 1699; x_wconf 87' lang='lat' dir='ltr'><strong>midicus.</strong></span> <span class='ocrx_word' id='word_1_210' title='bbox 1147 1667 1267 1707; x_wconf 86' lang='lat' dir='ltr'><strong>Probi,</strong></span> <span class='ocrx_word' id='word_1_211' title='bbox 1291 1666 1410 1710; x_wconf 85' lang='lat' dir='ltr'><strong>inquit,</strong></span> <span class='ocrx_word' id='word_1_212' title='bbox 1436 1666 1588 1700; x_wconf 87' lang='lat' dir='ltr'><strong>iniuriam</strong></span> <span class='ocrx_word' id='word_1_213' title='bbox 1608 1667 1740 1702; x_wconf 78' lang='lat' dir='ltr'><strong>facilius</strong></span> 
     </span>
     <span class='ocr_line' id='line_1_24' title="bbox 152 1710 1571 1758; baseline 0.002 -16"><span class='ocrx_word' id='word_1_214' title='bbox 152 1710 362 1745; x_wconf 84' lang='lat' dir='ltr'><strong>simulacrum</strong></span> <span class='ocrx_word' id='word_1_215' title='bbox 392 1715 515 1746; x_wconf 79' lang='lat' dir='ltr'><strong>Vestae</strong></span> <span class='ocrx_word' id='word_1_216' title='bbox 549 1714 702 1758; x_wconf 79' lang='lat' dir='ltr'><strong>pontifex</strong></span> <span class='ocrx_word' id='word_1_217' title='bbox 737 1726 780 1746; x_wconf 92' lang='lat' dir='ltr'><strong>m.</strong></span> <span class='ocrx_word' id='word_1_218' title='bbox 812 1721 862 1746; x_wconf 89' lang='lat' dir='ltr'><strong>est</strong></span> <span class='ocrx_word' id='word_1_219' title='bbox 884 1715 926 1754; x_wconf 89' lang='lat' dir='ltr'><strong>Q.</strong></span> <span class='ocrx_word' id='word_1_220' title='bbox 962 1713 1151 1756; x_wconf 84' lang='lat' dir='ltr'><strong>accipiunt</strong></span> <span class='ocrx_word' id='word_1_221' title='bbox 1177 1724 1275 1757; x_wconf 89' lang='lat' dir='ltr'><strong>quam</strong></span> <span class='ocrx_word' id='word_1_222' title='bbox 1300 1712 1398 1744; x_wconf 84' lang='lat' dir='ltr'><strong>alteri</strong></span> <span class='ocrx_word' id='word_1_223' title='bbox 1420 1712 1571 1745; x_wconf 84' lang='lat' dir='ltr'><strong>tradunt.</strong></span> 
     </span>
    </p>
   </div>
   <div class='ocr_carea' id='block_1_9' title="bbox 153 1758 926 1844">
    <p class='ocr_par' dir='ltr' id='par_1_10' title="bbox 153 1758 926 1844">
     <span class='ocr_line' id='line_1_25' title="bbox 154 1758 926 1804; baseline 0.005 -15"><span class='ocrx_word' id='word_1_224' title='bbox 154 1758 317 1790; x_wconf 81' lang='lat' dir='ltr'><strong>Scaevola</strong></span> <span class='ocrx_word' id='word_1_225' title='bbox 332 1758 543 1792; x_wconf 55' lang='lat' dir='ltr'><strong>trucidatus}&gt;</strong></span> <span class='ocrx_word' id='word_1_226' title='bbox 576 1759 629 1792; x_wconf 83' lang='lat' dir='ltr'><strong>Cf.</strong></span> <span class='ocrx_word' id='word_1_227' title='bbox 648 1761 786 1804; x_wconf 81' lang='lat' dir='ltr'><strong>supral.</strong></span> <span class='ocrx_word' id='word_1_228' title='bbox 801 1758 851 1801; x_wconf 87' lang='lat'><strong>14,</strong></span> <span class='ocrx_word' id='word_1_229' title='bbox 863 1759 926 1793; x_wconf 72' lang='grc'><strong>52·</strong></span> 
     </span>
     <span class='ocr_line' id='line_1_26' title="bbox 153 1806 480 1844; baseline 0.009 -9"><span class='ocrx_word' id='word_1_230' title='bbox 153 1806 309 1844; x_wconf 83' lang='lat' dir='ltr'><strong>specimen</strong></span> <span class='ocrx_word' id='word_1_231' title='bbox 331 1812 480 1838; x_wconf 84' lang='lat' dir='ltr'><strong>naturae.</strong></span> 
     </span>
    </p>
   </div>
   <div class='ocr_carea' id='block_1_10' title="bbox 155 1861 927 1952">
    <p class='ocr_par' dir='ltr' id='par_1_11' title="bbox 155 1861 927 1952">
     <span class='ocr_line' id='line_1_27' title="bbox 221 1861 927 1907; baseline 0.003 -15"><span class='ocrx_word' id='word_1_232' title='bbox 221 1861 313 1905; x_wconf 87' lang='lat' dir='ltr'><strong>salis]</strong></span> <span class='ocrx_word' id='word_1_233' title='bbox 339 1862 418 1894; x_wconf 92' lang='lat' dir='ltr'><strong>Non</strong></span> <span class='ocrx_word' id='word_1_234' title='bbox 438 1862 546 1895; x_wconf 87' lang='lat' dir='ltr'><strong>solum</strong></span> <span class='ocrx_word' id='word_1_235' title='bbox 568 1863 708 1907; x_wconf 78' lang='lat' dir='ltr'><strong>plurali</strong></span> <span class='ocrx_word' id='word_1_236' title='bbox 744 1862 803 1895; x_wconf 89' lang='lat' dir='ltr'><strong>sed</strong></span> <span class='ocrx_word' id='word_1_237' title='bbox 827 1861 927 1894; x_wconf 88' lang='lat' dir='ltr'><strong>etiam</strong></span> 
     </span>
     <span class='ocr_line' id='line_1_28' title="bbox 155 1904 925 1952; baseline 0.005 -16"><span class='ocrx_word' id='word_1_238' title='bbox 155 1904 312 1949; x_wconf 84' lang='lat' dir='ltr'><strong>singulari</strong></span> <span class='ocrx_word' id='word_1_239' title='bbox 324 1919 462 1941; x_wconf 88' lang='lat' dir='ltr'><strong>numero</strong></span> <span class='ocrx_word' id='word_1_240' title='bbox 475 1908 541 1941; x_wconf 89' lang='lat' dir='ltr'><strong>hoc</strong></span> <span class='ocrx_word' id='word_1_241' title='bbox 556 1921 677 1941; x_wconf 88' lang='lat' dir='ltr'><strong>nomeu</strong></span> <span class='ocrx_word' id='word_1_242' title='bbox 693 1910 757 1942; x_wconf 87' lang='lat' dir='ltr'><strong>hae</strong></span> <span class='ocrx_word' id='word_1_243' title='bbox 772 1908 804 1940; x_wconf 84' lang='lat' dir='ltr'><strong>vi</strong></span> <span class='ocrx_word' id='word_1_244' title='bbox 818 1910 872 1952; x_wconf 73' lang='grc' dir='ltr'><strong>(Π</strong></span> <span class='ocrx_word' id='word_1_245' title='bbox 873 1911 911 1940; x_wconf 80' lang='lat' dir='ltr'><strong>itz</strong></span> <span class='ocrx_word' id='word_1_246' title='bbox 914 1909 925 1947; x_wconf 50' lang='lat' dir='ltr'><strong>i</strong></span> 
     </span>
    </p>
   </div>
   <div class='ocr_carea' id='block_1_11' title="bbox 154 1951 929 2040">
    <p class='ocr_par' dir='ltr' id='par_1_12' title="bbox 154 1951 929 2040">
     <span class='ocr_line' id='line_1_29' title="bbox 154 1951 929 1995; baseline 0.006 -14"><span class='ocrx_word' id='word_1_247' title='bbox 154 1962 174 1982; x_wconf 84' lang='lat' dir='ltr'><strong>a</strong></span> <span class='ocrx_word' id='word_1_248' title='bbox 197 1951 356 1985; x_wconf 85' lang='lat' dir='ltr'><strong>Cicerone</strong></span> <span class='ocrx_word' id='word_1_249' title='bbox 379 1953 465 1995; x_wconf 88' lang='lat' dir='ltr'><strong>dici,</strong></span> <span class='ocrx_word' id='word_1_250' title='bbox 490 1961 525 1987; x_wconf 87' lang='lat' dir='ltr'><strong>et</strong></span> <span class='ocrx_word' id='word_1_251' title='bbox 546 1954 620 1995; x_wconf 89' lang='lat' dir='ltr'><strong>hic,</strong></span> <span class='ocrx_word' id='word_1_252' title='bbox 647 1963 681 1988; x_wconf 83' lang='lat' dir='ltr'><strong>et</strong></span> <span class='ocrx_word' id='word_1_253' title='bbox 703 1954 853 1988; x_wconf 86' lang='lat' dir='ltr'><strong>sexcenti</strong></span> <span class='ocrx_word' id='word_1_254' title='bbox 873 1954 929 1987; x_wconf 86' lang='lat' dir='ltr'><strong>alii</strong></span> 
     </span>
     <span class='ocr_line' id='line_1_30' title="bbox 154 1994 401 2040; baseline 0.017 -13"><span class='ocrx_word' id='word_1_255' title='bbox 154 1994 220 2028; x_wconf 88' lang='lat' dir='ltr'><strong>loci</strong></span> <span class='ocrx_word' id='word_1_256' title='bbox 244 1998 401 2040; x_wconf 90' lang='lat' dir='ltr'><strong>probant.</strong></span> 
     </span>
    </p>
   </div>
   <div class='ocr_carea' id='block_1_12' title="bbox 224 2055 788 2099">
    <p class='ocr_par' dir='ltr' id='par_1_13' title="bbox 224 2055 788 2099">
     <span class='ocr_line' id='line_1_31' title="bbox 224 2055 788 2099; baseline 0.011 -13"><span class='ocrx_word' id='word_1_257' title='bbox 224 2055 448 2099; x_wconf 70' lang='lat' dir='ltr'><strong>Etsi—sed]</strong></span> <span class='ocrx_word' id='word_1_258' title='bbox 475 2057 516 2088; x_wconf 98' lang='lat' dir='ltr'><strong>V.</strong></span> <span class='ocrx_word' id='word_1_259' title='bbox 540 2055 628 2089; x_wconf 83' lang='lat' dir='ltr'><strong>adl.</strong></span> <span class='ocrx_word' id='word_1_260' title='bbox 647 2056 710 2098; x_wconf 82' lang='lat'><strong>37,</strong></span> <span class='ocrx_word' id='word_1_261' title='bbox 733 2057 788 2091; x_wconf 89' lang='lat'><strong>90·</strong></span> 
     </span>
    </p>
   </div>
   <div class='ocr_carea' id='block_1_13' title="bbox 152 2110 930 2611">
    <p class='ocr_par' dir='ltr' id='par_1_14' title="bbox 153 2110 929 2189">
     <span class='ocr_line' id='line_1_32' title="bbox 220 2110 929 2159; baseline 0.006 -16"><span class='ocrx_word' id='word_1_262' title='bbox 220 2110 274 2144; x_wconf 83' lang='lat'><strong>56.</strong></span> <span class='ocrx_word' id='word_1_263' title='bbox 307 2122 407 2152; x_wconf 82' lang='lat' dir='ltr'><strong>paene</strong></span> <span class='ocrx_word' id='word_1_264' title='bbox 440 2115 538 2146; x_wconf 85' lang='lat' dir='ltr'><strong>altero</strong></span> <span class='ocrx_word' id='word_1_265' title='bbox 561 2114 684 2159; x_wconf 87' lang='lat' dir='ltr'><strong>Laelio]</strong></span> <span class='ocrx_word' id='word_1_266' title='bbox 725 2114 797 2147; x_wconf 73' lang='lat' dir='ltr'><strong>viio</strong></span> <span class='ocrx_word' id='word_1_267' title='bbox 821 2113 929 2147; x_wconf 87' lang='lat' dir='ltr'><strong>Laelii</strong></span> 
     </span>
     <span class='ocr_line' id='line_1_33' title="bbox 153 2155 332 2189; baseline 0.006 -1"><span class='ocrx_word' id='word_1_268' title='bbox 153 2155 332 2189; x_wconf 87' lang='lat' dir='ltr'><strong>simillimo.</strong></span> 
     </span>
    </p>

    <p class='ocr_par' dir='ltr' id='par_1_15' title="bbox 152 2203 930 2611">
     <span class='ocr_line' id='line_1_34' title="bbox 219 2203 929 2247; baseline 0.006 -13"><span class='ocrx_word' id='word_1_269' title='bbox 219 2203 471 2247; x_wconf 77' lang='lat' dir='ltr'><strong>deprecantibus]</strong></span> <span class='ocrx_word' id='word_1_270' title='bbox 497 2204 538 2236; x_wconf 88' lang='lat' dir='ltr'><strong>H.</strong></span> <span class='ocrx_word' id='word_1_271' title='bbox 552 2216 579 2236; x_wconf 90' lang='lat' dir='ltr'><strong>e.</strong></span> <span class='ocrx_word' id='word_1_272' title='bbox 604 2205 797 2238; x_wconf 84' lang='lat' dir='ltr'><strong>necessariis</strong></span> <span class='ocrx_word' id='word_1_273' title='bbox 821 2205 929 2238; x_wconf 87' lang='lat' dir='ltr'><strong>Catuli</strong></span> 
     </span>
     <span class='ocr_line' id='line_1_35' title="bbox 155 2247 929 2290; baseline 0.005 -10"><span class='ocrx_word' id='word_1_274' title='bbox 155 2247 290 2280; x_wconf 83' lang='lat' dir='ltr'><strong>caedem</strong></span> <span class='ocrx_word' id='word_1_275' title='bbox 304 2251 449 2289; x_wconf 79' lang='lat' dir='ltr'><strong>precibus</strong></span> <span class='ocrx_word' id='word_1_276' title='bbox 467 2251 618 2290; x_wconf 80' lang='lat' dir='ltr'><strong>depellere</strong></span> <span class='ocrx_word' id='word_1_277' title='bbox 636 2252 843 2285; x_wconf 79' lang='lat' dir='ltr'><strong>conantibus.</strong></span> <span class='ocrx_word' id='word_1_278' title='bbox 868 2254 929 2284; x_wconf 90' lang='lat' dir='ltr'><strong>De-</strong></span> 
     </span>
     <span class='ocr_line' id='line_1_36' title="bbox 152 2293 930 2340; baseline 0.006 -15"><span class='ocrx_word' id='word_1_279' title='bbox 152 2296 278 2334; x_wconf 83' lang='lat' dir='ltr'><strong>precari</strong></span> <span class='ocrx_word' id='word_1_280' title='bbox 302 2293 390 2326; x_wconf 89' lang='lat' dir='ltr'><strong>enim</strong></span> <span class='ocrx_word' id='word_1_281' title='bbox 407 2294 544 2338; x_wconf 86' lang='lat' dir='ltr'><strong>proprie</strong></span> <span class='ocrx_word' id='word_1_282' title='bbox 567 2303 616 2326; x_wconf 80' lang='lat' dir='ltr'><strong>est</strong></span> <span class='ocrx_word' id='word_1_283' title='bbox 635 2297 787 2338; x_wconf 85' lang='lat' dir='ltr'><strong>precibus</strong></span> <span class='ocrx_word' id='word_1_284' title='bbox 808 2297 930 2340; x_wconf 85' lang='lat' dir='ltr'><strong>depel-</strong></span> 
     </span>
     <span class='ocr_line' id='line_1_37' title="bbox 154 2338 930 2386; baseline 0.005 -15"><span class='ocrx_word' id='word_1_285' title='bbox 154 2338 234 2378; x_wconf 90' lang='lat' dir='ltr'><strong>lere,</strong></span> <span class='ocrx_word' id='word_1_286' title='bbox 259 2339 400 2379; x_wconf 87' lang='lat' dir='ltr'><strong>amoliri,</strong></span> <span class='ocrx_word' id='word_1_287' title='bbox 425 2346 596 2379; x_wconf 82' lang='lat' dir='ltr'><strong>avertere3</strong></span> <span class='ocrx_word' id='word_1_288' title='bbox 622 2341 743 2373; x_wconf 78' lang='lat' dir='ltr'><strong>deinde</strong></span> <span class='ocrx_word' id='word_1_289' title='bbox 765 2342 930 2386; x_wconf 83' lang='lat' dir='ltr'><strong>significat</strong></span> 
     </span>
     <span class='ocr_line' id='line_1_38' title="bbox 156 2385 927 2426; baseline 0.004 -9"><span class='ocrx_word' id='word_1_290' title='bbox 156 2385 293 2417; x_wconf 88' lang='lat' dir='ltr'><strong>omniuo</strong></span> <span class='ocrx_word' id='word_1_291' title='bbox 310 2395 466 2426; x_wconf 86' lang='lat' dir='ltr'><strong>amovere,</strong></span> <span class='ocrx_word' id='word_1_292' title='bbox 479 2388 614 2426; x_wconf 70' lang='lat' dir='ltr'><strong>abigere,</strong></span> <span class='ocrx_word' id='word_1_293' title='bbox 629 2390 763 2419; x_wconf 82' lang='lat' dir='ltr'><strong>amoliri.</strong></span> <span class='ocrx_word' id='word_1_294' title='bbox 783 2388 824 2420; x_wconf 87' lang='lat' dir='ltr'><strong>de</strong></span> <span class='ocrx_word' id='word_1_295' title='bbox 836 2390 927 2420; x_wconf 86' lang='lat' dir='ltr'><strong>Orat.</strong></span> 
     </span>
     <span class='ocr_line' id='line_1_39' title="bbox 154 2428 929 2476; baseline 0.003 -13"><span class='ocrx_word' id='word_1_296' title='bbox 154 2431 197 2463; x_wconf 83' lang='grc' dir='ltr'><strong>ΙΙ.</strong></span> <span class='ocrx_word' id='word_1_297' title='bbox 219 2428 273 2470; x_wconf 82' lang='grc'><strong>49,</strong></span> <span class='ocrx_word' id='word_1_298' title='bbox 294 2430 378 2463; x_wconf 81' lang='lat'>201:</span> <span class='ocrx_word' id='word_1_299' title='bbox 406 2431 516 2463; x_wconf 87' lang='lat' dir='ltr'><strong>omnia</strong></span> <span class='ocrx_word' id='word_1_300' title='bbox 537 2443 591 2463; x_wconf 89' lang='lat' dir='ltr'><strong>me</strong></span> <span class='ocrx_word' id='word_1_301' title='bbox 611 2443 742 2475; x_wconf 88' lang='lat' dir='ltr'><strong>semper</strong></span> <span class='ocrx_word' id='word_1_302' title='bbox 761 2445 822 2476; x_wconf 89' lang='lat' dir='ltr'><strong>pro</strong></span> <span class='ocrx_word' id='word_1_303' title='bbox 843 2434 929 2465; x_wconf 83' lang='lat' dir='ltr'><strong>ami—</strong></span> 
     </span>
     <span class='ocr_line' id='line_1_40' title="bbox 157 2476 929 2520; baseline 0.004 -12"><span class='ocrx_word' id='word_1_304' title='bbox 157 2487 271 2508; x_wconf 87' lang='lat' dir='ltr'><strong>corum</strong></span> <span class='ocrx_word' id='word_1_305' title='bbox 294 2476 472 2519; x_wconf 76' lang='lat' dir='ltr'><strong>periculis,</strong></span> <span class='ocrx_word' id='word_1_306' title='bbox 507 2476 590 2508; x_wconf 88' lang='lat' dir='ltr'><strong>nihil</strong></span> <span class='ocrx_word' id='word_1_307' title='bbox 623 2488 767 2520; x_wconf 89' lang='lat' dir='ltr'><strong>unquam</strong></span> <span class='ocrx_word' id='word_1_308' title='bbox 791 2490 853 2520; x_wconf 89' lang='lat' dir='ltr'><strong>pro</strong></span> <span class='ocrx_word' id='word_1_309' title='bbox 876 2491 929 2511; x_wconf 88' lang='lat' dir='ltr'><strong>me</strong></span> 
     </span>
     <span class='ocr_line' id='line_1_41' title="bbox 155 2521 929 2565; baseline 0.004 -12"><span class='ocrx_word' id='word_1_310' title='bbox 155 2521 230 2565; x_wconf 91' lang='lat' dir='ltr'><strong>ipso</strong></span> <span class='ocrx_word' id='word_1_311' title='bbox 250 2524 463 2563; x_wconf 79' lang='lat' dir='ltr'><strong>deprecatum.</strong></span> <span class='ocrx_word' id='word_1_312' title='bbox 496 2522 640 2554; x_wconf 73' lang='lat' dir='ltr'><strong>Uberius</strong></span> <span class='ocrx_word' id='word_1_313' title='bbox 661 2522 703 2554; x_wconf 90' lang='lat' dir='ltr'><strong>de</strong></span> <span class='ocrx_word' id='word_1_314' title='bbox 721 2522 816 2554; x_wconf 84' lang='lat' dir='ltr'><strong>huius</strong></span> <span class='ocrx_word' id='word_1_315' title='bbox 835 2524 929 2556; x_wconf 66' lang='lat' dir='ltr'><strong>verbi</strong></span> 
     </span>
     <span class='ocr_line' id='line_1_42' title="bbox 156 2567 929 2611; baseline 0.004 -12"><span class='ocrx_word' id='word_1_316' title='bbox 156 2567 286 2600; x_wconf 84' lang='lat' dir='ltr'><strong>ratione</strong></span> <span class='ocrx_word' id='word_1_317' title='bbox 307 2568 459 2611; x_wconf 83' lang='lat' dir='ltr'><strong>exposuit</strong></span> <span class='ocrx_word' id='word_1_318' title='bbox 479 2570 518 2601; x_wconf 88' lang='lat' dir='ltr'><strong>A.</strong></span> <span class='ocrx_word' id='word_1_319' title='bbox 541 2567 665 2600; x_wconf 84' lang='lat' dir='ltr'><strong>Gellius</strong></span> <span class='ocrx_word' id='word_1_320' title='bbox 682 2568 724 2601; x_wconf 91' lang='lat' dir='ltr'><strong>N.</strong></span> <span class='ocrx_word' id='word_1_321' title='bbox 746 2571 783 2600; x_wconf 82' lang='lat' dir='ltr'><strong>A.</strong></span> <span class='ocrx_word' id='word_1_322' title='bbox 805 2569 929 2609; x_wconf 67' lang='lat' dir='ltr'><strong>V1‚16.</strong></span> 
     </span>
    </p>
   </div>
   <div class='ocr_carea' id='block_1_14' title="bbox 154 2624 930 2907">
    <p class='ocr_par' dir='ltr' id='par_1_16' title="bbox 154 2624 928 2748">
     <span class='ocr_line' id='line_1_43' title="bbox 220 2624 928 2668; baseline 0.001 -11"><span class='ocrx_word' id='word_1_323' title='bbox 220 2635 285 2657; x_wconf 86' lang='lat' dir='ltr'><strong>non</strong></span> <span class='ocrx_word' id='word_1_324' title='bbox 307 2628 420 2666; x_wconf 88' lang='lat' dir='ltr'><strong>semel,</strong></span> <span class='ocrx_word' id='word_1_325' title='bbox 452 2627 508 2658; x_wconf 83' lang='lat' dir='ltr'><strong>sed</strong></span> <span class='ocrx_word' id='word_1_326' title='bbox 530 2627 637 2668; x_wconf 82' lang='lat' dir='ltr'><strong>saepe]</strong></span> <span class='ocrx_word' id='word_1_327' title='bbox 673 2624 716 2658; x_wconf 87' lang='lat' dir='ltr'><strong>ad</strong></span> <span class='ocrx_word' id='word_1_328' title='bbox 737 2628 808 2657; x_wconf 84' lang='lat' dir='ltr'><strong>Att.</strong></span> <span class='ocrx_word' id='word_1_329' title='bbox 830 2627 854 2657; x_wconf 91' lang='grc' dir='ltr'><strong>Ι.</strong></span> <span class='ocrx_word' id='word_1_330' title='bbox 877 2625 928 2665; x_wconf 78' lang='grc'><strong>19,</strong></span> 
     </span>
     <span class='ocr_line' id='line_1_44' title="bbox 157 2668 930 2712; baseline 0.003 -10"><span class='ocrx_word' id='word_1_331' title='bbox 157 2668 196 2702; x_wconf 84' lang='grc'><strong>7;</strong></span> <span class='ocrx_word' id='word_1_332' title='bbox 223 2677 260 2702; x_wconf 82' lang='lat' dir='ltr'><strong>ut</strong></span> <span class='ocrx_word' id='word_1_333' title='bbox 281 2670 315 2702; x_wconf 89' lang='lat' dir='ltr'><strong>in</strong></span> <span class='ocrx_word' id='word_1_334' title='bbox 339 2677 458 2703; x_wconf 85' lang='lat' dir='ltr'><strong>senatu</strong></span> <span class='ocrx_word' id='word_1_335' title='bbox 480 2682 543 2704; x_wconf 80' lang='lat' dir='ltr'><strong>non</strong></span> <span class='ocrx_word' id='word_1_336' title='bbox 564 2673 677 2712; x_wconf 84' lang='lat' dir='ltr'><strong>semel,</strong></span> <span class='ocrx_word' id='word_1_337' title='bbox 697 2672 752 2704; x_wconf 88' lang='lat' dir='ltr'><strong>sed</strong></span> <span class='ocrx_word' id='word_1_338' title='bbox 772 2681 930 2712; x_wconf 81' lang='lat' dir='ltr'><strong>saepe-</strong></span> 
     </span>
     <span class='ocr_line' id='line_1_45' title="bbox 154 2714 364 2748; baseline 0.015 -2"><span class='ocrx_word' id='word_1_339' title='bbox 154 2714 364 2748; x_wconf 80' lang='lat' dir='ltr'><strong>adiudicarit.</strong></span> 
     </span>
    </p>

    <p class='ocr_par' dir='ltr' id='par_1_17' title="bbox 156 2762 930 2897">
     <span class='ocr_line' id='line_1_46' title="bbox 216 2762 930 2806; baseline 0.003 -14"><span class='ocrx_word' id='word_1_340' title='bbox 216 2763 368 2803; x_wconf 83' lang='lat' dir='ltr'><strong>accipere,</strong></span> <span class='ocrx_word' id='word_1_341' title='bbox 387 2773 484 2804; x_wconf 82' lang='lat' dir='ltr'><strong>quam</strong></span> <span class='ocrx_word' id='word_1_342' title='bbox 498 2765 600 2804; x_wconf 77' lang='lat' dir='ltr'><strong>facere</strong></span> <span class='ocrx_word' id='word_1_343' title='bbox 612 2766 751 2804; x_wconf 77' lang='lat' dir='ltr'><strong>praestat</strong></span> <span class='ocrx_word' id='word_1_344' title='bbox 762 2762 930 2806; x_wconf 85' lang='lat' dir='ltr'><strong>iniuriam]</strong></span> 
     </span>
     <span class='ocr_line' id='line_1_47' title="bbox 157 2805 929 2865; baseline 0.008 -30"><span class='ocrx_word' id='word_1_345' title='bbox 157 2805 281 2838; x_wconf 79' lang='lat' dir='ltr'><strong>Deliae</strong></span> <span class='ocrx_word' id='word_1_346' title='bbox 291 2808 459 2841; x_wconf 83' lang='lat' dir='ltr'><strong>sententia</strong></span> <span class='ocrx_word' id='word_1_347' title='bbox 471 2820 581 2863; x_wconf 91' lang='lat' dir='ltr'><strong>comp.</strong></span> <span class='ocrx_word' id='word_1_348' title='bbox 591 2808 674 2841; x_wconf 84' lang='lat' dir='ltr'><strong>Plat.</strong></span> <span class='ocrx_word' id='word_1_349' title='bbox 686 2809 792 2865; x_wconf 87' lang='lat' dir='ltr'><strong>Gorg.</strong></span> <span class='ocrx_word' id='word_1_350' title='bbox 802 2819 835 2851; x_wconf 92' lang='lat' dir='ltr'><strong>p.</strong></span> <span class='ocrx_word' id='word_1_351' title='bbox 845 2806 929 2840; x_wconf 78' lang='lat'>290:</span> 
     </span>
     <span class='ocr_line' id='line_1_48' title="bbox 156 2848 930 2907; baseline 0.004 -24"><span class='ocrx_word' id='word_1_352' title='bbox 156 2849 203 2883; x_wconf 84' lang='grc' dir='ltr'><strong>Εἰ</strong></span> <span class='ocrx_word' id='word_1_353' title='bbox 224 2848 286 2885; x_wconf 82' lang='grc' dir='ltr'>α’να</span> <span class='ocrx_word' id='word_1_354' title='bbox 289 2857 405 2907; x_wconf 83' lang='grc' dir='ltr'>γκαῖον</span> <span class='ocrx_word' id='word_1_355' title='bbox 429 2854 483 2897; x_wconf 80' lang='grc' dir='ltr'><strong>εἴη</strong></span> <span class='ocrx_word' id='word_1_356' title='bbox 504 2851 656 2893; x_wconf 72' lang='grc' dir='ltr'><strong>ἀδικεῖν,</strong></span> <span class='ocrx_word' id='word_1_357' title='bbox 679 2867 703 2897; x_wconf 87' lang='grc' dir='ltr'>η</span> <span class='ocrx_word' id='word_1_358' title='bbox 724 2850 930 2893; x_wconf 59' lang='grc' dir='ltr'><strong>οἶδικεῖσὲαι,</strong></span> 
     </span>
    </p>
   </div>
   <div class='ocr_carea' id='block_1_15' title="bbox 157 2879 931 2986">
    <p class='ocr_par' dir='ltr' id='par_1_18' title="bbox 157 2879 931 2979">
     <span class='ocr_line' id='line_1_49' title="bbox 157 2879 931 2942; baseline 0.007 -15"><span class='ocrx_word' id='word_1_359' title='bbox 157 2892 333 2938; x_wconf 56' lang='lat' dir='ltr'><strong>fficium*</strong></span> <span class='ocrx_word' id='word_1_360' title='bbox 311 2911 351 2932; x_wconf 83' lang='grc' dir='ltr'><strong>αν</strong></span> <span class='ocrx_word' id='word_1_361' title='bbox 372 2899 494 2940; x_wconf 82' lang='grc' dir='ltr'>μᾶλλον</span> <span class='ocrx_word' id='word_1_362' title='bbox 513 2895 626 2935; x_wconf 65' lang='lat' dir='ltr'><strong>clamer.</strong></span> <span class='ocrx_word' id='word_1_363' title='bbox 615 2879 720 2939; x_wconf 54' lang='lat' dir='ltr'><strong>i’a‘sav„</strong></span> <span class='ocrx_word' id='word_1_364' title='bbox 744 2894 931 2942; x_wconf 75' lang='grc' dir='ltr'><strong>ηοῖδικεῖν.</strong></span> 
     </span>
     <span class='ocr_line' id='line_1_50' title="bbox 158 2939 506 2986; baseline 0.021 -14"><span class='ocrx_word' id='word_1_365' title='bbox 158 2939 245 2972; x_wconf 85' lang='lat' dir='ltr'><strong>Gell.</strong></span> <span class='ocrx_word' id='word_1_366' title='bbox 260 2942 302 2973; x_wconf 89' lang='lat' dir='ltr'><strong>N.</strong></span> <span class='ocrx_word' id='word_1_367' title='bbox 317 2945 447 2985; x_wconf 78' lang='lat' dir='ltr'><strong>A.X11‚</strong></span> <span class='ocrx_word' id='word_1_368' title='bbox 465 2944 506 2986; x_wconf 89' lang='grc'><strong>9,</strong></span> 
     </span>
    </p>
   </div>
   <div class='ocr_carea' id='block_1_16' title="bbox 533 2944 999 2987">
    <p class='ocr_par' dir='ltr' id='par_1_19' title="bbox 533 2944 999 2987">
     <span class='ocr_line' id='line_1_51' title="bbox 533 2944 999 2987; baseline -0.002 -10"><span class='ocrx_word' id='word_1_369' title='bbox 533 2945 589 2978; x_wconf 91' lang='lat' dir='ltr'><strong>ubi</strong></span> <span class='ocrx_word' id='word_1_370' title='bbox 609 2947 652 2987; x_wconf 91' lang='lat' dir='ltr'><strong>Q.</strong></span> <span class='ocrx_word' id='word_1_371' title='bbox 676 2944 832 2978; x_wconf 84' lang='lat' dir='ltr'><strong>Metellus</strong></span> <span class='ocrx_word' id='word_1_372' title='bbox 855 2945 931 2977; x_wconf 89' lang='lat' dir='ltr'><strong>Nu-</strong></span> <span class='ocrx_word' id='word_1_373' title='bbox 966 2944 999 2976; x_wconf 92' lang='lat' dir='ltr'><strong>d</strong></span> 
     </span>
    </p>
   </div>
   <div class='ocr_carea' id='block_1_17' title="bbox 962 1756 1742 2992">
    <p class='ocr_par' dir='ltr' id='par_1_20' title="bbox 962 1756 1741 2122">
     <span class='ocr_line' id='line_1_52' title="bbox 1031 1756 1738 1801; baseline 0.003 -10"><span class='ocrx_word' id='word_1_374' title='bbox 1031 1761 1115 1800; x_wconf 81' lang='lat' dir='ltr'><strong>quod</strong></span> <span class='ocrx_word' id='word_1_375' title='bbox 1126 1761 1196 1800; x_wconf 75' lang='lat' dir='ltr'><strong>[ecit</strong></span> <span class='ocrx_word' id='word_1_376' title='bbox 1209 1760 1353 1801; x_wconf 76' lang='lat' dir='ltr'><strong>Catulus]</strong></span> <span class='ocrx_word' id='word_1_377' title='bbox 1368 1757 1536 1791; x_wconf 84' lang='lat' dir='ltr'><strong>Plutarch.</strong></span> <span class='ocrx_word' id='word_1_378' title='bbox 1549 1759 1633 1792; x_wconf 90' lang='lat' dir='ltr'><strong>Mar.</strong></span> <span class='ocrx_word' id='word_1_379' title='bbox 1644 1771 1672 1792; x_wconf 93' lang='lat' dir='ltr'><strong>c.</strong></span> <span class='ocrx_word' id='word_1_380' title='bbox 1681 1756 1738 1793; x_wconf 78' lang='grc'><strong>44.</strong></span> 
     </span>
     <span class='ocr_line' id='line_1_53' title="bbox 963 1801 1739 1860; baseline 0.003 -23"><span class='ocrx_word' id='word_1_381' title='bbox 963 1816 996 1849; x_wconf 93' lang='lat' dir='ltr'><strong>p.</strong></span> <span class='ocrx_word' id='word_1_382' title='bbox 1006 1802 1083 1838; x_wconf 72' lang='lat'><strong>431.</strong></span> <span class='ocrx_word' id='word_1_383' title='bbox 1096 1805 1209 1836; x_wconf 65' lang='lat' dir='ltr'><strong>Frefi:</strong></span> <span class='ocrx_word' id='word_1_384' title='bbox 1235 1801 1372 1842; x_wconf 79' lang='grc' dir='ltr'>Κάτλος</span> <span class='ocrx_word' id='word_1_385' title='bbox 1393 1802 1432 1838; x_wconf 86' lang='grc' dir='ltr'><strong>δε</strong></span> <span class='ocrx_word' id='word_1_386' title='bbox 1444 1802 1640 1844; x_wconf 85' lang='grc' dir='ltr'>Λουτάτιος,</span> <span class='ocrx_word' id='word_1_387' title='bbox 1661 1805 1739 1860; x_wconf 56' lang='lat' dir='ltr'><strong>Ma:</strong></span> 
     </span>
     <span class='ocr_line' id='line_1_54' title="bbox 965 1847 1733 1895; baseline 0.001 -11"><span class='ocrx_word' id='word_1_388' title='bbox 965 1850 1026 1894; x_wconf 81' lang='grc' dir='ltr'><strong>ρίῳ</strong></span> <span class='ocrx_word' id='word_1_389' title='bbox 1049 1847 1214 1892; x_wconf 71' lang='grc' dir='ltr'><strong>συνάρξας</strong></span> <span class='ocrx_word' id='word_1_390' title='bbox 1248 1849 1307 1884; x_wconf 77' lang='grc' dir='ltr'><strong>καὶ</strong></span> <span class='ocrx_word' id='word_1_391' title='bbox 1340 1851 1456 1892; x_wconf 60' lang='grc' dir='ltr'><strong>συνὲρ.</strong></span> <span class='ocrx_word' id='word_1_392' title='bbox 1458 1848 1637 1895; x_wconf 78' lang='grc' dir='ltr'>αμβεύσας</span> <span class='ocrx_word' id='word_1_393' title='bbox 1667 1847 1733 1885; x_wconf 68' lang='grc' dir='ltr'><strong>ἀπὸ</strong></span> 
     </span>
     <span class='ocr_line' id='line_1_55' title="bbox 962 1893 1739 1951; baseline 0.001 -22"><span class='ocrx_word' id='word_1_394' title='bbox 962 1896 1140 1951; x_wconf 77' lang='grc' dir='ltr'><strong>Κίμβρων,</strong></span> <span class='ocrx_word' id='word_1_395' title='bbox 1163 1895 1237 1930; x_wconf 78' lang='grc' dir='ltr'>ἐπεὶ</span> <span class='ocrx_word' id='word_1_396' title='bbox 1254 1893 1341 1939; x_wconf 80' lang='grc' dir='ltr'>πρὸς</span> <span class='ocrx_word' id='word_1_397' title='bbox 1357 1893 1437 1934; x_wconf 74' lang='grc' dir='ltr'>τοὺς</span> <span class='ocrx_word' id='word_1_398' title='bbox 1457 1894 1635 1948; x_wconf 80' lang='grc' dir='ltr'>δεομένους</span> <span class='ocrx_word' id='word_1_399' title='bbox 1653 1893 1739 1940; x_wconf 81' lang='grc' dir='ltr'>υπὲρ</span> 
     </span>
     <span class='ocr_line' id='line_1_56' title="bbox 964 1937 1739 1996; baseline 0.001 -21"><span class='ocrx_word' id='word_1_400' title='bbox 964 1938 1067 1975; x_wconf 77' lang='grc' dir='ltr'>αυτοῦ</span> <span class='ocrx_word' id='word_1_401' title='bbox 1100 1941 1159 1976; x_wconf 74' lang='grc' dir='ltr'><strong>καὶ</strong></span> <span class='ocrx_word' id='word_1_402' title='bbox 1184 1940 1468 1996; x_wconf 80' lang='grc' dir='ltr'>παραιτουμένους</span> <span class='ocrx_word' id='word_1_403' title='bbox 1491 1953 1509 1976; x_wconf 91' lang='grc' dir='ltr'>ο</span> <span class='ocrx_word' id='word_1_404' title='bbox 1531 1937 1664 1984; x_wconf 82' lang='grc' dir='ltr'>Μάριος</span> <span class='ocrx_word' id='word_1_405' title='bbox 1680 1953 1739 1976; x_wconf 84' lang='grc' dir='ltr'>το·-</span> 
     </span>
     <span class='ocr_line' id='line_1_57' title="bbox 965 1983 1739 2041; baseline 0 -20"><span class='ocrx_word' id='word_1_406' title='bbox 965 1987 1082 2021; x_wconf 69' lang='grc' dir='ltr'>σοῦτοι</span> <span class='ocrx_word' id='word_1_407' title='bbox 1107 1985 1204 2041; x_wconf 81' lang='grc' dir='ltr'>μόνον</span> <span class='ocrx_word' id='word_1_408' title='bbox 1230 1985 1274 2022; x_wconf 83' lang='grc' dir='ltr'><strong>εἶ</strong></span> <span class='ocrx_word' id='word_1_409' title='bbox 1274 1998 1340 2027; x_wconf 72' lang='grc' dir='ltr'><strong>εεν,</strong></span> <span class='ocrx_word' id='word_1_410' title='bbox 1362 1983 1562 2021; x_wconf 71' lang='grc' dir='ltr'>Ἀποὶτανεῖν</span> <span class='ocrx_word' id='word_1_411' title='bbox 1583 1989 1648 2028; x_wconf 85' lang='grc' dir='ltr'><strong>δεῖ,</strong></span> <span class='ocrx_word' id='word_1_412' title='bbox 1673 1999 1739 2021; x_wconf 88' lang='grc' dir='ltr'><strong>κα-</strong></span> 
     </span>
     <span class='ocr_line' id='line_1_58' title="bbox 962 2030 1741 2088; baseline 0.001 -21"><span class='ocrx_word' id='word_1_413' title='bbox 962 2030 1170 2088; x_wconf 80' lang='grc' dir='ltr'>τακλεισάμε</span> <span class='ocrx_word' id='word_1_414' title='bbox 1172 2045 1226 2072; x_wconf 78' lang='grc' dir='ltr'><strong>νος</strong></span> <span class='ocrx_word' id='word_1_415' title='bbox 1260 2032 1310 2072; x_wconf 77' lang='grc' dir='ltr'><strong>εἰς</strong></span> <span class='ocrx_word' id='word_1_416' title='bbox 1343 2032 1472 2087; x_wconf 81' lang='grc' dir='ltr'>οἴκημα</span> <span class='ocrx_word' id='word_1_417' title='bbox 1507 2032 1567 2067; x_wconf 72' lang='grc' dir='ltr'><strong>καὶ</strong></span> <span class='ocrx_word' id='word_1_418' title='bbox 1597 2031 1741 2073; x_wconf 78' lang='grc' dir='ltr'>πολλοὺς</span> 
     </span>
     <span class='ocr_line' id='line_1_59' title="bbox 963 2074 1600 2122; baseline -0.002 -9"><span class='ocrx_word' id='word_1_419' title='bbox 963 2076 1138 2121; x_wconf 68' lang='grc' dir='ltr'>ἄνὲτρακας</span> <span class='ocrx_word' id='word_1_420' title='bbox 1162 2078 1263 2119; x_wconf 77' lang='grc' dir='ltr'>ἐκζω</span> <span class='ocrx_word' id='word_1_421' title='bbox 1254 2077 1398 2121; x_wconf 66' lang='grc' dir='ltr'>τυρίσας</span> <span class='ocrx_word' id='word_1_422' title='bbox 1423 2074 1600 2122; x_wconf 74' lang='grc' dir='ltr'><strong>ἀπεπνίγη.</strong></span> 
     </span>
    </p>

    <p class='ocr_par' dir='ltr' id='par_1_21' title="bbox 963 2123 1742 2204">
     <span class='ocr_line' id='line_1_60' title="bbox 1032 2123 1742 2169; baseline 0.001 -12"><span class='ocrx_word' id='word_1_423' title='bbox 1032 2135 1087 2157; x_wconf 76' lang='lat' dir='ltr'><strong>sex</strong></span> <span class='ocrx_word' id='word_1_424' title='bbox 1119 2135 1192 2158; x_wconf 82' lang='lat' dir='ltr'><strong>suos</strong></span> <span class='ocrx_word' id='word_1_425' title='bbox 1218 2145 1264 2149; x_wconf 93' lang='lat'><strong>--</strong></span> <span class='ocrx_word' id='word_1_426' title='bbox 1286 2123 1481 2168; x_wconf 80' lang='lat' dir='ltr'><strong>consulatus]</strong></span> <span class='ocrx_word' id='word_1_427' title='bbox 1517 2124 1574 2169; x_wconf 86' lang='lat' dir='ltr'><strong>qui</strong></span> <span class='ocrx_word' id='word_1_428' title='bbox 1605 2125 1742 2158; x_wconf 86' lang='lat' dir='ltr'><strong>fuerunt</strong></span> 
     </span>
     <span class='ocr_line' id='line_1_61' title="bbox 963 2167 1429 2204; baseline -0.002 -2"><span class='ocrx_word' id='word_1_429' title='bbox 963 2169 1051 2202; x_wconf 89' lang='lat' dir='ltr'><strong>inter</strong></span> <span class='ocrx_word' id='word_1_430' title='bbox 1071 2167 1138 2204; x_wconf 86' lang='lat'><strong>647</strong></span> <span class='ocrx_word' id='word_1_431' title='bbox 1153 2190 1195 2194; x_wconf 90' lang='lat'>—</span> <span class='ocrx_word' id='word_1_432' title='bbox 1209 2168 1277 2204; x_wconf 71' lang='lat'>654</span> <span class='ocrx_word' id='word_1_433' title='bbox 1298 2182 1326 2202; x_wconf 85' lang='lat' dir='ltr'><strong>a.</strong></span> <span class='ocrx_word' id='word_1_434' title='bbox 1348 2182 1379 2201; x_wconf 73' lang='lat' dir='ltr'><strong>u.</strong></span> <span class='ocrx_word' id='word_1_435' title='bbox 1402 2181 1429 2202; x_wconf 90' lang='lat' dir='ltr'><strong>c.</strong></span> 
     </span>
    </p>

    <p class='ocr_par' dir='ltr' id='par_1_22' title="bbox 963 2215 1741 2443">
     <span class='ocr_line' id='line_1_62' title="bbox 1035 2215 1741 2257; baseline 0.004 -10"><span class='ocrx_word' id='word_1_436' title='bbox 1035 2215 1112 2247; x_wconf 49' lang='lat' dir='ltr'><strong>Cap</strong></span> <span class='ocrx_word' id='word_1_437' title='bbox 1126 2217 1208 2248; x_wconf 90' lang='lat' dir='ltr'><strong>XX.</strong></span> <span class='ocrx_word' id='word_1_438' title='bbox 1243 2216 1297 2250; x_wconf 76' lang='lat'><strong>57.</strong></span> <span class='ocrx_word' id='word_1_439' title='bbox 1332 2216 1659 2257; x_wconf 69' lang='lat' dir='ltr'><strong>Duodequadraginta</strong></span> <span class='ocrx_word' id='word_1_440' title='bbox 1681 2227 1741 2250; x_wconf 84' lang='lat' dir='ltr'><strong>an·</strong></span> 
     </span>
     <span class='ocr_line' id='line_1_63' title="bbox 964 2260 1740 2305; baseline 0 -11"><span class='ocrx_word' id='word_1_441' title='bbox 964 2263 1034 2304; x_wconf 73' lang='lat' dir='ltr'><strong>nos]</strong></span> <span class='ocrx_word' id='word_1_442' title='bbox 1061 2261 1102 2292; x_wconf 88' lang='lat' dir='ltr'><strong>de</strong></span> <span class='ocrx_word' id='word_1_443' title='bbox 1121 2262 1164 2294; x_wconf 85' lang='lat' dir='ltr'><strong>N.</strong></span> <span class='ocrx_word' id='word_1_444' title='bbox 1181 2262 1295 2300; x_wconf 81' lang='lat' dir='ltr'><strong>D.111,</strong></span> <span class='ocrx_word' id='word_1_445' title='bbox 1309 2260 1370 2294; x_wconf 78' lang='lat'><strong>33:</strong></span> <span class='ocrx_word' id='word_1_446' title='bbox 1398 2260 1740 2305; x_wconf 85' lang='lat' dir='ltr'><strong>Duodequadraginta</strong></span> 
     </span>
     <span class='ocr_line' id='line_1_64' title="bbox 964 2306 1741 2352; baseline 0.001 -13"><span class='ocrx_word' id='word_1_447' title='bbox 964 2306 1144 2350; x_wconf 81' lang='lat' dir='ltr'><strong>Dionysius</strong></span> <span class='ocrx_word' id='word_1_448' title='bbox 1178 2314 1341 2351; x_wconf 85' lang='lat' dir='ltr'><strong>tyrannus</strong></span> <span class='ocrx_word' id='word_1_449' title='bbox 1372 2318 1478 2339; x_wconf 83' lang='lat' dir='ltr'><strong>annos</strong></span> <span class='ocrx_word' id='word_1_450' title='bbox 1502 2306 1568 2339; x_wconf 84' lang='lat' dir='ltr'><strong>fuit</strong></span> <span class='ocrx_word' id='word_1_451' title='bbox 1595 2307 1741 2352; x_wconf 88' lang='lat' dir='ltr'><strong>opulen-</strong></span> 
     </span>
     <span class='ocr_line' id='line_1_65' title="bbox 963 2352 1740 2386; baseline 0.003 -2"><span class='ocrx_word' id='word_1_452' title='bbox 963 2353 1110 2385; x_wconf 85' lang='lat' dir='ltr'><strong>tissimae</strong></span> <span class='ocrx_word' id='word_1_453' title='bbox 1133 2359 1168 2384; x_wconf 88' lang='lat' dir='ltr'><strong>et</strong></span> <span class='ocrx_word' id='word_1_454' title='bbox 1190 2352 1399 2385; x_wconf 79' lang='lat' dir='ltr'><strong>beatissimae</strong></span> <span class='ocrx_word' id='word_1_455' title='bbox 1424 2352 1578 2385; x_wconf 86' lang='lat' dir='ltr'><strong>civitatis.</strong></span> <span class='ocrx_word' id='word_1_456' title='bbox 1601 2373 1648 2378; x_wconf 97' lang='lat'><strong>—</strong></span> <span class='ocrx_word' id='word_1_457' title='bbox 1678 2354 1740 2386; x_wconf 87' lang='lat' dir='ltr'><strong>Iu—</strong></span> 
     </span>
     <span class='ocr_line' id='line_1_66' title="bbox 964 2397 1582 2443; baseline 0 -13"><span class='ocrx_word' id='word_1_458' title='bbox 964 2398 1163 2442; x_wconf 83' lang='lat' dir='ltr'><strong>telligendus</strong></span> <span class='ocrx_word' id='word_1_459' title='bbox 1188 2406 1239 2431; x_wconf 90' lang='lat' dir='ltr'><strong>est</strong></span> <span class='ocrx_word' id='word_1_460' title='bbox 1263 2397 1441 2443; x_wconf 79' lang='lat' dir='ltr'><strong>Dionysius</strong></span> <span class='ocrx_word' id='word_1_461' title='bbox 1465 2398 1582 2431; x_wconf 86' lang='lat' dir='ltr'><strong>maior.</strong></span> 
     </span>
    </p>

    <p class='ocr_par' dir='ltr' id='par_1_23' title="bbox 964 2443 1742 2530">
     <span class='ocr_line' id='line_1_67' title="bbox 1032 2443 1742 2488; baseline 0 -12"><span class='ocrx_word' id='word_1_462' title='bbox 1032 2447 1144 2486; x_wconf 78' lang='lat' dir='ltr'><strong>quibus</strong></span> <span class='ocrx_word' id='word_1_463' title='bbox 1163 2449 1269 2477; x_wconf 82' lang='lat' dir='ltr'><strong>aulem</strong></span> <span class='ocrx_word' id='word_1_464' title='bbox 1284 2446 1408 2487; x_wconf 83' lang='lat' dir='ltr'><strong>opibus]</strong></span> <span class='ocrx_word' id='word_1_465' title='bbox 1430 2445 1480 2476; x_wconf 91' lang='lat' dir='ltr'><strong>De</strong></span> <span class='ocrx_word' id='word_1_466' title='bbox 1497 2443 1662 2488; x_wconf 80' lang='lat' dir='ltr'><strong>particula</strong></span> <span class='ocrx_word' id='word_1_467' title='bbox 1681 2453 1742 2477; x_wconf 83' lang='lat' dir='ltr'><strong>au-</strong></span> 
     </span>
     <span class='ocr_line' id='line_1_68' title="bbox 964 2489 1339 2530; baseline 0.003 -8"><span class='ocrx_word' id='word_1_468' title='bbox 964 2494 1025 2522; x_wconf 83' lang='lat' dir='ltr'><strong>tem</strong></span> <span class='ocrx_word' id='word_1_469' title='bbox 1048 2502 1080 2521; x_wconf 78' lang='lat' dir='ltr'><strong>v.</strong></span> <span class='ocrx_word' id='word_1_470' title='bbox 1105 2489 1147 2522; x_wconf 81' lang='lat' dir='ltr'><strong>ad</strong></span> <span class='ocrx_word' id='word_1_471' title='bbox 1172 2491 1218 2523; x_wconf 89' lang='lat' dir='ltr'><strong>IV</strong></span> <span class='ocrx_word' id='word_1_472' title='bbox 1241 2493 1282 2530; x_wconf 78' lang='lat'><strong>2,</strong></span> <span class='ocrx_word' id='word_1_473' title='bbox 1307 2491 1339 2523; x_wconf 84' lang='lat'><strong>5.</strong></span> 
     </span>
    </p>

    <p class='ocr_par' dir='ltr' id='par_1_24' title="bbox 965 2534 1742 2992">
     <span class='ocr_line' id='line_1_69' title="bbox 1033 2534 1739 2579; baseline 0 -12"><span class='ocrx_word' id='word_1_474' title='bbox 1033 2538 1077 2568; x_wconf 86' lang='lat' dir='ltr'><strong>sic</strong></span> <span class='ocrx_word' id='word_1_475' title='bbox 1100 2538 1252 2576; x_wconf 76' lang='lat' dir='ltr'><strong>scriptum</strong></span> <span class='ocrx_word' id='word_1_476' title='bbox 1272 2534 1465 2579; x_wconf 85' lang='lat' dir='ltr'><strong>accepimus]</strong></span> <span class='ocrx_word' id='word_1_477' title='bbox 1498 2534 1630 2567; x_wconf 85' lang='lat' dir='ltr'><strong>Cornel.</strong></span> <span class='ocrx_word' id='word_1_478' title='bbox 1650 2535 1739 2579; x_wconf 88' lang='lat' dir='ltr'><strong>Nep.</strong></span> 
     </span>
     <span class='ocr_line' id='line_1_70' title="bbox 965 2579 1739 2624; baseline 0.001 -13"><span class='ocrx_word' id='word_1_479' title='bbox 965 2579 1008 2612; x_wconf 89' lang='lat' dir='ltr'><strong>de</strong></span> <span class='ocrx_word' id='word_1_480' title='bbox 1029 2580 1258 2622; x_wconf 78' lang='lat' dir='ltr'><strong>Regib.c.11.</strong></span> <span class='ocrx_word' id='word_1_481' title='bbox 1283 2582 1329 2613; x_wconf 91' lang='lat' dir='ltr'><strong>Et</strong></span> <span class='ocrx_word' id='word_1_482' title='bbox 1348 2592 1448 2613; x_wconf 78' lang='lat' dir='ltr'><strong>manu</strong></span> <span class='ocrx_word' id='word_1_483' title='bbox 1469 2580 1570 2620; x_wconf 84' lang='lat' dir='ltr'><strong>fortis</strong></span> <span class='ocrx_word' id='word_1_484' title='bbox 1591 2580 1739 2624; x_wconf 84' lang='lat' dir='ltr'><strong>(Diony—</strong></span> 
     </span>
     <span class='ocr_line' id='line_1_71' title="bbox 965 2625 1741 2670; baseline 0.004 -14"><span class='ocrx_word' id='word_1_485' title='bbox 965 2625 1044 2667; x_wconf 72' lang='lat' dir='ltr'><strong>sius)</strong></span> <span class='ocrx_word' id='word_1_486' title='bbox 1070 2632 1104 2657; x_wconf 86' lang='lat' dir='ltr'><strong>et</strong></span> <span class='ocrx_word' id='word_1_487' title='bbox 1125 2626 1204 2658; x_wconf 89' lang='lat' dir='ltr'><strong>belli</strong></span> <span class='ocrx_word' id='word_1_488' title='bbox 1225 2626 1351 2670; x_wconf 88' lang='lat' dir='ltr'><strong>peritus</strong></span> <span class='ocrx_word' id='word_1_489' title='bbox 1374 2626 1439 2658; x_wconf 84' lang='lat' dir='ltr'><strong>fuit</strong></span> <span class='ocrx_word' id='word_1_490' title='bbox 1458 2632 1511 2666; x_wconf 84' lang='lat' dir='ltr'><strong>et,</strong></span> <span class='ocrx_word' id='word_1_491' title='bbox 1536 2625 1572 2658; x_wconf 89' lang='lat' dir='ltr'><strong>id</strong></span> <span class='ocrx_word' id='word_1_492' title='bbox 1592 2626 1715 2669; x_wconf 88' lang='lat' dir='ltr'><strong>quod</strong></span> <span class='ocrx_word' id='word_1_493' title='bbox 1705 2638 1741 2659; x_wconf 86' lang='lat' dir='ltr'><strong>m</strong></span> 
     </span>
     <span class='ocr_line' id='line_1_72' title="bbox 965 2671 1741 2715; baseline 0.004 -14"><span class='ocrx_word' id='word_1_494' title='bbox 965 2677 1110 2713; x_wconf 79' lang='lat' dir='ltr'><strong>tyranno</strong></span> <span class='ocrx_word' id='word_1_495' title='bbox 1131 2683 1199 2704; x_wconf 88' lang='lat' dir='ltr'><strong>non</strong></span> <span class='ocrx_word' id='word_1_496' title='bbox 1222 2671 1322 2704; x_wconf 81' lang='lat' dir='ltr'><strong>facile</strong></span> <span class='ocrx_word' id='word_1_497' title='bbox 1340 2672 1514 2715; x_wconf 86' lang='lat' dir='ltr'><strong>reperitur,</strong></span> <span class='ocrx_word' id='word_1_498' title='bbox 1539 2671 1675 2704; x_wconf 87' lang='lat' dir='ltr'><strong>minime</strong></span> <span class='ocrx_word' id='word_1_499' title='bbox 1694 2671 1741 2704; x_wconf 87' lang='lat' dir='ltr'><strong>li-</strong></span> 
     </span>
     <span class='ocr_line' id='line_1_73' title="bbox 965 2715 1740 2759; baseline 0.005 -13"><span class='ocrx_word' id='word_1_500' title='bbox 965 2715 1159 2754; x_wconf 85' lang='lat' dir='ltr'><strong>bidinosus‚</strong></span> <span class='ocrx_word' id='word_1_501' title='bbox 1192 2729 1260 2749; x_wconf 88' lang='lat' dir='ltr'><strong>non</strong></span> <span class='ocrx_word' id='word_1_502' title='bbox 1282 2717 1488 2758; x_wconf 84' lang='lat' dir='ltr'><strong>luxuriosus,</strong></span> <span class='ocrx_word' id='word_1_503' title='bbox 1520 2728 1589 2750; x_wconf 89' lang='lat' dir='ltr'><strong>non</strong></span> <span class='ocrx_word' id='word_1_504' title='bbox 1610 2729 1740 2759; x_wconf 82' lang='lat' dir='ltr'><strong>avarus,</strong></span> 
     </span>
     <span class='ocr_line' id='line_1_74' title="bbox 965 2760 1740 2815; baseline 0.005 -23"><span class='ocrx_word' id='word_1_505' title='bbox 965 2760 1086 2793; x_wconf 87' lang='lat' dir='ltr'><strong>nullius</strong></span> <span class='ocrx_word' id='word_1_506' title='bbox 1110 2761 1159 2793; x_wconf 89' lang='lat' dir='ltr'><strong>rei</strong></span> <span class='ocrx_word' id='word_1_507' title='bbox 1181 2762 1323 2815; x_wconf 82' lang='lat' dir='ltr'><strong>denique</strong></span> <span class='ocrx_word' id='word_1_508' title='bbox 1346 2762 1504 2806; x_wconf 88' lang='lat' dir='ltr'><strong>cupidus,</strong></span> <span class='ocrx_word' id='word_1_509' title='bbox 1534 2763 1599 2795; x_wconf 84' lang='lat' dir='ltr'><strong>nisi</strong></span> <span class='ocrx_word' id='word_1_510' title='bbox 1623 2763 1740 2808; x_wconf 86' lang='lat' dir='ltr'><strong>singu-</strong></span> 
     </span>
     <span class='ocr_line' id='line_1_75' title="bbox 965 2806 1742 2854; baseline 0.004 -15"><span class='ocrx_word' id='word_1_511' title='bbox 965 2806 1043 2839; x_wconf 86' lang='lat' dir='ltr'><strong>laris</strong></span> <span class='ocrx_word' id='word_1_512' title='bbox 1064 2807 1284 2851; x_wconf 84' lang='lat' dir='ltr'><strong>perpetuique</strong></span> <span class='ocrx_word' id='word_1_513' title='bbox 1304 2808 1435 2852; x_wconf 87' lang='lat' dir='ltr'><strong>imperii</strong></span> <span class='ocrx_word' id='word_1_514' title='bbox 1450 2808 1493 2841; x_wconf 90' lang='lat' dir='ltr'><strong>ob</strong></span> <span class='ocrx_word' id='word_1_515' title='bbox 1511 2820 1650 2854; x_wconf 88' lang='lat' dir='ltr'><strong>eamque</strong></span> <span class='ocrx_word' id='word_1_516' title='bbox 1669 2820 1742 2842; x_wconf 84' lang='lat' dir='ltr'><strong>rem</strong></span> 
     </span>
     <span class='ocr_line' id='line_1_76' title="bbox 967 2853 1741 2894; baseline 0.004 -10"><span class='ocrx_word' id='word_1_517' title='bbox 967 2853 1120 2885; x_wconf 85' lang='lat' dir='ltr'><strong>crudelis.</strong></span> <span class='ocrx_word' id='word_1_518' title='bbox 1167 2854 1257 2886; x_wconf 88' lang='lat' dir='ltr'><strong>Nam</strong></span> <span class='ocrx_word' id='word_1_519' title='bbox 1288 2854 1368 2886; x_wconf 91' lang='lat' dir='ltr'><strong>dum</strong></span> <span class='ocrx_word' id='word_1_520' title='bbox 1388 2853 1424 2886; x_wconf 91' lang='lat' dir='ltr'><strong>id</strong></span> <span class='ocrx_word' id='word_1_521' title='bbox 1442 2854 1571 2888; x_wconf 82' lang='lat' dir='ltr'><strong>studuit</strong></span> <span class='ocrx_word' id='word_1_522' title='bbox 1598 2854 1741 2894; x_wconf 87' lang='lat' dir='ltr'><strong>munire,</strong></span> 
     </span>
     <span class='ocr_line' id='line_1_77' title="bbox 966 2898 1741 2945; baseline 0.004 -15"><span class='ocrx_word' id='word_1_523' title='bbox 966 2898 1086 2931; x_wconf 86' lang='lat' dir='ltr'><strong>nullius</strong></span> <span class='ocrx_word' id='word_1_524' title='bbox 1119 2899 1272 2943; x_wconf 86' lang='lat' dir='ltr'><strong>pepercit</strong></span> <span class='ocrx_word' id='word_1_525' title='bbox 1295 2900 1403 2941; x_wconf 84' lang='lat' dir='ltr'><strong>vitae,</strong></span> <span class='ocrx_word' id='word_1_526' title='bbox 1439 2912 1538 2945; x_wconf 88' lang='lat' dir='ltr'><strong>quem</strong></span> <span class='ocrx_word' id='word_1_527' title='bbox 1563 2900 1632 2933; x_wconf 88' lang='lat' dir='ltr'><strong>eius</strong></span> <span class='ocrx_word' id='word_1_528' title='bbox 1655 2899 1741 2933; x_wconf 84' lang='lat' dir='ltr'><strong>insi-</strong></span> 
     </span>
     <span class='ocr_line' id='line_1_78' title="bbox 991 2945 1742 2992; baseline 0.004 -16"><span class='ocrx_word' id='word_1_529' title='bbox 991 2951 1132 2978; x_wconf 75' lang='lat' dir='ltr'><strong>iatoiem</strong></span> <span class='ocrx_word' id='word_1_530' title='bbox 1164 2951 1309 2989; x_wconf 84' lang='lat' dir='ltr'><strong>putaret.</strong></span> <span class='ocrx_word' id='word_1_531' title='bbox 1359 2946 1502 2981; x_wconf 89' lang='lat' dir='ltr'><strong>Omissio</strong></span> <span class='ocrx_word' id='word_1_532' title='bbox 1535 2945 1742 2992; x_wconf 83' lang='lat' dir='ltr'><strong>pronominis</strong></span> 
     </span>
    </p>
   </div>
  </div>
 </body>
</html>
