1827 3101
134 57 191 99 68

134 162 251 204 quum
274 160 297 189 e
320 158 486 202 corpore
510 142 782 194 excesserint,
815 142 902 185 sive
922 142 975 184 illi
997 143 1078 184 sint
1097 141 1312 194 animales,
1345 141 1384 182 id
1406 147 1468 183 est
1489 142 1712 199 spirabiles,

817 222 887 259 41.
922 215 968 259 Si
1003 231 1101 259 vero
1140 223 1207 257 aut
1243 230 1430 258 numerus
1469 217 1625 273 quidam
1665 218 1718 259 sit

726 63 892 95 Linea
919 63 943 95 1.
974 60 1037 105 ιτ,
1061 61 1117 95 41.

134 224 219 267 sive
255 223 386 278 ignei,
434 220 597 261 sublime
638 217 747 258 ferri.

135 298 314 349 animus,
357 295 458 350 quod
484 293 680 334 subtiliter
703 291 829 346 magis
857 306 971 347 quam
998 292 1163 332 dilucide
1194 291 1356 344 dicitur,
1398 299 1466 334 aut
1490 291 1625 347 quinta
1650 292 1718 333 illa

652 380 767 421 quam
794 380 873 407 non
895 367 1093 408 intellecta
1125 373 1289 407 natura:
1331 366 1452 408 multo
1475 366 1593 407 etiam
1615 365 1719 407 inte-

135 387 214 414 non
238 371 437 412 nominata
460 368 608 423 magis,

138 447 269 502 griora
301 459 345 485 ae
374 444 532 499 puriora
564 448 679 493 sunt,
725 449 767 482 ut
799 455 820 482 a
851 447 956 482 terra
986 440 1216 496 longissime
1247 454 1291 482 se
1321 440 1503 482 efferant.
1566 439 1718 482 Horum

137 522 255 577 igitur
279 519 419 573 aliquid
453 518 607 558 animus
642 523 729 567 est,
776 529 825 556 ne
850 522 928 556 tam
962 522 1105 571 vegeta
1134 529 1245 556 mens
1280 522 1348 556 aut
1380 514 1421 556 in
1455 515 1574 557 corde
1607 529 1718 556 cere-

139 597 286 644 brove,
321 600 388 634 aut
418 592 457 633 in
488 590 754 646 Empedocleo
786 590 980 646 sanguine
1011 591 1193 631 demersa
1223 589 1366 630 iaceat.

248 665 411 709 XVIII.

137 743 286 800 scipulo
307 756 403 792 su0,
438 740 574 781 doctos
598 753 692 780 sane
716 739 894 780 homines
910 771 921 791 ,
955 739 1204 779 omittamus:
1238 753 1402 793 quorum
1425 738 1527 780 alter
1550 752 1600 780 ne
1625 752 1720 780 con-

471 665 757 707 Dicaearchum
789 679 886 706 vero
921 678 1006 705 cuni
1031 664 1280 705 Aristoxeno
1297 695 1308 715 ‚
1342 663 1497 719 aequali
1522 669 1563 705 et
1584 663 1719 705 condi-

139 819 311 861 doluisse
333 816 487 871 quidem
514 828 682 869 unquam
706 815 877 865 videtur,
912 814 975 868 qui
998 813 1169 854 animum
1194 826 1238 854 se
1266 812 1411 854 habere
1445 827 1522 854 non
1547 813 1718 864 sentiat3

137 895 237 935 alter
261 893 313 933 ita
334 891 550 931 delectatur
572 889 653 929 suis
675 889 877 940 cantibus,
912 895 954 929 ut
978 902 1046 929 eos
1075 889 1191 929 etiam
1218 887 1265 928 ad
1289 887 1386 928 haec
1411 888 1627 929 transferre
1654 901 1721 929 co-

136 976 267 1010 netur.
329 963 584 1005 Hurniouimn
615 970 745 1004 autem
781 977 835 1004 ex
868 963 1087 1004 intervallis
1120 976 1307 1003 sonorum
1338 975 1458 1002 nosse
1492 976 1718 1018 possumus,

137 1056 302 1098 quorum
328 1039 438 1080 varia
467 1037 699 1092 compositio
723 1037 840 1078 etiam
864 1037 1090 1078 harmonias
1116 1036 1232 1077 efficit
1255 1036 1413 1091 plurcs3
1455 1035 1721 1078 membrorum

137 1131 233 1158 vero
257 1115 354 1155 situs
378 1121 415 1153 et
440 1115 562 1167 ligura
586 1111 763 1166 corporis
780 1144 790 1162 ,
823 1125 972 1154 vacans
1001 1111 1156 1162 animo,
1192 1124 1304 1165 quam
1329 1109 1454 1165 possit
1478 1110 1721 1152 harmoniam

139 1193 317 1239 efficere,
363 1202 441 1228 non
469 1187 601 1228 video.

138 1272 224 1314 est,
267 1265 364 1304 haec
393 1262 583 1316 magistro
611 1260 802 1301 concedat
830 1259 1065 1311 Aristoteli3
1107 1273 1250 1300 canere
1279 1259 1364 1315 ipse
1392 1259 1547 1301 doceat.

665 1183 746 1226 Sed
779 1185 841 1226 hic
871 1185 1049 1240 quidem,
1094 1185 1273 1240 quamvis
1303 1184 1479 1226 eruditus
1513 1185 1590 1238 sit,
1622 1185 1724 1227 sicut

1607 1257 1720 1302 Bene

140 1340 242 1381 enim
276 1338 339 1377 illo
371 1336 619 1377 Graecorum
650 1333 860 1390 proverbio
891 1334 1153 1389 praecipitur:

377 1415 492 1461 Quam
525 1410 680 1463 quisquc
709 1412 816 1449 norit
842 1405 986 1458 artem,
1020 1412 1058 1448 l‘lz
1090 1411 1161 1448 lmc
1190 1424 1230 1448 sc
1258 1411 1449 1448 exerceat.

206 1511 334 1542 sublime
355 1510 442 1549 ferri]
471 1507 526 1539 Sic
547 1506 702 1538 meliores
721 1506 807 1538 libii.
846 1505 911 1538 Alii

140 1556 253 1607 legunt
285 1557 318 1586 in
352 1556 481 1585 sublime
514 1555 599 1594 fetri.
648 1552 755 1589 '‘NI-ile3
797 1552 911 1584 Cicero

139 1602 226 1633 enim
244 1599 427 1631 identidem
448 1601 577 1631 sublime
597 1598 659 1630 z‘idx
665 1599 745 1630 cibi
748 1598 835 1630 iliter
851 1609 912 1641 pro

137 1650 171 1680 in
193 1648 322 1679 sublime
343 1652 376 1677 ct
397 1648 429 1678 in
449 1647 574 1677 sublimi
598 1644 691 1676 disit.
740 1643 849 1677 Divin.
873 1644 911 1675 II.

138 1693 192 1731 31,
216 1692 276 1726 67:
302 1698 407 1729 scuta
434 1702 518 1735 quoe
542 1691 673 1722 suerunt
691 1693 821 1722 sublime
841 1688 912 1721 fixa.

139 1719 230 1769 Iulia
253 1734 317 1778 43,
346 1738 590 1769 l‹)*:lmn1irze
619 1748 661 1768 an
690 1738 819 1768 sublime
848 1746 915 1778 pu—

138 1789 274 1816 tresczbt
343 1783 382 1813 II.
409 1783 466 1817 10,
502 1784 564 1814 ’.4τ
603 1784 733 1814 sublime
765 1780 914 1820 avolans,

139 1830 182 1862 N.
202 1830 241 1862 D.
266 1830 304 1861 Il.
326 1828 387 1865 δὲ),
418 1828 498 1860 101:
537 1828 617 1870 (ufir)
643 1830 772 1860 sublime
796 1826 913 1859 fertur.

139 1874 204 1915 56,
236 1872 314 1907 141ῑ
352 1874 476 1914 (sonus)
503 1881 619 1905 nutura
644 1875 774 1905 sublime
796 1872 912 1904 fertur.

143 1919 194 1951 Cf.
218 1920 306 1951 infra
331 1919 499 1950 Adnotatu
519 1918 553 1950 iu
575 1919 630 1950 ΙΥ.
657 1920 718 1959 Ῐὸ,
742 1917 797 1951 42.

209 1963 264 1997 41.
314 1967 349 1996 Si
373 1974 442 1996 cero
470 1969 525 1996 aut
548 1974 696 1996 wunnerus
715 1965 847 2005 quidam
876 1966 915 1996 sit

140 2010 280 2053 animus]
307 2011 400 2049 Quae
423 2016 520 2040 antea
541 2010 582 2040 de
602 2016 718 2041 natura
738 2009 839 2041 animi
859 2016 915 2042 at-

140 2056 236 2094 tulit,
261 2062 418 2098 tanquam
439 2061 528 2086 certa
550 2066 611 2086 nec
633 2054 690 2085 ulli
711 2055 914 2087 dubitationi

142 2099 286 2135 obnoxia
310 2099 439 2143 posuit3
476 2100 534 2143 (cs.
561 2100 676 2132 verba:
713 2103 796 2132 Num
818 2103 914 2141 i9ilur

141 2149 323 2181 dubitamus
335 2146 364 2187 ?)
390 2157 474 2188 quae
495 2152 605 2177 autem
628 2157 714 2177 nunc
735 2146 777 2177 de
796 2152 914 2177 natura

142 2192 242 2225 animi
267 2197 525 2229 commemorat,
550 2202 617 2222 non
642 2198 801 2234 tanquam
822 2203 915 2222 suam

142 2238 243 2282 ipsius
254 2236 454 2269 sententiam
467 2236 561 2275 dicit,
583 2235 642 2268 sed
656 2244 814 2280 tanquam
829 2236 916 2268 alio-

142 2295 216 2317 rum
240 2283 453 2326 opinionem,
490 2293 573 2325 quae
605 2282 770 2314 subtiliter
798 2283 915 2325 magis,

143 2341 241 2374 quam
262 2328 406 2360 dilucide
429 2328 575 2367 djcanu,
612 2339 686 2359 cum
706 2327 916 2360 dubitatione

145 2375 286 2420 quadam
304 2374 444 2418 profeit.
486 2373 590 2405 Hinc:
610 2376 757 2414 si—-sic,
775 2385 843 2406 non
861 2377 915 2405 est.

215 2422 324 2462 quinta
344 2419 414 2463 illa]
441 2420 480 2450 V.
502 2430 601 2462 supra
625 2431 651 2450 c.
673 2419 733 2458 10,
757 2419 812 2452 2².

211 2478 272 2499 non
293 2468 456 2499 nominata
475 2468 598 2505 magns,
622 2474 717 2504 quam
743 2475 804 2496 non
826 2466 917 2496 intel-

144 2515 222 2546 lecta
242 2513 373 2554 natura]
403 2511 651 2548 H.e.natu1a‚
677 2521 761 2553 quae
782 2509 916 2542 nomine

145 2557 249 2607 magis
274 2564 389 2597 vacat,
427 2567 536 2608 quam
559 2566 627 2587 non
651 2554 848 2597 intelligitur
871 2574 916 2580 —

146 2615 230 2648 quae
249 2603 355 2635 minus
373 2600 547 2640 nominari,
571 2612 668 2644 quam
687 2600 830 2644 intelligi
848 2612 916 2643 po-

146 2656 214 2683 test
236 2669 280 2673 ——
310 2655 429 2681 natura
455 2647 559 2691 magis
587 2645 778 2686 intellecta,
818 2658 917 2690 quam

146 2694 330 2728 nominata.
371 2673 529 2738 Duplicio
525 2693 703 2744 negatione
724 2692 840 2725 Cicero
859 2692 915 2724 Io-

150 2747 243 2773 cutus
273 2746 344 2779 est,
380 2747 418 2772 ut
445 2740 532 2772 hanc
555 2738 754 2782 exprimeret
776 2743 916 2769 senten-

147 2785 247 2818 tiam:
285 2789 403 2818 natura
429 2788 508 2826 illa,
549 2796 647 2829 quam
677 2794 744 2816 non
777 2783 917 2816 dixerim

149 2830 283 2873 quidem
302 2843 438 2875 prorsus
456 2830 597 2873 intelligi
616 2841 726 2874 posse,
751 2829 811 2860 sed
832 2840 916 2873 quae

148 2881 259 2907 tamen
287 2884 400 2908 mente
431 2876 534 2920 magis
558 2874 795 2919 comprehendi
817 2886 916 2919 posse

148 2925 248 2963 atque
268 2921 409 2965 intelligi
430 2922 604 2962 videatur,
627 2932 723 2966 quam
745 2926 826 2964 apto
848 2931 915 2952 no-

145 2964 234 2997 mine
265 2966 436 3009 appellari
495 2967 612 3008 Qualis
639 2968 683 3000 sit
713 2965 828 3010 quinta
857 2965 915 2998 illa

947 1513 1075 1545 natura,
1091 1505 1170 1538 licet
1190 1506 1288 1550 plane
1309 1507 1496 1551 perspicere
1516 1518 1582 1539 non
1606 1505 1718 1550 possi-

947 1564 1033 1591 mus,
1072 1552 1191 1584 scimus
1213 1560 1344 1592 tumen,
1382 1553 1529 1586 divinam
1551 1563 1624 1584 eam
1647 1563 1720 1584 esse

949 1605 983 1629 et
1008 1598 1185 1631 caelestem
1209 1606 1242 1630 ct
1264 1606 1434 1631 aeternam
1466 1601 1510 1643 (v.
1535 1597 1660 1630 Aduot.
1680 1597 1724 1630 ad

951 1656 977 1676 c
999 1645 1057 1683 10,
1082 1647 1124 1676 2)
1130 1646 1171 1683 .);
1200 1644 1260 1676 sed
1281 1656 1346 1688 quo
1366 1645 1502 1677 nomine
1521 1643 1722 1688 singularem

948 1689 1038 1721 illam
1064 1696 1214 1721 naturum
1235 1690 1440 1730 ιιίἸὶοίιηιιιε,
1466 1702 1533 1722 non
1554 1690 1725 1722 habemus.

949 1736 1069 1767 Verte:
1092 1739 1161 1777 jene
1181 1738 1250 1768 cher
1269 1739 1554 1777 unbenannte,
1579 1737 1628 1768 als
1648 1746 1725 1768 un-

950 1783 1195 1823 beyriffene
1227 1784 1348 1822 Nalm,
1395 1782 1466 1813 vel:
1508 1785 1595 1824 jenes
1625 1783 1726 1822 silnfle

949 1829 1185 1868 Grundzvesen,
1208 1829 1337 1860 welches
1358 1829 1424 1860 sich
1443 1830 1530 1860 mehr
1551 1828 1650 1859 durch
1675 1829 1726 1860 die

950 1875 1100 1913 Vermmst
1118 1875 1291 1913 ενΙῑεηηεη,
1313 1875 1362 1905 als
1381 1875 1482 1905 durch
1497 1876 1586 1905 einen
1605 1875 1727 1906 Numen

949 1920 1157 1959 aussprechen
1176 1921 1263 1951 [ἐλεεῖ.
1297 1919 1337 1950 V.
1362 1930 1389 1950 e.
1412 1920 1462 1957 lt),
1488 1920 1550 1951 2’;
1573 1919 1726 1970 quintum

948 1976 1050 2016 genus
1084 1964 1241 2003 adhilnt,
1278 1974 1399 1997 vacans
1429 1967 1573 2004 nomine,
1611 1970 1646 1996 et
1676 1963 1727 1996 sic

948 2013 1053 2050 ipsum
1074 2012 1218 2042 animum
1239 2009 1446 2055 ἐνδελέχειαν
1464 1988 1614 2054 appeliat
1634 2021 1726 2043 novo

949 2067 1094 2087 nomme.

1018 2113 1054 2133 ne
1077 2106 1142 2133 tam
1164 2105 1272 2142 vc9ela
1296 2111 1382 2134 mens
1400 2120 1445 2125 —-
1460 2102 1578 2144 iaceat]
1604 2101 1724 2134 Lectio

948 2157 1002 2178 nec
1030 2149 1175 2179 —iacet
1206 2147 1313 2179 multo
1346 2146 1453 2179 minus
1489 2147 1623 2190 elegans
1660 2153 1723 2180 est.

951 2191 1143 2233 Signilicure
1164 2192 1235 2223 vult
1259 2192 1376 2225 Cicero
1390 2218 1398 2232 ,
1434 2192 1496 2225 nisi
1516 2193 1635 2225 horum
1659 2192 1726 2225 ali-

949 2237 1027 2279 quid
1049 2237 1194 2269 animum
1217 2249 1288 2269 esse
1310 2245 1512 2279 statuamus,
1538 2238 1722 2271 verendum

951 2294 1033 2321 esse,
1060 2294 1101 2314 ne
1124 2290 1190 2314 tum
1208 2283 1326 2325 vegeta
1347 2294 1439 2315 mens
1452 2302 1496 2308 —-
1509 2284 1630 2316 iaceat.

1018 2330 1051 2359 in
1075 2330 1166 2360 corde
1184 2329 1265 2371 etc]
1292 2329 1330 2359 V.
1356 2340 1383 2360 c.
1401 2327 1442 2366 9,
1472 2328 1522 2361 18.
1547 2335 1581 2360 et
1605 2329 1658 2363 19.

1021 2373 1099 2404 Cin.
1117 2374 1243 2405 XVIII.
1271 2375 1499 2406 Dicaearchum
1511 2385 1639 2408 —cum
1652 2377 1724 2409 Ari-

949 2419 1089 2462 stoxeno]
1116 2419 1157 2450 V.
1184 2430 1211 2451 c.
1231 2418 1282 2457 10,
1305 2420 1359 2452 20.
1380 2425 1414 2451 et
1430 2420 1485 2452 21.
1501 2426 1535 2452 et
1554 2432 1582 2452 c.
1602 2421 1652 2461 11,
1668 2420 1724 2454 24.

952 2466 1170 2497 Condolescere
1194 2471 1243 2496 est
1268 2464 1456 2497 vehementi
1480 2465 1598 2499 dolore
1621 2463 1736 2499 affici.⁴

949 2510 1004 2542 Sic
1023 2521 1124 2553 saepe
1146 2521 1215 2542 cum
1238 2510 1415 2543 verborum
1434 2510 1634 2555 simplicium
1657 2512 1724 2546 vim

951 2563 1050 2598 auget
1070 2562 1169 2599 atque
1190 2555 1355 2595 intendit,
1382 2563 1419 2589 ut
1436 2559 1631 2600 collaudare,
1651 2569 1725 2592 con-

948 2604 1016 2634 niti
1037 2621 1082 2626 —
1106 2603 1149 2633 ad
1172 2603 1248 2634 haec
1266 2613 1312 2634 se.
1335 2601 1379 2634 ad
1395 2613 1459 2643 res,
1485 2614 1569 2646 quae
1589 2603 1624 2635 in
1644 2603 1724 2648 phi-

949 2646 1105 2690 Iosophia
1118 2654 1149 2678 ti
1151 2654 1322 2688 actantur
1348 2654 1385 2679 ut
1398 2647 1511 2691 paullo
1526 2655 1605 2692 post
1618 2650 1670 2682 ha
1680 2659 1695 2682 e
1706 2660 1723 2682 ο

948 2694 1097 2725 concedat
1120 2695 1282 2733 magistro.

1018 2740 1228 2770 Harmoniam
1237 2757 1279 2761 —
1291 2748 1330 2770 ex
1338 2739 1511 2772 intervallis
1518 2749 1723 2782 sonorum—3

948 2793 1082 2824 quorum
1105 2785 1198 2816 varia
1221 2786 1402 2824 compositio
1422 2787 1516 2817 etiam
1539 2786 1724 2819 harmonias

949 2831 1043 2870 efficit
1063 2829 1183 2870 plures]
1208 2828 1304 2861 Plato
1326 2828 1452 2861 Phileb.
1475 2841 1508 2873 p.
1506 2828 1581 2864 17.
1599 2830 1635 2864 C.
1658 2832 1719 2864 D.:

949 2872 1084 2908 ἐπειδὰν
1108 2871 1218 2929 λά[3ῃς
1239 2871 1282 2908 τὰ
1303 2869 1522 2930 διαστήματα
1542 2876 1723 2917 (intervalla

947 2920 1107 2955 sonorum)
1143 2930 1255 2953 οποσα
1286 2918 1360 2953 ἐστὶ
1389 2918 1447 2954 τὸν
1479 2917 1626 2976 ἀριθμὸν
1656 2922 1722 2965 τῆς

949 2965 1068 3009 φωνῆς
1088 2962 1256 3008 ὀξύτητός
1286 2976 1324 2999 τε
1343 2964 1420 3010 πέρι
1439 2965 1498 3000 καὶ
1519 2964 1720 3012 βαρύτητος,
