1859 3133
621 62 1109 106 nisani.24,57.58.
1601 56 1657 101 79

51 158 115 196 nt
143 128 214 194 aut
235 151 414 207 sugeret,
459 148 499 190 id
521 160 679 204 quoque
700 153 810 188 esset
839 147 875 188 ei
897 160 1106 188 commune
1133 159 1221 188 cum
1248 144 1402 187 bestiis.
1465 153 1518 190 57
1528 180 1537 188 .
1573 147 1657 191 Ha-

51 227 119 271 bet.
146 227 316 284 primum
352 223 612 275 memoriam,
660 229 702 264 et
740 235 827 263 eam
869 222 1062 263 infinitam
1104 235 1238 263 rerum
1279 221 1654 267 innumerabiliumz

51 315 168 359 quam
198 300 353 358 quidem
376 297 494 342 Plato
520 296 841 362 recordationem
869 309 960 338 esse
992 298 1078 338 vult
1108 297 1216 339 vitae
1249 298 1486 354 superioris.
1549 298 1659 342 Nam

50 377 93 420 iu
133 376 202 419 illo
241 375 368 428 libro,
410 375 478 431 qui
506 373 737 416 inscribitur
771 372 949 423 Μένων,
995 373 1200 428 pusionem
1233 372 1659 428 quendam-Socrates

1427 450 1492 493 Ad
1524 466 1572 494 ea
1601 453 1659 494 sic

50 528 118 571 ille
137 526 376 584 respondet,
411 533 455 567 ut
479 538 603 582 puer,
637 531 678 566 et
704 532 835 565 tamen
864 524 917 564 ita
943 523 1079 564 faciles
1104 524 1441 579 interrogationes
1464 535 1582 580 sunt,
1616 537 1660 571 ut

47 602 244 659 gradatim
275 601 522 658 respondens
552 599 691 642 eodem
713 599 946 656 perveniat,
991 613 1069 654 qno
1100 600 1132 640 si
1168 602 1410 654 geometrica
1438 602 1657 647 didicisset.

51 676 122 720 Ex
143 691 222 734 quo
244 677 344 720 effici
365 676 450 719 vult
469 674 688 728 Socrates,
724 682 766 717 ut
792 675 947 716 discere
972 675 1067 716 nihil
1090 675 1194 716 aliud
1216 675 1292 726 sit,
1337 677 1412 717 nisi
1437 680 1657 722 recordari.

57 752 189 810 Quem
209 753 340 795 locum
362 752 484 794 multo
507 752 624 793 etiam
651 751 875 793 accuratius
896 751 1071 807 explicat
1090 751 1128 791 in
1147 764 1195 792 eo
1215 764 1419 804 sermone,
1453 768 1567 809 quem
1594 755 1663 798 ha-

51 453 274 508 interrogat
303 450 497 508 quaedam
528 448 773 506 geometrica
809 448 856 489 de
886 448 1134 489 dimensione
1168 449 1364 504 quadrati.

52 828 139 872 buit
166 841 214 871 eo
241 828 328 886 ipso
351 827 442 879 die,
484 842 562 883 qno
594 828 774 869 excessit
806 841 828 868 e
857 827 967 878 vitag
1012 827 1128 867 docet
1160 827 1292 878 enim,
1341 829 1548 883 quemvis,
1596 833 1662 887 qui

54 904 228 947 omnium
258 917 394 946 rerum
420 902 530 944 rudis
555 917 647 945 esse
674 904 882 954 videatur,
927 903 1030 944 bene
1062 902 1326 957 interroganti
1353 906 1663 960 respondentem

54 979 288 1031 declarare,
330 993 375 1021 se
399 993 479 1020 nou
504 985 584 1019 tum
613 979 680 1020 illa
702 979 884 1030 discere,
930 978 1000 1020 sed
1027 977 1321 1020 reminiscendo
1344 994 1662 1035 recognoscere3

58 1069 135 1098 nec
151 1068 251 1098 vero
273 1054 360 1096 fieri
384 1053 463 1095 ullo
487 1053 605 1094 modo
627 1068 771 1111 posse,
808 1061 850 1096 ut
872 1067 894 1094 a
921 1053 1053 1110 pueris
1080 1060 1140 1094 tot
1166 1067 1300 1095 rerum
1325 1063 1442 1110 atquc
1466 1062 1664 1100 tantarum

14 1149 18 1155 ¹
57 1131 198 1173 insitas
232 1137 273 1172 et
293 1130 406 1186 quasi
431 1130 690 1185 consignatas
720 1130 760 1171 in
785 1130 927 1171 animis
951 1129 1160 1181 notiones,
1202 1143 1298 1185 quas
1321 1129 1479 1178 ἐννοίας
1500 1142 1662 1187 vorant,

55 1205 314 1258 haberemm,
362 1204 439 1246 nisi
461 1205 617 1246 animus
634 1237 644 1256 ‚
688 1212 898 1260 antequam
924 1205 963 1245 in
991 1218 1135 1260 corpus
1161 1204 1419 1257 intravisset,
1464 1207 1504 1248 in
1530 1223 1665 1251 rerum

57 1280 285 1336 cognitione
307 1279 519 1336 viguisset.
583 1286 655 1322 58.
692 1279 903 1336 Quumque
932 1279 1027 1320 nihil
1058 1287 1192 1331 esset,
1238 1288 1279 1321 ut
1307 1282 1489 1323 omnibus
1515 1283 1614 1326 locis
1641 1300 1665 1327 a

56 1354 224 1398 Platone
245 1355 482 1407 disseritur:
527 1355 643 1411 (nihil
667 1357 771 1397 enim
797 1362 907 1412 putat
934 1368 1050 1406 esse,
1099 1355 1203 1410 quod
1226 1355 1380 1397 oriatur
1413 1364 1452 1398 et
1474 1358 1664 1412 intereat,

127 1450 204 1481 haec
227 1447 325 1492 enim]
351 1448 392 1480 V.
415 1447 589 1480 Adnotata
611 1447 644 1481 in
667 1449 725 1481 111.
740 1446 782 1487 4,
810 1447 842 1482 7.

61 1495 111 1527 De
132 1494 236 1527 verbo
259 1496 365 1526 m'vere
384 1493 430 1526 cf.
453 1494 526 1526 Fin.
544 1495 595 1533 V,
626 1494 686 1528 14:
722 1496 844 1527 Earum

60 1540 150 1574 euim
171 1551 285 1573 rerum
317 1551 398 1584 quas
431 1547 521 1573 terra
556 1541 664 1585 gignit
689 1541 844 1574 educatio

59 1585 225 1632 quaedum
249 1593 283 1619 et
304 1586 473 1630 perfectio
495 1594 557 1626 est,
585 1599 652 1620 non
676 1587 844 1620 dissimilis

60 1632 300 1672 animantium,
337 1631 452 1677 itaque
487 1641 521 1665 et
544 1636 648 1666 vicem
673 1634 777 1667 vitem
811 1640 846 1666 et

61 1679 148 1715 mori
169 1677 330 1717 dicimus,
372 1679 595 1724 arboremque
618 1687 651 1712 et
676 1680 846 1714 novellam

61 1732 97 1758 et
119 1725 285 1764 vetulam,
311 1731 345 1757 et
370 1725 485 1769 vigere
509 1733 543 1758 et
569 1738 754 1760 senescere.

131 1772 268 1814 sugeret]
296 1771 351 1804 Sic
368 1771 486 1816 legunt
500 1783 615 1805 omnes
633 1773 705 1806 sere
725 1772 846 1811 codd.;

63 1816 142 1851 edd.
168 1824 287 1850 contra
314 1824 396 1850 vett.
432 1818 505 1851 fere
538 1830 654 1852 omnes
681 1822 848 1861 resuyeret.

63 1864 174 1906 Quum
195 1863 306 1908 agitur
337 1863 380 1896 de
403 1864 559 1898 universa
588 1866 646 1898 illa
668 1867 770 1898 animi
792 1866 846 1898 fa-

65 1909 211 1950 cultate,
247 1921 312 1955 qua
335 1910 417 1943 alias
442 1923 495 1943 res
520 1912 729 1955 appetimus,
767 1912 848 1944 alias

65 1967 268 1996 aversamur,
288 1956 428 1989 verbum
444 1957 586 2002 simplex
607 1960 716 1998 sugere
736 1958 848 1990 locum

63 2001 189 2036 habere
207 2002 317 2042 solet;
343 2014 444 2046 quum
467 2015 547 2036 vero
572 2004 726 2046 graviora
749 2003 847 2043 mala,

66 2059 153 2094 quae
173 2048 300 2081 evitare
322 2048 505 2085 studemus,
533 2057 850 2092 commemorantur,

65 2094 206 2128 verbum
229 2094 453 2138 compositum
478 2096 620 2136 refugere
643 2095 725 2139 poni
750 2095 848 2127 solet.

65 2139 120 2173 Cf.
143 2139 217 2172 Fin.
233 2141 289 2181 V,
316 2139 376 2173 10:
412 2143 592 2182 appetenda
614 2160 661 2166 —
684 2143 851 2183 fugienda,

63 2187 172 2228 sugere
192 2205 234 2210 —
257 2189 414 2227 appetere.
462 2187 503 2218 N.
521 2187 637 2226 D.111,
664 2188 724 2221 13:
751 2199 850 2220 omne

65 2230 190 2264 animal
212 2235 333 2273 appelit
355 2231 519 2276 quaedam
549 2240 584 2266 et
615 2235 698 2275 fugit
729 2246 747 2266 a
772 2234 851 2278 qui—

64 2276 218 2310 busdam.
269 2277 394 2310 Contra
415 2279 456 2312 N.
475 2279 515 2311 D.
534 2280 586 2320 11,
611 2278 668 2314 47.
689 2286 725 2312 ut
745 2292 764 2313 a
786 2292 850 2324 pe-

65 2323 194 2357 stiferis
227 2330 262 2356 et
285 2324 485 2357 nocentibus
516 2327 659 2368 refugere
682 2325 848 2360 dicuntur.

64 2369 133 2403 Sed
155 2369 198 2403 de
219 2369 337 2403 eadem
368 2382 406 2403 re
427 2371 560 2416 saepius
593 2378 629 2405 et
649 2373 792 2418 simplex
815 2379 851 2405 et

66 2416 389 2496 ἓῗωὶἳῗῗὲἒωῶῑῗ
417 2429 521 2498 {⁰3⁵5
530 2443 539 2458 '
560 2431 638 2498 ὧπ
664 2431 707 2497 {1²
734 2425 849 2498 3²35?

111 2487 121 2496 .
439 2488 447 2495 .
523 2489 534 2504 ‚
607 2488 615 2496 .
700 2489 707 2497 .
766 2490 772 2497 .
841 2492 849 2506 ,

67 2507 129 2551 13.-
163 2519 264 2542 omne
291 2508 415 2542 animal
437 2510 570 2554 appetit
594 2510 780 2555 quaedam,
815 2519 851 2544 et

64 2554 147 2597 stay&
179 2567 200 2589 a
219 2554 437 2599 quibusdam:
475 2556 568 2601 quod
591 2565 704 2590 autem
723 2560 852 2600 refuyit,

67 2598 104 2633 id
133 2607 253 2635 contra
283 2608 437 2635 naturam
469 2609 542 2642 est,
567 2610 603 2636 et
626 2604 700 2639 Fin.
722 2605 760 2648 1,
788 2604 852 2639 12:

67 2646 252 2692 appetendi
273 2654 309 2681 et
329 2649 510 2690 resuyiendi
527 2649 634 2683 initia.

70 2736 119 2772 Π
136 2693 193 2773 {75
237 2695 341 2776 {limet
359 2694 518 2740 primum]
554 2697 595 2729 V.
620 2695 795 2731 Adnotata
817 2696 854 2730 in

138 2785 231 2830 libro]
256 2787 352 2820 Liber
382 2793 436 2820 est
459 2787 685 2834 quodcunque
706 2789 763 2823 vel
785 2789 853 2823 mi-

71 2826 153 2862 nini
173 2831 316 2865 ambitus
338 2833 514 2877 scriptum.
559 2836 602 2868 V.
623 2838 786 2869 Bromium
809 2837 854 2870 ad

74 2871 174 2908 Gom.
190 2877 281 2922 Nep.
301 2878 450 2922 Lysand.
465 2881 533 2922 lv,
559 2881 591 2914 2.
616 2893 648 2925 p.
665 2881 723 2916 96.

138 2922 204 2954 nisi
225 2925 404 2970 recordari]
441 2926 483 2960 V.
509 2926 594 2959 Plat.
619 2928 712 2960 Men.
737 2939 771 2973 p.
794 2927 851 2963 81.

71 2963 214 2999 Phaedr.
230 2967 358 3012 12249.
373 2971 416 3003 G.
462 2971 532 3005 Cic.
554 2973 599 3006 de
616 2974 694 3006 Seu.
713 2974 770 3014 21,
793 2974 850 3009 78.

139 3012 175 3044 ὴ
189 3020 233 3045 ευ
246 3015 399 3061 sermone]
423 3016 460 3051 in
482 3018 665 3052 Phaedone
685 3030 720 3063 p.
735 3020 792 3054 72.
811 3021 850 3052 E.

948 1451 1100 1488 notiones,
1119 1457 1200 1489 quas
1221 1446 1347 1486 ern-12:
1366 1450 1494 1495 cocant]
1519 1452 1572 1484 Sc.
1589 1453 1667 1496 phi-

881 1494 1016 1538 losophi
1055 1494 1186 1526 Graeci.
1247 1496 1374 1527 Beierus
1405 1496 1448 1528 ad
1484 1498 1582 1532 Oflic.
1609 1501 1668 1532 ΙΙΙ.

885 1542 944 1577 19.
974 1540 1026 1574 76.
1056 1552 1095 1573 ex
1121 1541 1187 1573 hoc
1212 1539 1290 1573 loco
1324 1549 1357 1573 et
1384 1553 1402 1573 e
1431 1543 1539 1576 Divin.
1562 1545 1587 1579 Ι.
1612 1546 1667 1585 57,

885 1587 961 1620 191.
994 1598 1047 1619 ex.
1072 1587 1214 1630 intelligi
1245 1598 1344 1630 posse
1371 1597 1504 1628 censet,
1545 1592 1668 1624 Stoicis

882 1633 1058 1678 probatam
1093 1633 1195 1665 fuisse
1222 1634 1370 1666 Plutonis
1396 1636 1486 1668 illam
1511 1633 1669 1681 ἀνάμνη-

884 1691 945 1714 σιν.
1008 1680 1108 1720 Quod
1133 1680 1213 1712 mihi
1236 1680 1370 1723 quidem
1394 1694 1459 1714 non
1484 1694 1564 1715 sane
1586 1696 1669 1727 pro-

884 1726 997 1759 babile
1030 1726 1185 1763 videtum
1224 1738 1300 1758 nam
1332 1727 1364 1758 in
1397 1728 1446 1759 his
1471 1730 1670 1763 Tusculanis

883 1773 997 1805 multis
1012 1773 1094 1804 locis
1116 1772 1234 1804 Cicero
1250 1772 1385 1804 decreta
1402 1774 1572 1816 platonica
1586 1777 1671 1809 stoi-

886 1819 931 1852 cis
944 1818 1131 1851 admiscuit.
1167 1818 1304 1850 Scilicet
1326 1826 1360 1850 et
1382 1820 1475 1852 Plato
1498 1829 1532 1854 et
1552 1823 1671 1863 Stoici,

883 1866 1041 1898 notiones
1066 1864 1198 1896 innatas
1231 1875 1320 1905 esse,
1358 1877 1376 1897 a
1412 1866 1477 1899 deo
1503 1869 1670 1902 mentibus

885 1911 1009 1943 nostris
1044 1909 1168 1942 inditas
1209 1921 1303 1953 csse,
1351 1918 1561 1946 statuerunt:
1609 1915 1670 1948 sed

886 1957 982 1989 Plato
1006 1956 1053 1988 ita
1068 1982 1076 1995 ‚
1117 1963 1152 1988 ut
1175 1968 1229 1988 eas
1261 1968 1278 1988 e
1301 1957 1413 2001 priore
1436 1959 1504 1992 vita
1525 1961 1559 1993 in
1583 1961 1671 1995 hanc

886 2003 991 2035 vitam
1024 2002 1065 2035 ab
1095 2002 1170 2046 ipso
1205 2004 1355 2036 nascenti
1391 2004 1528 2039 homine
1557 2008 1673 2041 afferri

888 2055 1062 2089 censeret,
1086 2048 1213 2088 Stoici,
1236 2061 1290 2081 eas
1313 2050 1392 2083 oriri
1413 2063 1452 2084 ex
1473 2055 1670 2099 perceptio-

887 2095 984 2127 nibus
1013 2107 1124 2128 rerum
1155 2103 1387 2136 externarum,
1426 2110 1487 2142 per
1520 2102 1672 2145 corporis

886 2153 1002 2173 sensus
1039 2141 1158 2174 factis:
1207 2154 1288 2187 quas
1326 2144 1496 2178 vocabant
1532 2145 1670 2187 ἐννοίας.

886 2188 964 2221 Hoe
985 2187 1090 2231 igitur
1120 2188 1197 2221 loco
1220 2189 1354 2222 videtur
1378 2191 1496 2224 Cicero
1519 2193 1671 2226 Platonis

887 2234 930 2267 de
964 2233 1049 2267 ideis
1082 2233 1272 2267 doctrinam
1303 2248 1377 2269 cum
1407 2238 1598 2272 Stoicorum
1629 2240 1672 2272 de

885 2280 1081 2314 notionibus
1111 2281 1235 2314 innatis
1260 2282 1513 2326 quodammodo
1545 2298 1673 2320 conso-

886 2326 1002 2360 ciasse.

954 2375 1009 2407 56.
1058 2375 1225 2416 Quumque
1258 2378 1338 2408 nihil
1371 2379 1462 2421 esset]
1501 2378 1554 2411 Ad
1588 2379 1673 2411 haec

885 2419 989 2452 verba
1010 2431 1079 2452 non
1097 2421 1323 2465 supplendum
1341 2430 1410 2455 est:
1434 2426 1519 2465 quod
1539 2427 1673 2456 oriretur

885 2471 914 2498 et
934 2469 1093 2507 interirem
1129 2467 1191 2499 sed
1216 2468 1318 2501 verba
1343 2480 1501 2512 quumque
1524 2472 1601 2502 nihil
1625 2480 1673 2502 es-

885 2516 930 2545 set
961 2524 1023 2557 per
1052 2524 1088 2545 se
1111 2513 1332 2558 intelligenda
1364 2524 1442 2548 sunt
1466 2516 1671 2559 verbumque

889 2563 966 2591 esset
986 2570 1055 2591 non
1079 2559 1228 2603 vulgari,
1253 2561 1314 2593 sed
1336 2561 1484 2595 Platonis
1502 2561 1672 2594 sententia

888 2603 1140 2649 accipiendum;
1177 2606 1206 2639 is
1242 2607 1331 2639 enim
1363 2607 1447 2639 nihil
1481 2617 1546 2640 esse
1582 2607 1616 2650 (i.
1639 2618 1669 2640 e.

888 2662 969 2683 vere
993 2652 1078 2694 esse)
1100 2652 1267 2693 docebat,
1303 2653 1365 2686 uisi
1387 2653 1489 2685 ideaS.
1536 2654 1672 2697 Imper-

889 2697 1017 2730 fectum
1038 2703 1116 2731 esset
1137 2699 1186 2732 sic
1205 2699 1364 2743 explicari
1383 2705 1517 2744 potest:
1549 2710 1673 2743 quam-

889 2743 945 2776 diu
969 2743 1098 2777 animus
1129 2744 1165 2777 in
1188 2757 1331 2789 corpore
1355 2751 1445 2785 erat,
1483 2744 1568 2777 nihil
1588 2757 1672 2790 per-

890 2790 1055 2834 cipiebat,
1093 2790 1183 2835 quod
1217 2803 1296 2823 vere
1321 2797 1420 2822 esset.
1467 2791 1572 2824 Verte
1601 2791 1671 2826 sic:

888 2836 969 2869 Und
989 2836 1034 2870 da
1053 2837 1186 2874 Nichts‚
1210 2849 1276 2868 was
1297 2836 1352 2868 die
1372 2835 1469 2868 Seele
1487 2836 1534 2869 im
1552 2838 1671 2872 Leben

887 2883 1056 2921 vorfand,
1090 2882 1259 2915 wahrhaft
1288 2892 1378 2914 war:
1401 2901 1448 2906 -——
1477 2895 1515 2916 so
1538 2883 1668 2918 konute

886 2928 935 2961 sie
957 2928 1016 2962 das
1030 2955 1038 2965 .
1074 2940 1140 2960 was
1171 2928 1219 2959 sie
1243 2927 1356 2966 weiss,
1392 2927 1488 2961 nicht
1507 2930 1669 2964 wiht-end

885 2973 977 3007 ihrer
999 2972 1352 3017 Eingeschlossenheit
1380 2973 1428 3007 im
1448 2975 1588 3021 Ko'rper
1610 2989 1668 3010 er-

885 3019 1029 3053 kennen.
1066 3018 1239 3052 Platonica
1255 3021 1504 3063 argumentatio
1522 3030 1575 3056 est
1595 3023 1669 3058 fere
