1843 3101
165 32 249 78 272

164 126 334 169 adversa
365 100 489 180 quimr
511 123 713 166 venientia
737 129 845 164 metu
871 130 1097 179 augenteS,
1131 130 1220 170 tum,
1238 137 1420 166 maerore
1443 126 1669 181 praesentia
1694 141 1760 170 re·

164 215 251 244 rum
282 207 489 249 naturam,
523 212 637 253 quam
661 211 838 240 errorem
865 206 1069 251 nostrum,
1103 199 1291 242 damnare
1313 199 1525 243 malumus.
1609 202 1612 206 ’

249 273 306 317 11.
332 283 379 316 5.
409 272 490 316 Sed
505 281 545 315 et
561 273 674 314 huius
689 273 825 329 culpae
839 280 879 315 et
895 280 1118 315 ceterorum
1135 274 1321 317 vitiorum
1339 282 1669 332 peccatorumque
1687 291 1760 323 uo·

1410 347 1538 393 Cuius
1564 350 1604 392 in
1628 351 1760 393 sinum

750 41 918 75 nisan
943 43 986 75 v.
1009 40 1052 85 2,
1078 42 1110 76 5.
1136 40 1168 76 6.

166 359 337 393 strorum
362 348 490 389 omnis
519 363 541 389 a
570 348 813 404 philosophia
835 337 1002 403 petenda
1031 351 1227 391 correctio
1256 357 1332 391 est.

165 440 281 482 quum
302 438 324 465 a
348 423 482 480 primis
503 423 743 479 temporibus
762 423 906 465 aetatis
929 431 1065 465 nostra
1083 424 1272 475 voluntas
1286 424 1536 482 studiumque
1558 427 1761 468 nos'com-
1816 440 1818 442 ’

396 499 456 540 his
486 498 732 554 gravissimis
749 499 906 540 casibus
936 499 975 540 in
997 500 1164 541 eundem
1189 507 1367 555 portum,
1416 513 1470 542 ex
1497 515 1573 556 quo
1601 515 1759 544 eramus

1326 572 1363 617 O
1388 575 1493 617 vitae
1514 575 1760 632 philosophia

162 650 266 692 dux!
301 664 324 691 o
339 649 496 690 virtutis
520 649 745 704 indagatrix
762 649 1044 705 expultrixque
1069 650 1255 691 vitiorum
1275 650 1283 690 !
1321 650 1411 705 quid
1435 664 1513 692 non
1532 651 1648 692 modo
1666 665 1756 704 nos,

163 501 350 557 pulisset,

163 574 343 630 egressi,
390 588 533 629 magna
568 573 700 614 iactati
730 581 962 630 tempestate
997 575 1260 630 confugimus.

162 726 232 767 sed
267 725 426 766 omuino
459 724 537 767 vita
570 724 768 765 hominum
805 724 891 765 sine
924 731 961 765 te
995 739 1084 766 esse
1113 725 1330 781 potuisset?
1383 724 1458 787 *Tu
1492 725 1610 768 urbes
1641 739 1760 782 pepe-

160 800 273 853 risti,
318 807 359 841 tu
390 799 601 856 dissipatos
633 799 811 840 homines
845 799 883 840 in
914 799 1144 840 societatem
1175 799 1284 841 vitae
1316 801 1572 852 convocasti,
1618 809 1658 843 tu
1688 815 1759 843 eos

160 876 266 918 inter
296 889 340 917 se
371 875 496 931 primo
528 875 760 925 domiciliis,
808 874 949 915 deinde
986 875 1203 929 coniugiis,
1250 881 1331 916 tum
1362 875 1584 918 litterarum
1617 883 1657 918 et
1685 891 1758 918 vo-

162 965 249 993 cum
277 950 553 991 communione
585 950 777 1000 iunxisti,
826 956 865 990 tu
892 950 1097 990 inventrix
1127 949 1282 1003 legum,
1330 956 1371 990 tu
1394 950 1583 1005 magistra
1603 965 1755 993 morum

659 1024 722 1065 Ad
746 1031 783 1065 tc
808 1024 1073 1079 confugimus,
1107 1038 1129 1064 a
1155 1030 1192 1065 te
1216 1037 1329 1081 opem
1353 1025 1538 1081 petimus,
1572 1025 1642 1067 tibi
1664 1040 1754 1079 nos,

1679 1099 1758 1143 Est

160 1184 292 1219 autem
318 1189 419 1217 unus
447 1175 531 1216 dies
555 1174 654 1215 bene
688 1180 728 1215 et
759 1187 811 1215 ex
836 1175 1057 1231 praeceptis
1089 1175 1164 1216 tuis
1186 1181 1299 1217 actus
1323 1174 1504 1231 peccanti
1524 1175 1757 1217 immortali-

159 1252 230 1294 tati
254 1250 571 1307 anteponendus.
634 1246 760 1290 Cuius
781 1249 901 1304 igitur
940 1251 1069 1306 potius
1103 1249 1242 1306 opibus
1270 1256 1450 1302 utamur,
1497 1264 1614 1306 quam
1650 1251 1757 1292 tuis?

160 1340 261 1383 quac
284 1333 324 1367 et
343 1325 449 1367 vitae
477 1324 798 1379 tranquillitatem
820 1324 961 1379 largita
985 1324 1098 1366 nobis
1121 1339 1188 1377 es,
1223 1332 1263 1367 et
1287 1332 1481 1367 terrorem
1501 1325 1641 1367 mortis
1666 1339 1755 1368 sus-

161 1400 300 1442 tulisti.
378 1405 421 1440 6.
455 1398 517 1439 Ae
548 1398 794 1455 philosophia
826 1399 981 1454 quidem
1016 1406 1164 1440 tantum
1200 1399 1340 1451 abest,
1392 1406 1434 1441 ut
1468 1400 1658 1456 proinde,
1710 1395 1789 1442 ac'

160 1475 209 1533 de
228 1473 428 1516 hominum
463 1481 523 1515 est
555 1473 636 1514 vita
670 1474 836 1525 merita,
884 1474 1091 1525 laudetur,
1139 1481 1179 1515 ut
1210 1488 1232 1515 a
1255 1474 1454 1531 plerisque
1479 1475 1684 1530 neglecta,
1731 1489 1756 1517 a

780 1547 1017 1605 Vituperare
1039 1549 1246 1605 quisquam
1267 1551 1374 1592 vitae
1398 1540 1602 1606 parentem
1622 1557 1664 1592 et
1680 1549 1755 1592 hoc

162 1034 202 1068 et
222 1025 451 1081 disciplinae
473 1025 596 1066 suisti.

161 1109 203 1143 ut
226 1108 343 1142 antea
368 1113 509 1154 magna
536 1113 588 1140 ex
622 1106 759 1155 parte,
807 1099 864 1140 sic
895 1113 998 1141 nunc
1021 1099 1176 1156 penitus
1202 1105 1386 1155 totosque
1413 1100 1618 1142 tradimus.

158 1550 290 1593 multis
315 1549 432 1590 etiam
453 1549 714 1604 vituperetur.

159 1624 370 1682 parricidio
401 1621 447 1665 ‘se
472 1623 679 1678 inquinare
707 1624 852 1665 audet?
898 1632 938 1665 et
971 1633 1047 1666 tam
1077 1625 1194 1681 impic
1219 1625 1400 1681 ingratus
1436 1639 1552 1691 esse,
1601 1631 1645 1667 ut
1668 1638 1754 1667 eam

157 1706 344 1752 accuset,
389 1712 504 1754 quam
535 1698 668 1739 vereri
694 1699 881 1752 deberet,
928 1700 1046 1741 etiam
1084 1700 1118 1741 si
1152 1700 1280 1741 minus
1305 1700 1510 1757 percipere
1534 1700 1754 1756 potuisset?
1809 1721 1822 1727 ·

158 1774 266 1827 Sed,
312 1781 354 1815 ut
377 1773 542 1830 opinor,
591 1773 651 1814 hic
687 1788 802 1833 error
831 1782 870 1816 et
904 1775 999 1816 haec
1020 1774 1266 1816 indoctorum
1297 1774 1439 1816 animis
1466 1772 1594 1816 offusa
1625 1775 1754 1830 caligo

231 1872 310 1904 cip.
326 1872 367 1903 11.
393 1872 425 1904 5.
450 1873 663 1915 compulisset]
704 1871 855 1904 Davisius
885 1884 942 1905 re-

160 1917 294 1961 seiipsit
317 1920 512 1959 contulisset,
552 1918 599 1949 uti
625 1918 657 1950 in
683 1918 783 1951 codd.
809 1919 886 1963 aliq.
908 1926 941 1950 et

162 1963 276 1996 multis
303 1963 379 1995 edd.
402 1971 483 1996 vett.
509 1964 640 2007 legitur,
667 1971 700 1996 et
726 1963 859 2008 quidem
879 1966 941 1997 hac

163 2009 206 2041 de
227 2020 360 2047 caussa,
388 2009 478 2052 quod
501 2010 617 2042 Cicero
639 2019 761 2054 sponte
782 2023 840 2042 sua
862 2011 941 2054 phi-

162 2054 337 2098 losophiae
372 2066 407 2086 se
443 2055 609 2093 dedisset,
653 2056 791 2088 verbum
830 2065 939 2089 autern

161 2101 366 2142 compellendi
387 2099 429 2132 de
448 2112 488 2133 eo
506 2101 682 2140 diceretur,
710 2102 760 2134 cui
781 2110 838 2135 aut
861 2115 940 2135 cor—

163 2157 268 2190 porea
305 2145 354 2178 vis
401 2154 457 2178 aut
493 2147 666 2179 rationalis
711 2148 938 2183 adhiberetur.

162 2193 234 2236 Ego
270 2202 351 2224 vero
385 2192 600 2225 vehementer
635 2193 797 2227 addubito
811 2220 818 2231 ,
860 2207 938 2227 num

161 2237 266 2271 latine
288 2237 354 2270 dici
373 2237 500 2280 possit:
526 2249 595 2271 mea
617 2242 762 2272 voluntas
783 2242 939 2273 studium-

161 2294 220 2326 que
256 2293 306 2315 me
341 2286 469 2316 contulit
505 2287 536 2316 in
571 2286 786 2326 philosophiae
822 2290 938 2327 sinum,

162 2340 350 2375 quanquam
381 2337 473 2362 recte
500 2329 638 2361 dicitnr:
675 2342 730 2372 <⁷90
753 2343 800 2364 me
824 2312 940 2364 contuli

161 2377 206 2409 ad
236 2376 479 2417 philosophiam.
539 2375 613 2407 Huc
650 2377 778 2408 accedit
794 2403 802 2415 ,
847 2377 938 2421 quod

161 2422 264 2455 verba
294 2425 402 2454 nostra
430 2423 576 2454 voluntas
599 2424 797 2463 studiumque
821 2431 938 2466 aperte

162 2468 409 2506 demonstrant,
432 2467 580 2500 Tullium
605 2478 671 2498 non
691 2467 722 2498 xi
745 2468 796 2499 vel
820 2481 937 2500 neces-

162 2514 262 2547 sitate
287 2512 429 2565 quadam
447 2520 610 2552 coactum,
634 2512 718 2544 sed
709 2513 828 2545 intimo
849 2526 937 2557 quo-

163 2560 239 2593 dam
264 2559 365 2592 aninn
388 2558 507 2591 ardore
523 2570 563 2602 ab
554 2558 684 2592 itatnm
703 2558 937 2602 philosophiae

162 2605 274 2639 studio
315 2616 351 2637 se
387 2604 575 2638 tradidisse.
638 2604 762 2636 Contra
798 2605 936 2637 xerbum

161 2653 366 2694 compellendi
388 2651 454 2684 hoc
477 2651 553 2684 loco
577 2657 611 2683 et
629 2649 789 2694 exquisite
805 2658 838 2682 et
857 2662 937 2693 gia-

164 2699 252 2731 viter
275 2697 420 2741 positum
439 2697 569 2729 videtur
587 2696 630 2729 ad
645 2707 807 2728 summum
830 2696 936 2728 vehe-

163 2743 470 2787 mentissimumque
503 2742 603 2775 animi
637 2742 822 2786 impetum,
867 2753 933 2786 quo

164 2791 281 2823 Cicero
303 2789 345 2822 ad
365 2789 596 2833 philosophiae
614 2789 759 2820 studium
779 2788 935 2820 deferre-

164 2843 239 2873 tur,
275 2835 536 2879 exprimendum.
586 2836 636 2867 De
659 2846 696 2866 re
718 2834 790 2878 ipsa
817 2846 847 2866 v.
872 2846 934 2867 nos

163 2881 197 2913 in
220 2881 306 2914 libro
331 2880 364 2913 d.
386 2894 420 2925 p.
433 2880 487 2914 40.
513 2887 547 2913 et
570 2879 626 2914 44.
650 2887 683 2913 et
707 2882 761 2913 05.
783 2891 833 2924 sq.

230 2929 277 2959 his
292 2937 383 2968 9rav.
397 2928 536 2969 casibus]
563 2927 752 2959 Pronomen
768 2928 829 2967 hic,
843 2925 934 2970 quod

162 2972 299 3016 proprie
320 2972 362 3004 de
384 2972 424 3005 iis
445 2972 544 3005 rebus
564 2972 710 3017 ponitur,
737 2983 821 3016 quae
839 2982 934 3014 prae-

977 1877 1075 1905 sentes
1097 1879 1194 1911 sunt,
1217 1883 1318 1917 saepe
1339 1872 1371 1905 vi
1390 1872 1675 1916 repraesentativa
1694 1871 1752 1904 di-

978 1927 1064 1951 Cli-Ut*
1081 1918 1122 1950 de
1139 1919 1237 1951 rebus
1255 1918 1455 1963 praetentls‚
1477 1919 1548 1952 Sive
1571 1926 1650 1951 ante
1670 1914 1755 1951 bre·-
1811 1933 1820 1940 '

977 1977 1017 1997 ve
1039 1973 1191 2009 tempus
1232 1971 1268 1997 ut
1290 1964 1323 1997 h.
1338 1965 1360 1998 l.
1377 1991 1386 2007 ‚
1420 1965 1490 1998 sive
1515 1966 1596 1997 ante
1614 1964 1752 2008 longum

976 2018 1107 2054 tempus
1135 2011 1243 2044 sactis.
1293 2011 1335 2042 11.
1354 2010 1376 2043 l.
1405 2010 1638 2054 intelliguntur
1661 2010 1751 2051 bella

977 2057 1106 2095 civilia,
1133 2069 1217 2101 qnae
1242 2057 1355 2101 paullo
1376 2064 1455 2090 ante
1476 2055 1676 2090 saevierant.
1709 2057 1751 2090 V.

975 2105 1180 2144 Sestrenbury.
1204 2103 1247 2136 ad
1268 2114 1317 2136 or.
1341 2114 1391 2147 pr.
1417 2102 1515 2136 Arch.
1537 2106 1630 2147 poet·-
1651 2105 1682 2148 §.
1698 2101 1750 2136 16.

974 2160 1005 2192 p.
1025 2149 1100 2182 104.
1150 2150 1200 2182 Ct.
1224 2148 1394 2181 Adnotata
1415 2149 1449 2181 in
1473 2150 1501 2182 Ι.
1520 2148 1566 2189 3,
1586 2149 1620 2182 5-

1042 2205 1081 2227 ex
1113 2206 1173 2236 quo
1202 2205 1329 2228 eramus
1351 2196 1480 2238 egressi]
1515 2194 1751 2239 philosophiae

973 2240 1139 2280 studium,
1167 2241 1257 2285 quod
1278 2241 1536 2285 reliqueramus,
1562 2252 1662 2286 quum
1687 2252 1749 2274 nos
1780 2280 1783 2284 r

973 2287 1016 2318 ad
1043 2299 1113 2319 rem
1145 2286 1312 2330 publicam
1346 2287 1601 2320 contulissemus
1625 2299 1751 2332 geren—

971 2332 1058 2366 dam.
1104 2335 1277 2365 Ernestius

1018 2382 1070 2412 Ο
1092 2382 1175 2411 tilae
1191 2380 1392 2420 philosophia
1412 2376 1495 2423 dux]
1522 2364 1695 2419 conferas,
1721 2379 1750 2412 si

972 2432 1057 2457 tam
1082 2436 1115 2456 es.
1119 2432 1152 2463 t,
1179 2436 1263 2468 quae
1285 2425 1328 2457 de
1350 2424 1415 2457 hoc
1438 2425 1572 2468 egregio
1592 2424 1747 2468 philoso-

974 2471 1072 2514 phiae
1099 2470 1280 2514 praeconio
1307 2470 1458 2503 diximus
1485 2469 1518 2502 in
1542 2470 1631 2503 libro
1653 2469 1747 2503 dicto

972 2528 1004 2559 p.
1020 2517 1094 2549 1:55.
1119 2516 1259 2549 Pulchre
1270 2516 1354 2549 haec
1364 2529 1383 2548 v
1387 2516 1463 2549 erba
1475 2515 1640 2549 collocata
1649 2523 1745 2549 sunt:

972 2561 1144 2604 praemisit
1175 2562 1309 2605 quidem
1343 2560 1608 2606 appositionem,
1645 2569 1680 2594 nt
1710 2562 1746 2595 in

972 2618 1036 2650 qua
1056 2619 1219 2640 summum
1239 2607 1425 2640 sententiae
1444 2606 1574 2650 pondus
1596 2606 1746 2640 colloca-

971 2659 1042 2684 tum
1067 2660 1175 2693 esset,
1209 2652 1269 2686 sed
1293 2664 1362 2686 non
1384 2659 1511 2692 totam,
1536 2652 1597 2686 sed
1618 2653 1684 2693 ita,
1710 2661 1748 2686 ut

973 2709 1011 2730 ea
1042 2709 1130 2737 v‚ox
1174 2698 1218 2731 ad
1255 2709 1353 2742 quam
1383 2698 1548 2742 pertinet
1562 2699 1746 2743 appositio,

970 2742 1100 2775 duobus
1133 2743 1201 2775 eius
1227 2743 1383 2776 membris
1413 2743 1506 2788 quasi
1528 2752 1625 2789 septa
1645 2752 1746 2779 tene-

968 2795 1069 2822 retur.
1116 2790 1157 2822 V.
1176 2801 1237 2821 nos
1253 2789 1286 2822 in
1306 2790 1364 2822 Gr.
1377 2790 1415 2822 L.
1431 2792 1460 2836 §.
1478 2789 1552 2832 166,
1566 2791 1598 2835 e)
1619 2803 1653 2836 p.
1667 2789 1746 2826 &54-

970 2835 1023 2867 ed.
1035 2839 1067 2866 2.

1041 2880 1539 2925 CAP.111.7.divinarum]V.
1563 2893 1664 2927 supra
1686 2883 1743 2915 tv.
1795 2898 1800 2903 ·

969 2925 1013 2960 26
1026 2952 1033 2965 ,
1055 2926 1109 2960 57.
1156 2930 1244 2959 Ante
1265 2939 1296 2961 v.
1322 2929 1388 2960 div.
1410 2928 1591 2962 Lambinus
1616 2935 1652 2962 et
1670 2929 1743 2961 Da·-

968 2972 1068 3005 visius
1088 2984 1106 3005 e
1127 2973 1214 3006 coni.
1234 2973 1504 3018 importaverunt
1522 2976 1633 3017 Quum,
1651 2973 1744 3019 quod
