1859 3149
1583 57 1665 102 251

64 151 227 196 fortiter
248 152 381 195 facere
402 153 549 210 posse?
615 157 686 194 54.
722 149 856 206 Quid?
900 148 1052 204 Stoici,
1098 150 1164 207 qui
1186 162 1327 191 omnes
1350 148 1585 205 insipientes
1607 150 1668 193 in-

64 241 187 271 sanos
224 241 316 270 esse
353 227 512 279 dicunt,
561 241 695 268 nonne
729 227 806 268 ista
839 227 1058 282 colligunt?
1127 224 1312 267 Remove
1347 224 1669 282 perturbationes

65 303 320 360 maximeque
338 302 600 354 iracundiam,
632 303 707 343 iam
727 302 968 344 videbuntur
988 308 1166 342 monstra
1185 300 1335 342 dicere.
1396 298 1518 342 Nunc
1537 306 1671 341 autem

63 378 120 421 ita
142 379 366 430 disserunt,
414 378 474 420 sic
507 392 551 420 se
575 378 733 430 dicere,
783 391 922 419 omnes
948 376 1093 418 stultos
1119 375 1319 428 insanire,
1367 382 1410 417 ut
1434 375 1536 417 male
1559 374 1670 417 olere

566 69 738 104 menn
762 70 819 104 ιν.
843 66 908 112 24,
932 68 992 103 54.
1015 66 1080 111 25,
1104 67 1162 102 55.

1504 450 1573 492 Sic
1591 450 1672 492 ira-

65 529 216 572 cundus
242 544 322 571 non
346 543 506 586 semper
524 529 651 571 iratus
672 537 757 580 est3
791 529 963 579 lacesse,
998 527 1075 568 iam
1096 525 1250 568 videbis
1275 526 1488 566 furentem.
1539 523 1672 580 Quid?

65 468 184 496 omne
203 468 389 496 coenum.
421 478 480 485 -
510 453 566 496 At
591 468 670 495 non
693 467 867 509 semper.
902 478 956 483 -
989 449 1238 501 Commove,
1272 450 1440 492 senties.

63 603 142 646 ista
166 604 356 647 bellatrix
380 605 608 656 iracundia,
657 619 774 660 quum
799 605 955 645 domum
982 603 1120 653 rediit,
1169 601 1296 657 qualis
1323 607 1385 642 est
1408 615 1495 642 cum
1525 615 1669 653 uxore,

65 693 153 721 cum
177 680 339 734 liberis,
385 695 472 723 cum
497 680 673 723 familia?
716 695 765 722 an
793 687 873 721 tum
899 692 1055 735 quoque
1083 685 1144 720 est
1170 676 1304 719 utilis?
1363 674 1440 718 Est
1458 675 1580 731 igitur
1601 675 1673 717 ali-

66 755 184 810 quid,
231 757 333 811 quod
359 756 588 813 perturbata
625 769 736 797 mens
770 755 912 797 melius
945 754 1071 811 possit
1107 754 1267 803 facere,
1311 766 1427 807 quam
1454 752 1674 793 constans?

65 842 116 871 an
150 830 354 887 qnisquam
391 838 523 888 potest
556 832 644 873 sine
671 830 970 888 perturbatione
1007 829 1152 870 mentis
1188 827 1336 870 irasci?
1406 824 1520 868 Bene
1554 826 1675 882 igitur

66 904 216 958 nostri,
263 920 381 962 quum
415 907 548 948 omnia
583 914 721 949 essent
754 907 792 947 in
827 905 1062 947 *moribus
1091 905 1214 955 vitia,
1263 903 1365 959 quod
1407 901 1555 943 nullum
1589 909 1676 942 erat

66 978 272 1023 iracundia
303 983 484 1035 foedius,
517 983 731 1024 iracundos
763 982 872 1023 solos
904 994 1102 1037 morosos
1133 980 1458 1021 nominaverunt.

178 1064 185 1078 ¹
221 1054 366 1100 XXV.
420 1064 491 1100 55.

66 1130 152 1172 lare
191 1146 273 1173 non
314 1132 494 1175 dedecet.

66 1206 222 1248 caussis
266 1208 398 1250 acrius
439 1217 479 1250 et
518 1208 794 1250 vehementius
840 1208 1037 1248 dicimus?
1095 1205 1217 1262 quid?
1269 1219 1385 1260 quum
1433 1204 1508 1244 iam
1555 1203 1676 1245 rebus

557 1056 772 1100 Oratorem
820 1071 919 1098 vero
965 1056 1084 1097 irasci
1137 1055 1298 1096 minime
1349 1054 1495 1105 decet,
1551 1052 1675 1094 simu·

572 1133 638 1174 An
679 1133 749 1174 tibi
790 1132 909 1174 irasci
950 1139 1030 1173 tum
1075 1131 1282 1182 videmur,
1338 1144 1456 1184 quum
1498 1128 1589 1184 quid
1634 1128 1677 1170 in

67 1283 281 1325 transactis
318 1290 359 1326 et
389 1284 614 1341 praeteritis
649 1284 854 1324 orationes
892 1282 1130 1331 scribimus,
1180 1295 1272 1322 num
1307 1281 1398 1322 irati
1436 1278 1677 1320 scribimus?

61 1356 231 1414 Ecquis
258 1358 341 1401 hoc
364 1360 712 1417 animadvertit?
755 1358 940 1401 vincite!
981 1371 1072 1398 num
1096 1364 1162 1397 aut
1187 1356 1319 1411 egisse
1339 1370 1507 1411 unquam
1530 1356 1677 1396 iratum

69 1493 221 1518 monstra
253 1485 366 1519 dicere
398 1486 621 1528 videbuntur,
661 1487 752 1531 quod
777 1499 853 1532 pars

71 1542 111 1564 ea
134 1540 267 1565 exemta
289 1532 342 1572 sit,
370 1544 454 1577 quae
479 1532 610 1566 foedior
633 1533 734 1567 etiam
759 1541 853 1566 cete-

69 1577 115 1611 ris
133 1586 193 1611 est.
225 1581 397 1612 Ernestius.
423 1579 571 1612 Verbum
590 1582 738 1622 colliyunl
757 1592 853 1612 com-

70 1631 168 1668 parat
208 1627 338 1667 wolfius
377 1637 452 1657 cum
493 1638 541 1669 gr.
580 1627 852 1670 συλλογίζεσῒαι-

71 1670 178 1703 Stoici
213 1671 342 1704 scilicet
376 1671 599 1711 sententiam,
638 1684 743 1706 omnes
778 1675 855 1705 insi-

68 1719 190 1758 pientes
214 1727 278 1750 esse
298 1720 450 1760 insanos,
486 1730 526 1751 ex
548 1718 599 1751 his
625 1719 853 1751 conclusioni—

72 1762 134 1796 bus
158 1763 371 1797 efficiebant:
406 1766 530 1797 Omnes
549 1765 649 1797 animi
672 1766 854 1809 perturba—

71 1809 184 1843 tiones
206 1809 315 1842 morbi
338 1817 437 1849 sunt3
463 1811 518 1856 qui
541 1819 651 1843 autern
675 1812 709 1844 in
734 1812 854 1844 morbo

71 1862 172 1896 sunt,
195 1856 267 1888 sani
290 1868 358 1889 non
380 1865 479 1896 sunt3
514 1858 608 1901 atqui
625 1857 855 1901 insipientium

26 1909 32 1915 ⁸
72 1901 186 1941 animi,
211 1902 288 1947 quia
310 1910 389 1936 sunt
409 1903 718 1946 perturbationibus
741 1903 854 1935 obno-

73 1948 137 1987 xii,
173 1948 208 1981 in
238 1949 359 1982 morbo
383 1956 478 1981 sunt:
516 1961 597 1992 ergo
623 1961 739 1981 omnes
770 1949 855 1981 iusi-

72 1995 205 2040 pientes
228 1994 336 2027 insani
357 2003 445 2028 sunt.
485 1996 539 2027 Cf.
564 2007 664 2038 supra
686 1996 744 2029 ΙΙΙ.
765 1994 796 2032 -l,
819 1994 852 2028 9.

75 2044 188 2086 Atque
208 2040 273 2073 hac
295 2040 428 2085 quidem
458 2042 590 2074 ratione
612 2048 704 2073 recte
726 2048 759 2073 et
783 2041 854 2073 sine

73 2086 140 2119 ulla
183 2087 405 2130 perversitate
449 2087 652 2120 concludere
694 2094 855 2131 poterant

72 2132 202 2171 Stoici,
239 2143 354 2164 omnes
385 2133 584 2178 insipientes
609 2134 745 2166 insanos
771 2146 856 2166 esse.

76 2180 145 2212 Iam
168 2189 263 2218 vero,
288 2179 426 2212 remotis
449 2179 758 2224 perturbationibus
781 2193 856 2212 ma-

76 2224 230 2268 ximeque
248 2224 430 2264 iracundia,
451 2227 483 2258 in
501 2238 565 2271 qua
579 2226 759 2270 praecipue
779 2227 857 2259 ani-

75 2282 148 2303 mus
171 2270 383 2314 perturbatus
405 2271 524 2311 elucet,
546 2272 640 2306 nullo
662 2273 765 2305 modo
785 2272 856 2305 sieri

76 2317 210 2361 potnit,
235 2324 272 2349 ut
293 2316 390 2350 istam
413 2319 617 2352 sententiam
641 2320 856 2363 proferrent3

76 2369 155 2403 aut,
179 2363 207 2396 si
225 2364 462 2407 protulissent,
486 2365 550 2410 ipsi
573 2365 680 2398 insani
703 2366 857 2398 fuissent.

143 2414 287 2446 monstra
307 2412 422 2454 dicere]
453 2412 493 2444 H.
512 2424 540 2444 e.
567 2411 711 2444 absurda
725 2438 733 2450 ‚
759 2411 858 2444 inau-

75 2455 148 2488 dita
162 2455 287 2489 dicere.
309 2457 353 2489 ad
366 2461 437 2490 Att.
451 2457 483 2496 4,
498 2458 519 2492 7
532 2470 539 2490 ε
560 2463 701 2491 monstra
712 2461 860 2491 nuntiare

79 2501 160 2546 (Le.
182 2502 440 2547 inexspectata&
482 2503 528 2536 ib.
551 2505 594 2544 9,
624 2506 681 2537 ll:
718 2509 860 2537 monstra

77 2553 223 2591 nunant,
248 2560 333 2594 quae
354 2550 439 2582 falsa
463 2562 534 2583 esse
556 2557 708 2594 possunt.
729 2551 772 2583 ad
794 2552 858 2591 Qu.

77 2593 134 2627 Fr.
152 2595 194 2635 2,
219 2594 260 2629 6:
284 2601 427 2630 monstra
448 2599 664 2638 promulyare.

145 2652 230 2674 nunc
252 2642 372 2687 autem]
397 2643 439 2675 V.
463 2643 551 2675 Adn.
574 2643 608 2674 in
635 2644 694 2675 III.
722 2642 762 2683 1,
787 2643 821 2676 2.

146 2690 182 2720 ut
202 2690 287 2721 male
308 2691 390 2722 olere
411 2699 501 2722 omne
522 2691 668 2732 coenum]
707 2690 755 2722 Ut
779 2701 859 2723 coe-

81 2742 161 2764 num
190 2745 262 2767 uon
290 2746 423 2779 semper
455 2736 543 2768 male
573 2735 664 2773 olet;
701 2743 736 2768 at
760 2748 861 2780 quum

83 2785 288 2812 commotum
306 2781 390 2821 erit,
425 2781 586 2814 continuo
606 2781 746 2814 foedum
770 2782 861 2816 odo—

83 2833 156 2855 rem
171 2825 318 2869 spargit3
343 2827 391 2860 ita
409 2827 538 2860 animus
557 2828 772 2872 perturbatus
792 2840 860 2862 non

83 2879 216 2922 semper
235 2870 378 2912 insanit,
402 2881 438 2906 at
461 2886 561 2918 quum
585 2874 758 2907 lacessitus
785 2875 860 2916 erit,

84 2921 246 2950 conunno
269 2916 303 2950 in
328 2918 475 2952 furorem
499 2920 676 2964 abripitur.

151 2962 306 3008 morosos]
339 2966 456 2998 Senec.
487 2965 531 2998 de
552 2968 605 2999 Ira
630 2968 665 3004 1,
691 2963 731 2999 4:
770 2968 863 2999 Inter

86 3005 148 3039 hos
171 3008 232 3050 (sc.
245 3006 436 3053 iracundos)
459 3022 621 3045 morosum
641 3011 860 3055 ponas‘licet,

889 1486 1069 1519 delicatum
1100 1484 1292 1518 iracundiae
1329 1495 1444 1526 genus.
1496 1481 1548 1514 Cf.
1575 1482 1610 1513 C.
1633 1481 1675 1513 de

890 1535 966 1565 Seu.
992 1535 1050 1569 1⁷5.
1073 1532 1129 1566 623.
1178 1533 1274 1570 .,l)er
1296 1540 1439 1562 morosus
1473 1528 1577 1560 kennt
1608 1527 1677 1560 und

889 1580 1004 1612 aclitct
1030 1579 1088 1611 (lus
1112 1578 1362 1615 }1‹·rkomm·.·n,
1400 1586 1541 1616 morem,
1573 1574 1675 1606 miss—

890 1626 999 1668 billigt
1024 1625 1098 1665 jede
1122 1624 1348 1665 Abweichuug
1372 1622 1494 1659 dax-on,
1522 1620 1589 1652 und
1614 1621 1676 1652 be-

890 1673 1050 1705 sclirn'ukt
1082 1670 1238 1703 (lesslialb
1276 1670 1358 1702 oder
1388 1667 1520 1700 scheint
1546 1678 1586 1699 zu
1613 1667 1675 1699 be-

890 1719 1077 1751 scliriinken
1110 1718 1164 1749 die
1199 1717 1283 1749 sreie
1308 1717 1495 1758 Bewegung
1519 1712 1578 1745 der
1604 1714 1676 1745 Ge-

891 1766 1046 1807 malim,
1081 1764 1134 1796 die
1160 1763 1230 1795 sich
1255 1763 1339 1794 uber
1365 1761 1419 1793 die
1446 1759 1676 1792 bestehenden

893 1812 1035 1843 Ges-etms
1059 1811 1120 1842 der
1142 1810 1275 1848 Kunst,
1302 1808 1361 1839 des
1379 1805 1588 1843 Anstzmdes,
1617 1805 1679 1838 der

892 1857 1099 1889 Sittliclikeit
1139 1856 1270 1898 liinweg
1310 1856 1441 1886 setzt.“

893 1906 1080 1947 Synonym.
1106 1901 1256 1933 x·0l.111.
1286 1913 1317 1944 p.
1333 1901 1400 1933 254
1412 1910 1462 1942 sq.

961 1950 1040 1981 Cw.
1052 1949 1166 1980 XXV.
1183 1949 1236 1979 521).
1257 1947 1435 1987 Oratoremss
1456 1947 1563 1989 Supra
1578 1957 1606 1978 c.
1624 1944 1678 1985 19,

891 1996 946 2029 43.
974 1998 1126 2028 simulare
1150 2006 1196 2026 sc.
1221 1994 1315 2027 iram.
1490 2028 1496 2034 ,

962 2044 1027 2075 iam
1047 2044 1139 2074 rebus
1159 2042 1331 2073 transactis
1344 2043 1371 2072 et
1384 2050 1434 2080 pr.
1449 2049 1493 2071 or.
1505 2040 1581 2082 scr.]
1608 2039 1678 2078 „de

892 2090 970 2121 Seu.
988 2090 998 2121 l
1014 2090 1038 2126 l,
1059 2089 1121 2121 525:
1149 2098 1339 2119 caussarum
1360 2085 1550 2124 illustrium,
1573 2097 1676 2130 quas-—

893 2147 1023 2178 cunque
1047 2133 1206 2170 defendi.
1233 2144 1321 2165 nunc
1346 2132 1567 2164 cummaxime
1591 2145 1677 2165 con-

893 2181 968 2213 ficio
989 2180 1171 2213 orationes.
1207 2178 1353 2212 Freilich
1377 2178 1513 2210 wurden
1535 2178 1590 2210 die
1607 2179 1678 2211 Re-

892 2227 956 2260 deu
974 2227 1091 2271 gewiss
1106 2225 1358 2270 grossentheils,
1380 2225 1442 2257 che
1458 2225 1506 2257 sie
1519 2225 1679 2268 gehalteu

892 2274 1051 2311 wurden,
1090 2272 1282 2305 schriftlieh
1315 2272 1524 2311 entworfen,
1563 2272 1679 2315 sp'a'ter

893 2321 974 2353 aber
1004 2319 1184 2363 eigentlich
1221 2317 1491 2362 ausgearbeitet;
1535 2318 1678 2350 manche

894 2366 1029 2399 wurden
1051 2366 1131 2398 aber
1148 2365 1233 2397 auch
1250 2376 1364 2408 wegen
1375 2364 1601 2407 Wichtigkeit
1620 2363 1679 2395 des

896 2411 1153 2457 Gegenstandes
1175 2411 1345 2443 bisweilen
1368 2410 1479 2454 gleich
1500 2409 1679 2453 abgelesen

897 2472 926 2491 u.
952 2458 1124 2491 vielleicht
1147 2459 1263 2501 spater
1297 2457 1392 2489 nieht
1418 2464 1486 2488 erst
1517 2466 1682 2498 ausgearq

895 2506 1014 2538 beitet.
1064 2504 1141 2548 vgl.
1165 2505 1200 2536 C.
1230 2516 1280 2548 pr.
1306 2503 1365 2535 Cn.
1388 2502 1500 2535 Plane.
1524 2502 1588 2540 30,
1612 2498 1675 2534 74:

896 2553 1057 2584 recitetur
1080 2550 1209 2590 oratio,
1247 2561 1331 2594 quae
1363 2555 1504 2592 propter
1529 2547 1577 2579 rei
1602 2558 1679 2578 ma-

895 2598 1106 2642 gnitudinem
1128 2597 1220 2629 dicta
1241 2596 1283 2628 de
1303 2595 1432 2637 scripto
1453 2598 1541 2625 est.“
1574 2595 1680 2625 Klotz.

964 2647 1081 2686 Ecquis
1098 2663 1143 2669 -—
1159 2645 1271 2676 vincite
1283 2641 1309 2684 !]
1337 2642 1396 2672 Est
1415 2638 1580 2683 particula
1600 2650 1682 2671 ver-

896 2703 950 2724 sus
973 2703 1014 2723 ex
1035 2690 1128 2723 Accii
1150 2693 1253 2721 Atreo
1286 2692 1420 2728 sumpta
1452 2691 1498 2728 (v.
1519 2684 1562 2716 de
1583 2686 1678 2718 Orat.

896 2740 954 2770 Ill.
978 2739 1044 2776 5:1¹,
1062 2736 1155 2777 217.)
1172 2760 1179 2771 ,
1206 2733 1282 2771 ubi,
1310 2739 1345 2763 ut
1368 2730 1515 2774 explicat
1534 2732 1678 2773 Νείἀίῑιε,
1701 2740 1703 2744 ·

896 2783 1014 2828 aliquis
1046 2782 1150 2814 iratus
1182 2778 1313 2812 cuidam
1338 2777 1552 2809 facinoroso:
1589 2778 1679 2818 Quis,

896 2830 1024 2874 inquit,
1061 2831 1118 2861 hoc
1147 2828 1274 2866 facinus
1301 2824 1408 2856 vidit?
1444 2825 1528 2864 agite
1556 2827 1584 2856 et
1607 2826 1679 2857 vin-

895 2880 982 2908 ctum
1004 2885 1076 2907 eum
1097 2872 1264 2904 abducite!
1299 2869 1453 2913 [Orellius
1472 2868 1539 2901 sic:
1566 2870 1679 2902 Straft

897 2921 990 2953 nicht
1027 2918 1136 2963 gleich
1170 2916 1273 2949 Einer
1311 2914 1400 2947 diess
1438 2915 1642 2959 (Vergehen)
1659 2915 1676 2948 ἶ)

896 2966 1033 2999 Schnell
1056 2962 1167 2996 werde
1190 2974 1226 2994 er
1246 2960 1411 3005 gestraft!
1439 2961 1560 2994 Bindet
1579 2961 1674 3005 ihm]

895 3013 991 3045 Haec
1025 3009 1103 3043 irati
1135 3008 1281 3041 hominis
1313 3007 1415 3042 verba
1439 3019 1502 3041 nec
1523 3010 1678 3053 Aesopus

1494 1854 1676 1885 Doederlin.
