1859 3117
654 62 827 95 LIBER
851 64 877 97 1.
903 59 1051 104 37,90.
1565 57 1646 100 105

63 145 213 198 disset3
245 159 326 187 non
348 159 434 186 cum
455 142 613 185 Latinis
635 142 844 184 decertans
869 151 981 199 pater
999 142 1148 186 Decius
1162 176 1174 197 ‚
1208 158 1294 186 cum
1316 142 1500 187 Etruscis
1525 146 1643 200 filius,

65 234 151 262 cum
174 219 330 277 Pyrrho
361 232 507 274 nepos,
550 230 595 259 se
617 216 788 258 hostium
814 217 904 269 telis
931 218 1194 271 obiecissent3
1240 233 1320 260 non
1343 234 1420 261 uno
1446 220 1550 262 bello
1574 236 1645 277 pro

65 295 191 352 patria
231 295 416 336 cadentes
449 290 657 349 Scipiones
688 290 878 347 Hispania
915 292 1104 344 vidisset,
1151 291 1332 334 Paullum
1364 301 1404 335 et
1435 292 1647 337 Geminum

65 367 253 420 Cannae,
295 367 474 410 Venusia
496 366 755 419 Marcellum,
798 364 946 407 Litana
971 366 1182 418 Albinum,
1225 366 1379 409 Lucani
1403 367 1644 412 Gracchum.

6 460 7 463 ¹
61 442 169 485 Num
186 443 271 498 quis
289 443 426 483 horum
444 442 566 483 miser
580 441 722 482 hodie?
751 439 914 498 Netum
931 440 1084 496 quidem
1106 449 1194 497 post
1209 442 1386 498 spiritum
1405 451 1644 486 extremum.

1420 524 1491 560 90.
1525 518 1582 561 At
1610 519 1650 562 id

63 591 189 647 ipsum
216 591 392 632 odiosum
414 597 490 642 est,
525 590 611 632 sine
637 604 757 632 sensu
785 604 890 631 esse.
908 613 965 620 —
1005 587 1213 642 Odiosum,
1248 591 1281 631 si
1306 592 1342 632 id
1361 600 1468 634 esset
1493 608 1646 636 carere.

66 664 196 720 Quum
221 680 319 709 vero
339 665 586 721 perspicuum
609 665 683 717 sit,
717 664 813 706 nihil
834 678 950 720 posse
971 664 1011 706 in
1037 678 1083 706 eo
1107 679 1220 716 esse,
1254 666 1318 720 qui
1350 667 1434 722 ipse
1461 682 1540 709 non
1569 669 1648 722 sit3

66 731 155 794 quid
170 746 300 796 potest
319 753 408 781 esse
428 739 468 780 in
485 753 532 780 eo
549 739 743 791 odiosum,
767 740 832 795 qui
851 754 924 780 nec
943 747 1093 790 careat,
1118 753 1191 780 nec
1209 740 1383 781 sentiat?
1415 740 1651 798 Quanquam

64 814 139 855 hoc
163 814 316 870 quidem
338 813 454 855 nimis
473 828 616 869 saepe3
650 814 720 855 sed
746 827 809 865 60,
844 814 944 869 quod
971 814 1010 854 in
1038 814 1110 855 hoc
1137 814 1241 856 inest
1266 815 1393 857 omnis
1417 817 1536 857 animi
1559 832 1652 859 con-

63 888 206 930 tractio
226 903 278 930 ex
298 896 404 930 metu
427 889 581 930 mortis.
645 886 724 942 Qui
741 889 844 929 enim
865 889 961 930 satis
984 889 1149 940 viderit,
1184 889 1220 930 id
1250 890 1351 945 quod
1380 897 1441 931 est
1462 891 1549 933 luce
1575 892 1653 933 cla-

64 962 171 1016 rius,
217 964 346 1005 animo
374 971 416 1005 et
450 978 617 1020 corpore
646 971 877 1019 consumpto
911 971 1070 1018 totoque
1100 964 1299 1005 animante
1330 965 1459 1006 deleto
1486 972 1525 1007 et
1549 967 1653 1008 sacto

66 1035 229 1078 interitu
254 1037 470 1089 universo,
514 1038 607 1078 illud
637 1037 808 1089 animal,
854 1038 954 1092 quod
983 1038 1124 1089 suerit,
1161 1039 1304 1080 factum
1330 1053 1420 1081 esse
1453 1040 1572 1082 nihil:
1617 1041 1652 1083 is

69 1111 182 1166 plane
213 1111 445 1168 perspiciet,
478 1111 583 1152 iuter
607 1111 965 1167 Hippocentaurum
982 1145 992 1164 ,
1037 1113 1100 1167 qui
1125 1127 1322 1167 uunquam
1348 1114 1493 1166 fuerit,
1530 1122 1569 1156 et
1590 1129 1655 1157 re-

68 1199 155 1240 gem
170 1184 512 1240 Agamemnonem
537 1185 633 1226 nihil
657 1186 875 1237 interesse,
910 1200 982 1227 nec
1007 1186 1128 1242 pluris
1152 1201 1254 1227 nunc
1278 1188 1408 1230 facere
1422 1187 1483 1230 M.
1508 1187 1656 1232 Camil-

66 1258 146 1300 lum
172 1259 244 1301 hoe
268 1259 383 1301 civile
405 1260 572 1312 bellum,
607 1274 720 1315 quam
743 1274 833 1315 ego,
866 1261 932 1301 illo
956 1261 1072 1312 vivo,
1107 1261 1267 1302 fecerim
1290 1261 1459 1303 Romam
1483 1271 1652 1319 captam.

70 1330 155 1393 Cur
178 1333 303 1397 igitur
329 1341 368 1376 et
385 1331 576 1376 Camillus
606 1335 777 1386 doleret,
812 1335 842 1375 si
866 1335 961 1376 haec
984 1343 1071 1390 post
1093 1343 1292 1376 trecentos
1315 1343 1353 1377 et
1373 1337 1657 1393 quinquaginta

68 1408 153 1449 fere
173 1394 298 1451 annos
319 1417 510 1451 eventura
527 1411 708 1465 putaret?
740 1417 778 1450 et
804 1423 878 1465 ego
899 1409 1049 1451 doleam
1063 1441 1074 1461 ,
1107 1410 1141 1450 si
1164 1410 1211 1451 ad
1234 1410 1369 1451 decem
1390 1412 1509 1453 millia
1531 1427 1655 1454 anno-

62 515 153 560 Nec
176 517 280 558 enim
310 523 441 572 potest
464 530 555 558 esse
586 515 708 557 miser
731 515 959 571 quisquam,
994 529 1115 556 sensu
1140 525 1358 573 perempto.

68 1510 185 1544 Parad.
207 1512 233 1543 1.
255 1511 297 1552 2,
323 1512 375 1546 12.
421 1512 538 1545 Catou.
562 1512 642 1544 Mai.
663 1513 733 1544 XX
747 1538 754 1551 ‚
785 1512 841 1547 75.

68 1557 153 1590 Rem
172 1557 343 1590 enucleare
365 1565 502 1590 conatus
525 1565 575 1590 est
596 1561 782 1591 Goerenzius
800 1558 843 1590 ad

68 1602 142 1635 Fin.
159 1601 180 1636 l.
196 1602 229 1634 d.
248 1615 282 1647 p.
296 1602 393 1643 214„
420 1604 474 1647 qui
496 1604 663 1636 conciliari
687 1612 777 1637 recte
796 1604 844 1636 sie

69 1660 170 1693 posse
195 1648 391 1683 Ciceronem
415 1661 488 1681 cum
511 1652 640 1682 Zonara
665 1657 778 1693 putat,
816 1650 844 1682 si

71 1693 244 1727 censilium
263 1695 365 1728 Decio
383 1707 419 1727 se
442 1695 630 1727 devovendi
651 1696 752 1728 fuisse
771 1703 844 1727 sta-

69 1746 217 1778 tuamus,
241 1740 318 1779 sed.
343 1752 453 1784 pugna
474 1740 509 1772 in
531 1741 659 1773 felicius
682 1754 786 1777 versa,
810 1741 844 1773 id

70 1797 142 1818 esse
154 1786 397 1825 intermissum3
416 1793 485 1819 tam
500 1787 618 1830 cupide
633 1794 745 1820 tamen
758 1788 846 1820 hunc

72 1843 257 1876 pugnasse,
283 1839 319 1864 ut
344 1832 377 1864 in
403 1832 534 1876 proelio
561 1832 706 1865 caderet.

140 1880 256 1911 Litana
279 1879 440 1918 Albinum]
466 1878 522 1910 Sic
545 1878 633 1910 edidi
656 1890 674 1910 e
699 1878 846 1911 certissi-

71 1934 126 1955 ma
150 1924 340 1957 coniectura
361 1925 477 1956 Menhii
500 1935 562 1966 pro
585 1923 674 1966 vulg.
697 1926 848 1956 Larini

73 1971 230 2002 Albinum.
285 1969 400 2001 Livius
410 1969 552 2008 XXHI,
577 1966 651 2001 24:
688 1969 778 2000 Silva
801 1968 847 2011 (in

75 2014 185 2046 Gallia
206 2014 403 2057 Cispadana)
429 2021 500 2045 erat
522 2021 615 2046 vasta
636 2033 677 2038 —
699 2016 849 2046 Litanam

75 2059 165 2092 Galli
185 2060 433 2096 vocabant—‚
469 2070 532 2101 qua
563 2059 743 2091 exercitum
773 2066 846 2091 tra-

75 2104 236 2137 ducturus
255 2110 393 2137 erat.—
406 2103 456 2135 Ibi
475 2104 662 2136 Postumius
682 2105 845 2148 (Albinus)

77 2150 168 2182 omni
196 2150 250 2191 vi,
288 2161 331 2181 116
365 2155 556 2193 caperetur,
596 2149 755 2183 dimicans
787 2162 849 2184 oc·-

76 2195 199 2228 cubuit.

144 2240 200 2274 90.
238 2242 486 2283 Quanquam—
505 2244 599 2274 nimis
619 2242 726 2286 saepe]
753 2245 804 2275 Sc.
829 2255 848 2275 a

76 2297 131 2319 me
153 2285 292 2325 dicitur;
327 2286 388 2319 sed
408 2287 471 2319 hac
492 2286 533 2319 (le
554 2299 666 2320 caussa
690 2289 726 2320 id
748 2301 848 2332 saepe

77 2331 165 2365 dieo.
199 2331 292 2372 L17,
311 2330 374 2365 v40:
401 2333 486 2364 Num
506 2332 607 2376 igitur
631 2333 846 2366 dubitamus?

76 2389 118 2410 an
153 2377 237 2417 sic,.
263 2384 299 2409 ut
331 2377 516 2422 pleraque?
564 2391 751 2423 quanquam
783 2381 850 2413 hoc

77 2422 212 2467 quidem
243 2423 398 2463 minime3
434 2424 637 2468 persuadent
664 2426 751 2458 enim
782 2433 845 2458 etc.

74 2468 260 2501 Particulae
286 2480 470 2510 quanquam
493 2471 573 2512 (etsi)
597 2490 644 2496 —-
677 2474 731 2504 sed
750 2483 850 2515 saepe

75 2513 124 2546 ita
154 2514 343 2558 iunguntur.
390 2515 483 2548 Infra
517 2528 545 2548 c.
570 2513 632 2555 42,
664 2516 719 2551 99.
757 2518 849 2561 (elsi.)

77 2559 138 2592 111.
166 2560 231 2600 22,
266 2560 320 2593 52.
355 2561 396 2593 V.
424 2561 484 2603 19,
509 2562 573 2594 55:
608 2564 676 2595 Etsi
711 2575 851 2607 peccare

78 2604 203 2637 nemini
231 2605 330 2644 licet3
366 2608 420 2639 sed
446 2606 607 2639 sermonis
627 2620 740 2641 errore
763 2609 852 2641 labi-

79 2660 162 2683 mur.
196 2651 239 2684 N.
265 2652 302 2683 D.
321 2653 388 2692 111,
412 2652 474 2686 36:
502 2653 697 2696 Quanquam
722 2655 852 2699 Pytha-

82 2706 190 2737 gor-88,
214 2707 314 2740 quum
334 2697 368 2729 in
389 2698 571 2740 geometria
591 2699 748 2742 quiddam
773 2700 853 2733 novi

82 2739 280 2783 invenisset,
317 2743 419 2775 Musis
441 2743 563 2776 bovem
587 2744 777 2778 immolasse
799 2745 852 2777 di-

85 2783 186 2821 citur}
222 2787 283 2820 sed
303 2787 339 2820 id
362 2788 495 2832 quidem
524 2801 591 2821 non
617 2791 729 2824 credo.

150 2833 251 2865 animi
280 2834 464 2879 contractio]
501 2835 594 2867 Infra
614 2838 671 2868 IV.
692 2837 755 2877 31,
788 2836 852 2871 66:

87 2872 206 2906 eodem
236 2878 322 2910 enim
351 2879 435 2912 vitio
470 2887 520 2912 est
551 2883 660 2922 effusio
691 2882 792 2915 animi
819 2882 855 2915 in

85 2917 232 2961 laetitia,
256 2934 322 2965 qno
343 2923 378 2956 in
402 2925 520 2958 dolore
542 2930 721 2960 contractio.

157 2966 429 3012 Aganoemnonem]
456 2970 512 3014 qui
532 2970 613 3004 olim
635 2972 747 3006 fuerit.

942 1524 998 1546 nec
1009 1515 1111 1554 pluris
1124 1513 1241 1558 facere]
1267 1514 1310 1546 H.
1327 1525 1354 1546 e.
1371 1526 1433 1547 nec
1446 1514 1550 1558 magis
1568 1526 1656 1548 nunc

880 1560 1020 1592 Camillo
1056 1571 1152 1591 curae
1186 1571 1257 1592 esse
1292 1560 1359 1592 hoc
1392 1560 1488 1592 civile
1521 1561 1654 1601 bellum,

878 1618 977 1649 quam
1001 1605 1128 1637 Camilli
1150 1613 1260 1638 aetate
1281 1605 1371 1645 mihi,
1398 1606 1452 1649 qui
1473 1613 1543 1638 tum
1565 1617 1655 1638 non-

878 1652 956 1683 dum
986 1658 1081 1683 natus
1112 1651 1249 1691 fuerim,
1287 1664 1383 1684 curae
1416 1651 1517 1684 fuerit
1538 1652 1654 1692 Roma,

878 1710 897 1730 a
918 1697 1024 1730 Gallis
1048 1697 1132 1728 duce
1156 1699 1285 1729 Brenno
1309 1704 1416 1739 capta.

951 1746 1012 1775 Cur
1028 1746 1124 1782 i9ilur
1137 1746 1164 1774 et
1181 1745 1333 1775 Camillus
1344 1745 1459 1774 doleret
1472 1742 1552 1786 etc.]
1574 1744 1656 1775 Sen-

878 1788 1006 1821 tentiae
1021 1789 1068 1819 sic
1080 1799 1116 1819 se
1131 1787 1317 1830 excipiunt:
1343 1788 1469 1819 Mortui
1482 1788 1563 1819 nulli
1580 1795 1658 1820 sunt

879 1846 942 1866 nec
971 1833 1118 1865 sentiunt
1150 1833 1344 1875 quiequam:
1382 1845 1412 1864 V.
1438 1845 1466 1865 c.
1501 1833 1657 1866 Camillus

881 1891 968 1911 nunc
986 1889 1052 1910 non
1073 1878 1176 1920 magis
1197 1878 1342 1910 afficitur
1360 1878 1425 1910 hoc
1446 1878 1536 1911 civili
1554 1879 1656 1919 bello,

883 1935 980 1968 quam
999 1935 1061 1966 ego
1083 1923 1210 1955 Camilli
1231 1931 1342 1956 aetate
1364 1924 1504 1956 affectus
1525 1925 1655 1963 fuerim,

883 1971 991 2002 Roma
1009 1981 1027 2001 a
1047 1969 1150 2001 Gallis
1167 1976 1274 2013 capta.
1310 1969 1438 2009 Quodsi
1453 1969 1564 2013 igitur,
1581 1970 1658 2003 ani—

882 2027 938 2048 mo
963 2022 998 2047 et
1019 2026 1158 2058 corpore
1184 2023 1404 2058 consumpto,
1441 2016 1568 2049 nullum
1591 2017 1658 2049 iam

882 2060 1027 2093 habituri
1058 2072 1168 2092 sumus
1197 2073 1348 2099 sensum3
1386 2062 1555 2105 quomodo
1586 2062 1658 2094 fieri

883 2114 1015 2150 potest,
1041 2113 1079 2138 ut
1099 2106 1162 2138 hac
1183 2107 1302 2139 imbuti
1326 2107 1485 2150 opinione
1507 2121 1558 2140 res
1582 2120 1658 2140 mo-

881 2152 1010 2193 liamur,
1029 2164 1113 2196 quae
1135 2164 1202 2185 non
1221 2152 1264 2185 ad
1280 2164 1341 2185 nos
1360 2160 1540 2197 nostraque
1564 2165 1660 2187 com-

883 2199 984 2231 moda
997 2205 1162 2242 spectant,
1182 2198 1241 2230 sed
1253 2198 1296 2231 ad
1310 2199 1550 2241 posteritatem,
1569 2199 1659 2232 cuius

882 2256 1015 2277 sensum
1036 2244 1183 2276 habituri
1203 2256 1270 2277 non
1293 2256 1424 2284 sumus,
1460 2244 1658 2289 pertinent?

883 2294 933 2323 An
956 2297 1052 2334 putas
1078 2294 1127 2333 (ut
1148 2290 1277 2332 iisdem,
1299 2302 1382 2334 quae
1407 2291 1510 2324 modo
1531 2292 1564 2324 in
1585 2302 1660 2323 me-

883 2336 973 2368 dium
996 2336 1132 2380 protuli,
1159 2336 1317 2379 exemplis
1341 2337 1427 2378 utar)
1442 2362 1450 2377 ,
1478 2344 1512 2369 et
1534 2336 1659 2369 Camil-

883 2382 951 2414 lum
966 2407 973 2419 ,
1011 2381 1039 2414 si
1062 2382 1124 2414 sibi
1148 2382 1383 2425 persuasisset,
1407 2394 1443 2414 se
1464 2390 1543 2426 post
1566 2393 1660 2414 mor-

884 2435 952 2460 tem
972 2435 1081 2459 totum
1103 2427 1250 2459 deletum
1267 2427 1318 2467 iri,
1343 2427 1523 2459 doliturum
1546 2426 1658 2463 fuisse,

884 2474 912 2506 si
936 2480 1015 2517 post
1035 2473 1162 2505 obitum
1182 2485 1252 2506 rem
1276 2473 1441 2517 publicam
1459 2472 1548 2505 bello
1571 2471 1660 2503 civili

885 2526 1040 2552 vexatum
1058 2519 1099 2551 iri
1119 2525 1282 2563 putasset,
1306 2526 1340 2551 et
1358 2531 1410 2550 me
1423 2544 1431 2557 ,
1458 2517 1574 2550 eadem
1592 2516 1659 2548 im·-

884 2565 1001 2597 butum
1026 2565 1262 2609 persuasione,
1298 2564 1479 2596 doliturum
1503 2574 1594 2603 esse,
1632 2561 1661 2594 si

886 2617 963 2655 post
985 2611 1113 2643 obitum
1144 2622 1162 2642 a
1191 2617 1290 2653 gente
1310 2610 1418 2653 aliqua
1448 2608 1564 2639 urbem
1594 2618 1660 2640 no-

886 2663 990 2688 stram
1024 2663 1157 2700 captum
1188 2656 1229 2688 iri
1257 2663 1381 2698 putem.
1438 2653 1596 2686 Profecto
1626 2659 1662 2686 et

890 2702 1045 2734 Camillus
1069 2701 1231 2734 doliturus
1256 2701 1391 2737 fuisset,
1418 2705 1451 2731 et
1474 2709 1536 2741 ego
1561 2698 1659 2731 dole-

887 2759 969 2780 rem.
1004 2747 1138 2780 Etenim
1157 2747 1299 2789 sapiens,
1320 2743 1466 2789 quamvis
1486 2744 1663 2777 mortalem

889 2805 961 2825 esse
981 2793 1125 2826 animum
1144 2791 1278 2828 iudicet,
1299 2797 1411 2822 tamen
1432 2801 1502 2822 uon
1523 2789 1660 2832 gloriae,

888 2839 949 2871 sed
967 2838 1099 2871 virtutis
1120 2836 1299 2880 cupiditate
1319 2835 1460 2878 agitatus
1479 2847 1530 2867 res
1549 2842 1662 2869 aeter-

889 2896 948 2916 nas
971 2883 1139 2916 molietur,
1180 2883 1229 2913 De
1255 2879 1472 2913 coniunctivis
1496 2882 1610 2915 doleret
1628 2889 1663 2914 et

889 2931 1014 2962 doleam
1033 2940 1072 3005 v(¹1
1087 2939 1148 2996 2⁰⁵
1170 2927 1204 2959 in
1230 2926 1290 2959 Gr.
1308 2927 1349 2959 L.
1373 2926 1503 2972 §.108‚
1527 2926 1560 2962 6.
1579 2927 1611 2972 a)
1627 2928 1662 2973 β)

892 2986 924 3018 p.
942 2974 1016 3009 166.
1030 2985 1047 3005 e
1076 2997 1082 3004 .
1098 2997 1128 3006 -.
