1843 3101
155 19 237 62 232

268 107 347 150 IX.
401 117 471 153 20.
561 113 782 169 ὀἰιιρταίἰε
812 123 941 157 autem
974 123 1108 172 partes
1147 118 1220 159 hoc
1247 118 1363 159 modo
1397 118 1646 172 describunt,
1693 126 1735 161 ut

156 183 462 228 malevolentia
497 186 550 228 sit
583 188 764 245 voluptas
799 194 854 231 bx
883 191 986 232 malo
1022 192 1183 233 alterius
1217 192 1303 234 sine
1335 193 1598 235 emolumento
1635 208 1731 247 suo3

155 257 389 300 delectatio
412 260 593 316 voluptas
614 264 810 305 suavitate
835 266 989 307 auditus
1009 266 1179 307 animum
1201 267 1427 320 deleniens3
1467 277 1507 309 et
1525 267 1651 323 qualis
1675 276 1736 310 est

158 330 253 372 haec
277 333 450 386 aurium,
484 335 582 376 tales
607 345 697 378 sunt
722 338 924 380 oculorum
949 348 989 382 et
1013 342 1224 382 tactionum
1251 349 1289 383 et
1316 341 1587 383 odorationum
1611 348 1650 383 et
1671 356 1734 383 sa-

662 34 829 68 LIBER
852 36 911 69 1v.
935 33 978 77 9,
1001 33 1057 69 20.
1080 34 1136 70 21.
1159 36 1214 72 22.

158 419 316 460 porum,
360 421 457 461 quae
490 418 583 451 sunt
615 426 752 453 omnes
790 414 903 455 unius
938 416 1097 470 generis
1133 416 1181 456 ad
1216 416 1527 471 perfundendum
1561 418 1734 458 animum

157 485 337 534 tanquam
368 481 630 537 illiquesactae
663 486 900 542 voluptates.

156 567 200 594 sc
223 554 392 595 efferens
416 557 665 601 insolentius.

965 489 1151 531 Iactatio
1185 497 1245 530 est
1277 490 1455 546 voluptas
1480 491 1660 545 gestiens
1697 498 1736 532 et

728 568 799 603 21.
847 562 959 617 Quae
984 572 1115 605 autem
1144 564 1313 606 libidini
1338 565 1517 606 subiecta
1539 572 1654 616 suut,
1688 578 1736 605 ea

156 626 213 667 sic
245 628 504 684 deliniuntur,
550 641 591 674 ut
627 635 699 676 ira
731 636 783 677 sit
817 637 934 678 libido
965 639 1172 694 poeniendi
1206 639 1315 690 eius,
1364 639 1427 694 qui
1451 638 1633 680 videatur
1654 638 1735 680 lae-

156 701 258 743 sisse
290 702 454 758 iniuria3
502 709 865 753 excandescentia
887 720 1015 753 autem
1049 713 1101 753 sit
1136 713 1194 754 ira
1217 727 1385 754 nascens
1421 720 1461 754 et
1487 713 1602 754 modo
1628 713 1737 754 exsi-

157 782 290 829 stens,
335 793 434 834 quae
457 778 643 833 θύμωσις
672 784 826 827 Graece
853 787 1016 838 dicitur3
1061 787 1204 829 odium
1226 787 1284 828 ira
1309 787 1551 840 im‘eterata3
1600 789 1736 829 inimi-

156 851 262 891 citia
292 851 350 892 ira
374 854 587 897 ulciscendi
623 864 774 915 tempus
798 861 1042 912 observans3
1087 861 1313 902 discordia
1342 861 1400 901 ira
1423 862 1630 914 acerbior,
1674 862 1734 902 in-

158 923 250 965 timo
282 926 370 968 odio
403 936 442 969 et
466 931 582 972 corde
614 941 825 989 concepta,
860 934 1097 989 incliyenlia
1120 934 1236 975 libido
1262 936 1536 990 inexplebilis3
1569 936 1735 977 deside-

154 999 264 1040 rium
288 999 404 1043 libido
420 1003 521 1056 eius,
555 1006 618 1060 qui
640 1008 809 1048 nondum
828 1009 943 1059 adsit,
980 1009 1150 1050 videndi.

155 1079 198 1114 ut
222 1073 340 1115 libido
368 1076 419 1117 sit
451 1091 585 1120 earum
609 1095 764 1133 reruni,
809 1097 909 1137 quae
934 1083 1112 1124 dicuntur
1137 1084 1183 1124 de
1210 1084 1375 1138 quodam
1400 1090 1467 1124 aut
1487 1083 1733 1139 quibusdam,

155 1161 252 1201 quae
276 1150 585 1205 κατηγορήματα
604 1155 798 1197 dialectici
819 1157 1028 1212 appellant,
1064 1164 1104 1198 ut
1129 1156 1274 1198 habere
1295 1157 1466 1210 divitias,
1500 1172 1640 1220 capere
1666 1157 1735 1199 ho-

1213 1007 1471 1064 Distinguunt
1488 1009 1580 1050 illud
1600 1010 1734 1062 etiam,

153 1234 297 1274 nores3
342 1225 558 1282 indigentia
595 1244 727 1271 rerum
762 1230 932 1285 ipsarum
974 1238 1057 1282 est,
1105 1238 1146 1272 ut
1181 1231 1398 1283 honorum,
1448 1239 1489 1273 ut
1526 1232 1731 1288 pecuniae.

155 1302 224 1336 22.
272 1296 456 1342 Omnium
483 1310 612 1344 autem
636 1305 971 1359 perturbationum
1000 1307 1145 1347 fontem
1173 1320 1263 1347 esse
1290 1306 1423 1347 dicunt
1446 1307 1736 1361 ‘intemperan-

155 1371 282 1423 tiam,
331 1388 429 1428 quae
453 1383 514 1416 est
538 1390 560 1416 a
589 1384 667 1418 tota
694 1386 825 1420 mente
850 1387 888 1420 et
911 1395 934 1421 a
958 1387 1067 1421 recta
1091 1381 1245 1422 ratione
1271 1381 1463 1433 defectio,
1511 1381 1568 1422 sic
1592 1394 1735 1422 aversa

154 1457 177 1484 a
200 1448 508 1504 praescriptione
536 1451 726 1504 rationis,
762 1459 802 1493 ut.
825 1454 930 1495 nullo
955 1456 1069 1496 modo
1097 1455 1356 1511 appetitiones
1382 1455 1501 1496 animi
1531 1468 1604 1496 nec
1630 1455 1732 1510 regi,

155 1532 226 1559 neo
250 1522 444 1565 contineri
472 1533 628 1580 queant.
692 1525 1028 1581 Quemadmodum
1055 1530 1176 1585 igitur
1198 1530 1456 1586 temperantia
1480 1529 1593 1570 sedat
1618 1542 1734 1585 appe-

224 1609 301 1644 cn».
316 1613 377 1645 IX.
400 1616 455 1647 20.
492 1619 596 1656 qualis
618 1622 659 1649 est
682 1619 757 1652 haec
781 1621 923 1662 aurium]

153 1665 200 1686 sc.
221 1657 387 1708 veluptas.
407 1660 516 1693 Divin.
538 1662 571 1694 in
596 1663 717 1696 Caecil.
741 1666 776 1697 ll
794 1677 799 1695 :
827 1676 926 1709 quum

154 1711 260 1753 omnis
285 1707 477 1748 arrogantia
508 1707 624 1741 odiosa
659 1716 731 1750 est,
765 1717 835 1742 tum
870 1713 927 1742 illa

152 1751 269 1798 znyenii
301 1754 392 1791 atque
414 1754 604 1794 eloquentiae
627 1751 733 1787 mult'o
758 1756 927 1788 molestis-

153 1803 245 1844 suna.
293 1796 329 1827 In
357 1796 407 1829 his
431 1799 590 1842 exemplis
624 1800 657 1832 in
682 1813 837 1844 pronom.
867 1803 926 1843 hic,

151 1840 204 1888 ille
231 1841 310 1882 (non
337 1843 375 1884 is)
401 1844 508 1876 maior
529 1845 578 1877 vis
601 1853 673 1885 est,
700 1858 797 1890 quam
819 1848 852 1879 in
875 1860 927 1879 ar-

151 1884 265 1917 t1culo.
325 1889 527 1922 pronomina
552 1891 639 1923 enim
665 1892 927 1926 demonstrativa

151 1940 232 1979 rem,
257 1942 339 1974 quae
360 1933 423 1966 iam
443 1943 541 1968 antea
563 1947 821 1971 commemorata
844 1946 926 1980 erat,

151 1985 185 2025 ln
207 1983 353 2009 mentem
378 1989 549 2014 revocant.
597 1983 631 2015 Si
655 1995 735 2016 vero
756 1985 846 2017 solus
869 1997 926 2017 ar-

151 2020 272 2071 tlculus
305 2022 416 2056 locum
458 2026 583 2071 habet,
629 2029 719 2061 solus
760 2030 925 2073 genitivus

151 2073 297 2116 ponltur.
347 2069 418 2102 Fin.
441 2072 477 2110 Ι,
504 2072 563 2106 16;
602 2074 701 2114 Quod
723 2076 749 2107 si
772 2076 827 2120 qui
846 2077 924 2108 satis

151 2110 214 2142 s1b1
239 2120 355 2146 contra
378 2115 549 2150 hominum
574 2120 812 2154 conscientiam
839 2124 925 2165 septi

152 2167 224 2188 esse
256 2164 289 2189 et
308 2161 427 2192 muniti
448 2162 603 2197 videntur
616 2191 624 2204 ‚
661 2168 791 2199 deorum
812 2174 925 2200 tamen

151 2200 301 2235 horrent.
340 2206 380 2238 V.
404 2218 465 2239 nos
486 2207 520 2240 in
536 2210 593 2242 Gr.
609 2211 650 2244 L.
665 2213 693 2248 (ἱ.
710 2213 783 2246 123.
798 2214 878 2246 Not.
893 2213 925 2248 7.

152 2258 186 2290 p.
199 2247 275 2281 269.
304 2249 400 2283 edd.
666 2249 677 2255 ⁴

220 2293 274 2326 21.
313 2299 476 2340 exsistens]
524 2309 589 2330 non
624 2300 713 2334 idem
748 2303 924 2346 significat,

153 2338 243 2382 quod
276 2351 430 2383 nascens,
462 2343 523 2375 sed
555 2356 718 2389 apparens
753 2356 785 2380 et
817 2358 925 2382 semet

153 2385 342 2419 ostendens.

218 2433 400 2477 inimicitia]
444 2433 626 2477 Singularis
668 2445 821 2471 numerus
858 2440 925 2472 hoc

151 2473 250 2528 loco,
287 2478 343 2510 ubi
375 2479 543 2513 abstracta
570 2492 653 2524 quae
684 2483 805 2515 dicitur
827 2485 923 2517 huius

151 2522 294 2572 nominis
319 2524 414 2557 notio
437 2524 615 2567 definitur,
641 2534 737 2571 aptus
762 2536 832 2567 est3
865 2530 924 2561 sed

152 2566 232 2598 alnas
268 2568 335 2601 hoc
366 2582 490 2604 nomen
523 2584 541 2604 a
578 2572 675 2605 bonis
706 2574 924 2617 scriptoribus

151 2622 220 2643 uon
244 2623 438 2658 usurpatur,
463 2617 526 2650 uisi
548 2617 667 2661 plurali
691 2631 852 2659 numero,
878 2620 925 2651 uti

150 2659 334 2692 inimicitias
348 2673 474 2704 gerere,
497 2663 676 2707 suscipere,
697 2676 835 2708 ponere,
861 2665 926 2697 de-

151 2713 300 2745 ponere,
334 2718 514 2749 exercere,
550 2712 733 2742 inimicitiae
759 2721 833 2743 cum
860 2710 925 2743 ali-

151 2757 217 2791 quo
241 2750 323 2783 mihi
346 2760 424 2785 sunt
447 2754 501 2786 vel
525 2755 749 2788 intercedunt.

218 2797 326 2829 intimo
358 2800 428 2831 odio
461 2804 489 2832 et
521 2802 627 2844 corde]
668 2802 834 2843 Fuerunt,
870 2801 925 2846 qui

151 2836 240 2890 hune
274 2841 385 2875 locum
421 2853 615 2889 corruptum
650 2854 816 2890 putarent.
881 2851 925 2880 At

150 2883 230 2915 mlhi
252 2887 408 2921 videntur
430 2891 541 2923 omnia
563 2892 807 2936 elegantissime
838 2893 925 2925 scri-

150 2934 219 2969 pta.
276 2933 385 2965 Verba
406 2935 494 2967 enim
514 2939 624 2970 intimo
645 2940 717 2971 odio
739 2938 927 2982 significant

962 1620 1103 1659 fontem,
1129 1633 1146 1653 e
1162 1633 1227 1665 quo
1244 1620 1411 1654 discordia
1426 1620 1613 1664 concipitur
1627 1633 1635 1659 ;
1659 1631 1735 1653 ver-

962 1666 1002 1698 ba
1026 1670 1134 1699 intimo
1150 1669 1242 1699 corde
1263 1667 1390 1706 locum,
1424 1667 1458 1698 in
1480 1677 1545 1709 quo
1568 1664 1736 1698 discordia

963 1713 1149 1755 concipitur
1183 1712 1235 1744 vel
1268 1712 1399 1756 concipi
1433 1712 1608 1755 cogitatur.
1669 1711 1736 1743 Cur

961 1765 1071 1790 autem
1094 1770 1159 1790 non
1185 1761 1293 1790 intimo
1316 1761 1445 1798 animo,
1484 1757 1543 1788 sed
1567 1756 1733 1800 antiquius

960 1806 1105 1836 intimum
1128 1814 1180 1836 cor
1211 1803 1351 1843 dixerit,
1377 1814 1438 1847 per
1460 1814 1577 1834 vocem
1609 1804 1732 1835 discor-

963 1851 1034 1882 diae
1060 1849 1235 1881 obscurum
1260 1861 1330 1881 esse
1354 1860 1422 1881 non
1447 1855 1578 1892 potest..
1635 1856 1639 1866 ¹

1029 1897 1230 1936 Distinguunt
1251 1897 1332 1927 illud
1352 1897 1447 1927 etiam
1459 1918 1470 1935 ,
1503 1897 1536 1926 ul
1558 1894 1654 1926 libido
1680 1893 1733 1935 sil]

960 1942 1164 1981 Distinyuunt
1188 1942 1267 1972 illud
1288 1943 1382 1973 etiam
1411 1947 1463 1973 est
1483 1941 1628 1972 dividunt
1647 1940 1735 1971 desi-

962 1988 1085 2018 derium
1104 1989 1199 2018 etiam
1218 1986 1303 2028 (ita),
1326 1992 1361 2018 ut
1380 1986 1422 2017 sit
1440 1991 1504 2018 etc.
1561 1983 1736 2016 Sententia

962 2043 1117 2075 expressa
1138 2039 1190 2063 est
1212 2032 1313 2064 haec:
1351 2031 1415 2064 Alii
1438 2030 1543 2063 Stoici
1565 2030 1599 2062 in
1620 2029 1735 2062 libidi-

962 2077 1011 2109 nis
1046 2077 1196 2120 partibus
1230 2084 1361 2121 ponunt
1396 2083 1430 2109 et
1463 2078 1672 2118 indiyentiam
1701 2081 1736 2107 et

961 2125 1164 2155 desiderium.
1209 2125 1293 2155 Sunt
1312 2130 1421 2155 tamen
1445 2122 1546 2155 etiam
1567 2121 1646 2162 alii,
1681 2120 1738 2165 qui

959 2171 1168 2209 indiycnliam
1201 2169 1378 2207 omittant,
1425 2179 1526 2212 quum
1557 2179 1595 2199 ea
1627 2178 1737 2199 rerum

959 2214 1104 2257 ipsarum
1129 2214 1192 2253 sit,
1217 2214 1250 2246 h.
1264 2226 1291 2246 e.
1315 2213 1481 2257 significet
1499 2215 1653 2254 defectum
1672 2211 1734 2244 ali-

961 2260 1051 2292 cuius
1080 2259 1146 2298 rei,
1192 2267 1227 2291 ut
1261 2259 1447 2298 honorum,
1494 2266 1530 2290 ut
1564 2257 1735 2302 pecuniae.

960 2307 1071 2345 Quare
1108 2304 1183 2336 voci
1214 2307 1361 2338 desiderii
1383 2304 1536 2337 latiorem
1558 2303 1737 2336 subiiciunt

960 2351 1154 2390 notionem,
1182 2360 1218 2382 ut
1241 2362 1308 2382 non
1331 2350 1436 2382 solum
1459 2350 1504 2382 sit
1524 2349 1630 2382 libido
1655 2348 1735 2389 eius,

959 2396 1014 2440 qui
1039 2396 1185 2428 nondum
1209 2395 1314 2436 adsit,
1348 2395 1506 2435 videndi,
1541 2394 1603 2427 sed
1635 2394 1736 2426 etiam

960 2442 1107 2474 omnium
1143 2453 1257 2474 earum
1288 2453 1417 2481 rerum,
1458 2452 1544 2485 quae
1575 2447 1734 2483 tanquam

959 2487 1150 2530 praedicata
1176 2485 1473 2531 (κατηγορήματα)
1507 2486 1662 2518 dicuntur
1691 2484 1734 2517 de

961 2532 1124 2575 quodam,
1163 2533 1212 2564 uti
1239 2532 1373 2576 quidam
1401 2531 1523 2564 dicitur
1543 2532 1656 2563 habere
1679 2532 1735 2563 di·-

959 2580 1063 2609 vitias.
1123 2578 1222 2618 Quod
1243 2578 1271 2609 si
1292 2578 1392 2620 igitur
1411 2576 1570 2620 quispiam
1594 2575 1734 2608 libidine

960 2622 1105 2664 agitatur
1126 2623 1196 2655 sive
1218 2623 1351 2655 divitias
1373 2621 1538 2660 habendi,
1570 2621 1641 2652 sive
1666 2621 1734 2653 ho—

960 2679 1058 2699 nores
1081 2667 1243 2711 capiendi,
1268 2679 1342 2699 eum
1363 2678 1432 2699 non
1452 2668 1650 2708 indigentia,
1673 2666 1734 2699 sed

961 2714 1114 2744 desiderio
1143 2713 1262 2756 agitari
1283 2713 1410 2745 dicunt.
1465 2713 1556 2755 Ergo
1581 2723 1621 2744 ex
1651 2711 1735 2745 illo-

958 2769 1031 2789 rum
1071 2758 1259 2790 Stoicorum
1298 2764 1413 2790 mente
1447 2757 1623 2790 dicendum
1663 2765 1732 2791 est:

960 2804 1101 2836 desidero
1132 2805 1243 2836 habere
1271 2806 1459 2845 pecuniam,
1493 2805 1526 2836 d.
1544 2813 1654 2844 capere
1673 2805 1734 2837 ho-

958 2858 1070 2889 nores,
1104 2860 1171 2881 non
1201 2851 1344 2882 desidero
1363 2852 1553 2890 pecuniam,
1584 2851 1736 2890 honores,-

961 2901 1079 2926 contra
1101 2905 1169 2926 non
1203 2897 1328 2936 indigeo
1355 2896 1468 2930 habere
1496 2897 1689 2936 pecuniam,
1710 2897 1752 2926 i>

960 2949 1072 2980 capere
1092 2942 1230 2973 honores.
1266 2940 1365 2980 Quod
1379 2940 1420 2973 de
1433 2942 1619 2982 indigentia,
1635 2951 1733 2984 quam
