1843 3101
142 79 223 126 182

144 171 287 225 latins,
319 170 447 213 omnis
467 169 570 212 enim
591 167 849 220 abstinentia,
884 168 1012 210 omnis
1032 167 1261 210 innocentia
1279 191 1336 198 —
1354 179 1455 223 quae
1477 166 1580 223 apud
1601 163 1732 208 Grae-

147 261 217 289 cos
237 246 421 288 usitatum
446 257 590 286 nomen
615 243 762 285 nullum
787 242 928 296 habet,
961 242 1030 284 sed
1054 243 1199 284 habere
1221 248 1351 299 potest
1375 237 1610 294 ἅβλάβειανς
1639 254 1731 282 nam

147 328 210 364 est
236 319 461 362 innocentia
492 318 650 360 affectio
681 317 769 359 talis
802 317 946 369 animi,
991 331 1089 373 quae
1121 324 1265 358 noceat
1297 316 1444 358 nemini
1473 340 1531 348 —-
1558 315 1733 371 reliquas

695 87 862 122 LIBER
887 87 945 121 111.
967 84 1010 128 8,
1036 85 1089 122 17.
1117 85 1169 123 18.

148 395 266 438 etiam
287 395 453 435 virtutes
479 393 683 448 frugalitas
709 392 899 434 continet.
963 390 1077 446 Quae
1103 392 1178 433 nisi
1203 397 1308 432 tanta
1337 397 1446 432 essct
1467 397 1508 432 et
1531 389 1563 432 si
1586 389 1636 431 iis
1661 403 1732 430 an-

148 469 310 525 gustiis,
359 468 498 523 quibus
520 468 695 524 plerique
721 474 880 523 putant,
925 473 1153 518 teneretur,
1188 479 1385 520 nunquam
1412 471 1521 506 esset
1540 462 1593 505 L.
1617 461 1732 505 Piso-

148 543 210 585 nis
233 556 451 598 cognomen
477 549 586 583 tanto
613 556 732 598 opere
755 542 969 583 laudatum.
1035 548 1103 583 17.
1138 541 1218 582 Sed
1249 539 1338 595 quin
1370 553 1445 580 nec
1476 538 1542 594 qui
1572 545 1735 595 propter

146 624 292 659 metum
315 617 552 674 praesidium
582 617 764 672 reliquit,
809 617 910 671 quod
938 623 999 657 est
1021 615 1228 671 ignaviae,
1275 628 1347 655 nec
1373 613 1436 669 qui
1461 620 1622 669 propter
1642 625 1736 655 ava-

148 691 278 733 ritiam
301 692 398 733 clam
420 692 637 749 depositum
656 706 733 733 non
754 691 944 742 reddidit,
979 691 1080 745 quod
1102 697 1163 731 est
1184 689 1424 739 iniustitiae3
1459 701 1532 729 nec
1555 687 1618 743 qui
1643 701 1735 743 pro-

150 773 239 822 pter
257 767 518 808 temeritatem
541 768 642 809 male
663 783 745 809 rem
766 767 914 822 gessit,
949 765 1050 820 quod
1072 772 1132 805 est
1158 764 1369 815 stultitiae,
1400 762 1527 819 [φηρὶ
1544 760 1735 818 appellari

151 840 278 882 solet:
312 854 361 882 eo
383 848 464 882 tres
489 842 672 893 virtutes,
699 841 985 891 fortitudinem,
1009 840 1214 889 iustitiam,
1241 838 1502 894 prudentiam,
1529 836 1734 891 frugalitas

150 915 357 972 complexa
378 922 462 967 est,
506 917 598 971 (etsi
620 917 693 957 hoc
715 916 869 971 quidem
892 927 1099 955 commuue
1123 920 1184 954 est
1207 913 1420 964 virtutum,
1469 925 1606 952 omnes
1629 911 1733 952 enim

149 987 255 1030 inter
296 1003 340 1031 se
374 1003 504 1030 nexae
547 997 586 1031 et
619 991 773 1046 iugatae
817 996 908 1030 suut
924 989 955 1041 ε)
1008 988 1157 1042 reliqua
1197 987 1316 1041 igitur
1356 994 1395 1027 et
1433 992 1570 1041 quarta
1606 986 1733 1026 virtus

151 1063 261 1105 *erit
289 1063 374 1120 ipsa
397 1064 616 1119 frugalitas.
680 1063 778 1105 Eius
800 1063 904 1104 enim
925 1063 1081 1104 videtur
1099 1075 1188 1103 esse
1210 1061 1406 1117 proprium
1423 1092 1433 1111 ,
1466 1066 1594 1100 motus
1616 1058 1736 1121 animi

148 1145 378 1194 appetentes
411 1152 554 1194 regere
583 1146 622 1180 et
653 1139 792 1180 sedare
818 1150 1050 1192 semperque
1079 1136 1355 1177 adversantem
1382 1134 1531 1176 libidini
1556 1134 1754 1175 moder-a·-

151 1219 230 1254 tam
254 1212 294 1254 in
316 1213 422 1254 omni
444 1227 489 1254 re
513 1227 677 1255 servare
707 1213 995 1254 constantiam:
1041 1212 1100 1252 cui
1126 1211 1368 1251 contrarium
1399 1209 1535 1251 vitium
1563 1207 1739 1263 nequitia

151 1286 310 1329 dicitur.
373 1294 440 1330 18.
487 1287 770 1344 Frugalitus,
812 1294 853 1328 ut
877 1288 1041 1342 opinor,
1084 1300 1106 1326 a
1128 1284 1284 1341 fraqe,
1324 1298 1400 1339 qua
1431 1283 1526 1324 nihil
1551 1283 1691 1324 melius
1715 1296 1737 1324 e

152 1367 284 1414 terra3
325 1363 517 1417 nequitia
543 1362 590 1403 ab
614 1376 661 1403 eo
687 1362 779 1417 (etsi
802 1361 877 1402 erit
897 1361 969 1402 hoc
995 1362 1161 1401 fortasse
1188 1359 1348 1410 durius,
1381 1358 1450 1399 sed
1475 1364 1736 1414 temptemus3

152 1435 298 1477 lusisse
325 1443 530 1492 putemur,
576 1436 609 1477 si
638 1437 731 1477 nihil
758 1436 853 1489 sit3)
895 1435 941 1476 ab
970 1449 1042 1487 eo,
1082 1434 1183 1489 quod
1208 1434 1491 1489 nequicquam
1519 1439 1581 1474 est
1606 1432 1647 1473 in
1671 1431 1740 1473 tali

152 1509 338 1552 homine:
379 1524 432 1552 ex
457 1525 532 1566 quo
551 1510 652 1551 idem
679 1510 787 1552 nihil
816 1510 970 1551 dieitur.
997 1535 1050 1540 —
1102 1507 1180 1563 Qui
1206 1509 1257 1550 sit
1279 1508 1379 1564 frugi
1404 1507 1548 1563 igitur,
1582 1507 1672 1558 vel,
1706 1505 1741 1547 si

151 1584 304 1637 mavis,
343 1585 570 1626 moderatus
597 1592 637 1626 et
661 1592 907 1641 temperans,
950 1598 1036 1625 eum
1071 1597 1237 1625 necesse
1265 1590 1326 1624 est
1348 1596 1438 1623 esse
1463 1588 1738 1633 constantem3

151 1658 217 1713 qui
243 1664 373 1700 autem
409 1666 622 1711 constans,
657 1660 856 1715 quietum,
905 1659 968 1714 qui
995 1659 1174 1714 quietus,
1218 1656 1514 1713 perturbatione
1544 1655 1650 1697 omni
1671 1669 1742 1697 va-

151 1746 290 1774 cuum:
325 1746 422 1789 ergo
446 1734 563 1775 etiam
586 1735 846 1789 aegritudine.
900 1733 954 1775 Et
977 1741 1069 1775 sunt
1096 1733 1161 1774 illa
1188 1731 1392 1788 sapientis.

151 1821 175 1849 a
203 1808 384 1865 sapiente
414 1808 635 1864 aegritudo.

1455 1729 1599 1772 Aberit
1621 1730 1744 1786 igitur

155 1901 225 1927 ctas
239 1894 341 1927 habet
356 1894 623 1938 temperantiam,
649 1894 926 1934 moderationem,

152 1939 362 1981 modestiam,
377 1940 599 1973 constantiam
612 1940 929 1996 continentiamque.

214 1989 314 2018 omnis
327 1989 409 2019 enim
425 1987 625 2028 abstinentia]
648 1986 762 2019 Oratio
781 1994 830 2019 est
848 1999 927 2021 ανα-

1043 1889 1294 1938 ἆβλάβεια]
1336 1889 1547 1923 Adiectivum
1582 1886 1741 1935 ἀβλαβής

963 1938 1207 1983 significatione
1240 1941 1387 1970 innocens
1422 1935 1510 1980 apud
1538 1935 1740 1979 probatissi-

964 1997 1036 2018 mos
1062 1984 1242 2028 scriptores
1266 1982 1443 2027 reperitur.

152 2028 334 2070 κόλουὲοςε
374 2031 463 2064 cuius
488 2031 618 2074 generis
645 2033 795 2076 exempla
820 2032 852 2064 in
878 2032 929 2064 his

151 2075 245 2109 libris
263 2076 474 2120 reperiuntur
493 2076 668 2120 permulta.
705 2080 745 2110 V.
759 2078 930 2110 Adnotata

152 2121 187 2154 in
210 2124 251 2154 ΙΙ.
274 2123 313 2161 1,
338 2122 371 2155 3.
404 2122 570 2165 Imprimis
593 2122 751 2166 frequens
774 2131 825 2156 est
847 2123 930 2156 illud

153 2179 257 2212 genus
280 2163 534 2207 οἷνακολουὲῑίας,
559 2179 624 2211 quo
648 2170 794 2211 primum
817 2170 931 2202 nomi-

152 2213 284 2246 nativus
328 2213 456 2257 positus
502 2220 570 2252 est,
620 2213 743 2247 deinde
782 2216 931 2255 verbnm,

152 2258 244 2304 quod
279 2258 429 2291 dativum
460 2259 513 2291 vel
536 2261 759 2293 accusativum
781 2261 933 2305 requirit,

153 2304 322 2349 sequitur,
347 2316 448 2349 quum
469 2304 614 2348 scriptor
636 2305 734 2338 aliam
761 2307 794 2338 in
820 2314 932 2339 mente

152 2350 309 2384 habuerit
332 2350 636 2389 constructionem,
673 2359 708 2383 ut
732 2352 764 2384 h.
787 2352 808 2384 l.
833 2356 933 2386 omnis

151 2400 235 2431 enim
263 2398 448 2430 abstinentia
460 2422 470 2437 ‚
494 2399 594 2428 omnis
612 2399 789 2430 innocentia
803 2418 848 2422 —-
864 2400 934 2439 fru-

151 2445 282 2486 galitate
301 2446 506 2476 continentur.
542 2443 679 2474 Terent.
693 2443 815 2486 Hecyr.
830 2445 887 2475 111.
903 2444 932 2481 1,

152 2490 194 2523 6:
230 2490 313 2522 Nam
343 2500 404 2521 nos
428 2499 552 2527 omnm,
575 2490 686 2528 quibus
718 2493 761 2521 est
788 2491 932 2521 alicunde

155 2537 272 2575 aliquis
295 2536 430 2567 obiectus
453 2536 560 2574 labos,
590 2535 687 2567 Omne
709 2536 792 2573 quod
817 2538 860 2566 est
885 2537 933 2566 in-

154 2584 239 2613 terea
263 2583 404 2621 tempus,
434 2583 621 2621 priusquam
648 2580 682 2611 id
706 2582 853 2611 rescitum
880 2583 935 2620 est,

155 2626 249 2659 lucro
284 2633 335 2657 est
359 2625 466 2670 (quasi
497 2625 643 2658 scribere
666 2624 847 2656 voluisset:
885 2627 934 2656 lu-

155 2681 285 2705 cramur
313 2683 344 2703 v.
377 2674 462 2705 lucro
495 2671 670 2711 habemus).
731 2670 781 2702 Cf.
807 2670 933 2702 Adnot.

155 2717 191 2749 in
222 2718 263 2749 V.
285 2716 350 2756 29,
376 2729 426 2761 pr.
487 2718 610 2749 Rursus
642 2715 829 2757 admoneo,
853 2715 934 2747 talia

157 2762 193 2794 in
217 2762 268 2795 his
296 2762 433 2806 aliisque
460 2763 627 2796 Ciceronis
652 2762 693 2794 de
720 2761 935 2806 philosophia

158 2807 261 2847 libris,
288 2808 345 2852 qui
369 2809 495 2853 dialogi
516 2810 625 2842 forma
648 2807 825 2852 compositi
847 2814 934 2846 sunt,

160 2852 201 2885 de
220 2853 384 2887 industria
405 2855 549 2899 quodam
571 2854 674 2887 modo
696 2853 843 2898 quaesita
866 2864 936 2884 esse

161 2909 180 2930 a
202 2898 381 2940 Cicerone,
419 2907 454 2933 ut
488 2901 675 2934 orationem
701 2900 744 2932 ad
774 2898 936 2932 sermonis

164 2945 439 2978 consuetudinem
458 2947 684 2980 conformaret
701 2946 795 2990 eique
811 2952 939 2989 gratam

165 2989 333 3033 quandam
352 2992 589 3036 negligentiam
614 2992 818 3026 conciliaret.

1031 2030 1215 2072 cognomen]
1241 2031 1339 2070 Fruqz'
1359 2027 1447 2060 enim
1469 2039 1653 2071 cognomen
1676 2027 1738 2059 ha-

965 2077 1067 2109 bebat
1087 2078 1126 2109 L.
1148 2075 1244 2115 Piso,
1279 2081 1374 2107 tanta
1394 2073 1519 2106 virtute
1543 2080 1576 2106 ct
1598 2072 1742 2116 iutegri-

966 2130 1056 2162 tate,
1094 2129 1130 2154 ut
1158 2122 1258 2154 etiam
1286 2120 1352 2153 illis
1375 2120 1510 2164 optimis
1532 2119 1741 2163 temporibus

968 2169 1069 2213 (circa
1089 2181 1118 2200 a.
1138 2180 1169 2200 u.
1189 2167 1270 2209 604)
1286 2192 1293 2205 ,
1329 2177 1429 2210 quum
1452 2165 1621 2198 hominem
1644 2165 1743 2197 inve-

968 2215 1038 2247 nire
1061 2225 1203 2257 nequam
1225 2212 1392 2245 neminem
1414 2222 1551 2256 posses,
1575 2211 1665 2244 solus
1685 2217 1743 2243 ta·-

966 2272 1042 2292 men
1063 2262 1162 2300 Fruyi
1194 2258 1431 2290 nominaretur.
1457 2257 1524 2290 Cic.
1553 2268 1618 2301 pro
1641 2257 1743 2291 Font.

968 2307 1066 2338 013.
1101 2306 1242 2338 Midias.

1036 2353 1157 2391 reliqua
1174 2352 1272 2391 igitur
1292 2353 1319 2382 et
1337 2351 1453 2390 quarta
1472 2350 1574 2381 virtus
1592 2348 1663 2392 erit]
1689 2347 1745 2380 Sic

967 2396 1087 2440 scripsi
1102 2408 1119 2427 e
1138 2395 1338 2428 coniectura.
1369 2394 1488 2426 Lectio
1506 2394 1658 2427 codicum
1673 2400 1743 2425 est:

966 2445 1088 2484 reliqua
1104 2445 1201 2483 i9itur
1215 2445 1241 2473 et
1260 2444 1376 2481 quarta
1396 2442 1497 2472 virtus
1516 2444 1550 2473 ut
1565 2442 1604 2473 sit
1617 2442 1690 2480 ipsa
1703 2440 1744 2480 fr.

1041 2491 1091 2521 1³5.
1114 2489 1254 2528 nequitia
1277 2489 1316 2518 ab
1343 2496 1377 2519 eo
1400 2505 1445 2510 ——
1462 2488 1502 2517 ab
1525 2485 1574 2529 eo]
1601 2486 1651 2516 De
1682 2496 1746 2528 ge-

968 2533 1153 2566 minatione
1181 2532 1361 2565 vcrborum
1391 2542 1500 2574 comp.
1531 2542 1558 2562 c.
1580 2530 1642 2569 235,
1679 2530 1742 2564 71:

968 2581 1057 2622 Ergo
1090 2581 1145 2619 id,
1183 2578 1273 2622 quod
1308 2577 1363 2609 alii
1395 2582 1524 2608 rectum
1557 2574 1744 2619 opinanteS,

970 2623 1169 2667 aegritudini
1193 2635 1227 2655 se
1248 2622 1357 2654 solent
1375 2621 1512 2660 dedere,
1539 2623 1573 2654 id
1592 2620 1628 2653 hi
1646 2628 1745 2665 turpe

970 2677 1139 2714 putantes,
1159 2668 1403 2711 aegritudinem
1419 2667 1624 2710 repulerunt.
1650 2667 1747 2700 Adde

971 2728 997 2748 c.
1020 2715 1074 2754 29,
1100 2715 1161 2748 72:
1198 2715 1286 2756 Ergo
1309 2715 1413 2746 Oileus
1427 2715 1479 2745 ille
1499 2712 1589 2756 apud
1611 2713 1747 2756 Sopho-

971 2761 1075 2800 clem,
1114 2759 1168 2803 qui
1191 2760 1410 2792 Telamonem
1441 2766 1539 2791 antea
1572 2758 1613 2790 de
1639 2758 1748 2791 Aiacis

970 2813 1079 2839 morte
1105 2805 1295 2838 consolatus
1326 2811 1432 2846 esset,
1456 2807 1485 2837 is
1508 2816 1608 2849 quum
1632 2803 1749 2838 audis-

971 2858 1023 2884 set
1047 2859 1110 2884 etc.

1050 2897 1272 2942 nequicquam]
1308 2898 1416 2930 Varro
1442 2897 1483 2929 L.
1508 2897 1548 2929 L.
1575 2897 1636 2929 IX.
1661 2895 1741 2942 §.5z

973 2945 1022 2977 Ex
1042 2955 1081 2977 ne
1103 2951 1137 2976 et
1156 2946 1346 2985 quicquam,
1367 2943 1477 2976 media
1502 2942 1624 2976 extrita
1643 2941 1750 2987 sylla-

974 2990 1028 3032 ba,
1055 2996 1208 3023 coactum
1229 2996 1281 3022 est
1300 3000 1448 3031 nequam.
1482 2991 1598 3034 Itaque
1619 2994 1656 3022 ut
1676 2997 1751 3021 eum
