1859 3117
648 25 798 60 INDEX
821 26 1104 62 fflSTochus.

79 107 320 150 mmmm,
334 112 496 152 augustus
509 107 668 141 transitus
683 119 746 160 per
761 118 859 151 prae-

125 159 246 206 ruptos
271 159 406 187 montes
438 164 458 186 e
480 151 656 188 Thessalia
685 165 721 187 111
745 154 858 186 Boeo-

125 198 221 235 tiam.
264 199 388 234 Dictae
409 205 490 232 sunt
509 198 552 233 ab
575 199 727 244 angustis
746 199 860 233 fauci-

123 245 187 291 bus
205 245 301 299 aquis
321 244 438 280 calidis
455 245 676 279 scatentibus.
708 244 859 280 Illustses

123 280 262 326 interitu
284 302 374 336 rogis
395 290 582 326 Leonidae.
623 293 653 333 1,
678 291 754 326 101.

78 338 233 380 Theseus,
253 302 410 371 filiuagnAe
434 349 466 370 el
506 349 570 379 ,rex
588 316 743 377 Atticae,
768 337 859 370 urbis

122 383 332 418 Athenarum
342 340 510 425 1101131101,
527 384 628 418 heros
639 383 751 417 multis
761 394 859 428 prae-

123 429 215 465 clare
235 429 336 464 factis
353 429 646 464 illustris.1nter
666 429 732 464 alia
750 430 860 463 inter-

121 475 209 510 fecit
230 477 462 511 Minotaurum
494 476 528 510 in
570 476 705 510 Cretico
739 476 859 522 Laby-

79 570 244 611 nyma,
277 568 365 603 filim
386 568 543 614 Pelopis,
579 580 688 614 nepos
710 568 860 609 Tantali,

123 622 177 695 {tx
188 615 575 697 ‘’Arg-:ipganfismtixog
576 616 709 696 1111131135
729 627 859 706 geuuiz,

123 719 210 753 quos
240 715 363 754 postea
397 707 429 742 ei
463 708 652 753 epulandos
687 708 857 753 apposuit.

124 754 204 788 Hoc
215 754 403 789 interfecto
421 754 464 788 ab
479 758 508 788 A
623 766 645 788 o
663 754 792 800 potitus
807 766 859 788 re·

121 811 198 835 rum
215 800 385 847 Thyestes
400 811 481 834 mox
499 800 544 834 ab
561 801 655 835 Atrei
673 801 749 836 filiis
769 804 859 845 Aga·

123 857 304 881 memnone
335 854 371 881 et
393 846 552 881 Menelao
577 847 692 893 pulsus
725 847 760 880 in
785 847 860 881 exi-

122 892 566 946 liumperiit.3,.2fi39.
602 892 717 934 4,.77

0 969 11 975 -
78 942 179 982 m,
197 938 423 982 Atheniensis,
434 939 540 974 homo
551 939 763 980 inhumanus,
776 939 859 973 alio-

123 997 200 1021 rum
231 985 341 1020 vitum
369 997 589 1040 congressus,
626 985 707 1019 inde
727 986 858 1019 Missu-

121 1033 267 1085 thropus
286 1032 490 1075 nominatus,
515 1032 664 1067 Socratis
683 1039 795 1067 aetate
809 1032 858 1066 vi-

121 1078 185 1112 xit

78 1126 273 1168 Timotheus,
317 1125 466 1160 Cononis
499 1125 607 1168 filius,
649 1124 716 1158 dux
748 1124 860 1159 Athe-

121 1170 289 1205 niensium
307 1171 400 1218 (358.
422 1183 454 1206 a.
479 1171 586 1216 Cim).

78 1219 234 1261 Tiresias,
258 1229 377 1253 canetis
398 1225 493 1252 vates
514 1218 768 1259 Thebanorum,
793 1229 856 1252 ae-

122 1270 196 1298 tate
215 1263 297 1298 belli
315 1263 471 1299 Thebani
490 1264 586 1297 vixit.
619 1266 661 1305 5,
691 1265 764 1299 113-

79 1312 235 1361 Titanes,
249 1310 425 1357 gigantes,
462 1310 520 1344 filii
544 1310 638 1344 Coeli
661 1318 696 1343 et
718 1312 858 1351 Terrae,

122 1351 306 1402 quattuor,
343 1338 473 1400 Coeiis,
501 1357 619 1401 Crius,
645 1357 799 1402 Hyperio
826 1364 860 1390 et

123 1405 270 1448 Iapetus.
315 1405 452 1449 Iapetus
480 1384 622 1438 nxoreni
653 1403 750 1436 duxit
774 1403 859 1448 Cly-

123 1461 264 1491 menen,
298 1450 401 1484 filiam
424 1450 569 1491 Oceani,
594 1457 629 1483 et
649 1461 690 1483 ex
715 1461 754 1483 ea
778 1461 860 1495 pro·

121 1495 239 1541 genuit
257 1496 452 1539 Atlantem,
489 1476 699 1530 Μει1οε1111111
716 1503 752 1529 et
772 1497 860 1530 Pro-

122 1542 308 1578 metheum.
343 1542 434 1577 Hine
449 1542 669 1577 Prometheus
689 1550 781 1576 recte
801 1542 861 1576 Ti·

121 1596 222 1623 tauas
250 1589 407 1623 sobolem
444 1589 571 1623 sociam
606 1589 658 1622 sui
689 1589 862 1634 sanguinis

125 1646 248 1670 vocare
268 1642 395 1681 potest.
430 1635 474 1676 2,
497 1636 554 1671 23.

82 1683 271 1725 Torquatus.
317 1683 361 1717 Τ.
384 1682 532 1716 Manlius
562 1683 755 1727 Torquatus
781 1681 864 1717 396.

124 1740 157 1762 a.
174 1728 253 1762 Chr.
276 1734 448 1763 certamen
469 1727 639 1773 singulare
661 1740 736 1762 cum
760 1728 861 1762 Gallo

82 1776 89 1784 ‘
125 1773 203 1808 iniit
233 1774 332 1820 eique
364 1786 503 1808 aureum
525 1782 681 1827 torquem
704 1774 862 1808 detraxit.

83 1822 227 1863 mbae,
250 1825 355 1867 poe'ta
374 1833 532 1855 romanus
549 1820 706 1854 comicus.
739 1819 781 1861 4,
805 1819 862 1855 67.

19 1913 34 1917 -
80 1847 456 1910 namt-ioe‚mn1ieroe
469 1867 559 1901 ιιι-1115
571 1866 767 1902 Thessaliae
778 1868 863 1901 Tra-

127 1913 247 1947 chinis.
283 1913 441 1947 Ceterum
458 1913 527 1947 hoc
544 1925 669 1948 nomen
689 1913 779 1958 gerit
798 1925 864 1946 una

114 1959 310 2005 sophoclis
332 1959 606 2005 tragoediarum,
644 1960 737 1993 cuius
761 1971 865 2004 argu-

126 2013 279 2042 mentum
297 2005 378 2040 vide
392 2017 450 2039 vv.
467 2008 619 2040 Hercules
641 2013 675 2039 et
695 2009 862 2040 Deianira.

0 2038 9 2051 '
80 2053 314 2106 mptum,
334 2052 420 2086 filius
444 2052 556 2094 Cetei,
579 2052 746 2086 Eleusinis
765 2052 865 2097 regis,

152 2110 255 2132 umus
267 2097 492 2144 agriculturae
506 2098 675 2133 rationem
689 2099 867 2133 Graeciam

125 2110 285 2179 ¹docuisse
307 2144 646 2199 Atheniensibusque
680 2145 773 2190 leges
806 2152 866 2179 tu-

127 2190 207 2225 lisse
226 2190 384 2226 traditur.
412 2193 452 2233 1,
476 2191 533 2227 98.

84 2240 201 2280 Troia,
224 2238 599 2272 Asiaeminorisurbs.
627 2238 657 2279 1,
678 2237 734 2272 98
759 2237 794 2281 3,
811 2238 867 2273 28.

84 2286 231 2328 rmum,
262 2283 387 2319 Priami
409 2283 516 2327 filius,
541 2285 584 2318 ab
605 2264 738 2319 Achille
757 2284 866 2318 inter-

122 2330 256 2371 fectus.
290 2333 334 2372 1,
356 2329 414 2366 93.

85 2379 284 2419 Trophonius
305 2388 339 2410 v.
362 2379 551 2420 Agomdes.

88 2425 209 2457 Tubero
237 2424 299 2465 0.,
333 2422 502 2470 Scipionis
536 2423 690 2458 Africani
728 2424 870 2458 minoris

132 2469 259 2503 sororis
282 2468 380 2503 filius.
402 2467 447 2513 4,
471 2467 505 2505 4.

896 110 1080 150 Turpilius,
1109 114 1206 142 vetus
1232 107 1462 141 Romanorum
1488 112 1589 152 poeta
1613 120 1677 143 co-

940 154 1055 188 mimis.
1089 151 1132 194 4,
1157 153 1212 190 72.
1231 152 1289 188 73.

896 203 1094 235 Tusculanae
1097 180 1363 253 disputationes
1384 198 1543 233 dicuntur
1574 200 1608 233 hi
1632 201 1678 234 li-

941 246 1012 286 bri,
1049 245 1127 292 quia
1155 246 1292 280 habitae
1314 246 1485 292 linguntur
1514 245 1550 279 in
1578 246 1678 280 Cice—

941 292 1034 326 ronis
1065 293 1146 327 villa
1177 292 1222 326 ad
1246 292 1430 327 Tusculum
1454 291 1572 338 (hodie
1593 295 1676 326 Fra-

941 342 1031 375 scoti}
1057 339 1135 372 sita.
1170 341 1202 380 5,
1230 338 1261 372 1.

896 387 1130 427 Tusculanum,
1155 384 1328 430 praedium
1351 385 1545 426 Ciceronis,
1569 396 1678 431 prope

942 432 1085 464 Romam
1107 432 1208 464 situm
1243 431 1277 464 in
1308 443 1390 475 agro
1409 431 1623 477 Tusculano,
1658 444 1678 465 a

942 478 1103 517 Tusculo,
1130 478 1221 510 Latii
1241 477 1334 518 urbe,
1360 478 1580 511 nominatum.
1622 478 1676 512 Cs.

945 526 1143 557 Tusculanae
1165 526 1406 566 disputationes.

897 572 1126 612 Tyndaridae,
1151 571 1272 603 Castor
1295 578 1328 603 et
1353 570 1491 613 Pollux,
1526 570 1679 616 Tyndari

943 616 1012 650 filii.
1040 617 1079 655 l,
1104 619 1160 651 28.

898 666 1021 705 Tyrus,
1045 662 1246 697 Phoeniciae
1270 663 1360 698 urbs.
1395 662 1436 704 3,
1462 662 1518 698 66.

1272 746 1309 778 U.

897 803 1016 844 Ulixes,
1035 813 1094 836 rex
1109 802 1256 835 Ithacae.
1283 802 1313 843 1,
1327 800 1385 837 98.
1405 802 1438 843 2,
1451 801 1506 838 49.
1528 805 1560 844 5,
1579 803 1609 838 7.
1623 801 1678 839 46.

1273 886 1307 917 V.

899 944 1056 982 Veientes,
1090 940 1222 974 incolae
1245 942 1426 982 Veiorum,
1461 941 1551 975 urbis
1575 943 1679 976 Etm—

941 988 1034 1028 riae,
1059 998 1126 1020 non
1147 988 1265 1033 procul
1284 1000 1303 1021 a
1325 989 1432 1021 Roma
1452 988 1546 1021 sitae.
1571 988 1606 1029 3,
1624 988 1681 1023 27.

898 1036 1056 1074 Venusia,
1090 1034 1256 1079 oppidum
1278 1034 1440 1079 Apuliae,
1466 1046 1534 1068 nou
1559 1035 1679 1080 procul

940 1091 961 1114 a
981 1080 1103 1113 finibus
1126 1081 1296 1114 Luoeniae
1313 1081 1414 1114 situm
1427 1108 1435 1121 ,
1461 1082 1496 1114 in
1517 1093 1584 1126 quo
1607 1081 1679 1114 Ho-

1288 1128 1318 1169 1,
1343 1127 1399 1163 89.

1269 1211 1310 1242 Χ.

900 1267 1106 1308 Χαηίὴὶρρο,
1131 1266 1280 1299 Socratis
1302 1278 1396 1301 uxor.
1433 1267 1466 1307 3,
1492 1266 1547 1301 31.

893 1313 1104 1353 Xenocrates,
1129 1312 1428 1353 Chalcedonensis,
1453 1313 1603 1347 Platonis
1623 1312 1680 1346 di-

941 1359 1107 1402 scipulus,
1135 1366 1213 1403 post
1234 1360 1459 1404 Speusippum
1478 1359 1681 1393 Academiae

943 1417 1003 1450 per
1026 1406 1070 1439 25
1100 1404 1262 1449 deinceps
1287 1418 1394 1439 annos
1419 1406 1476 1451 <ab
1499 1418 1528 1439 a
1550 1405 1630 1441 339.
1647 1419 1678 1440 a.

947 1452 1041 1494 Chr.)
1065 1451 1223 1496 praefuit.

896 1500 1089 1539 X,enophon
1113 1499 1265 1531 Socratis
1281 1498 1475 1544 discipulus.

897 1546 1017 1577 xerxes
1037 1545 1083 1584 1..
1108 1556 1168 1577 rex
1191 1546 1365 1578 Persarum
1389 1544 1531 1588 &86-
1550 1543 1630 1580 456.
1649 1558 1679 1578 a.

944 1590 1049 1634 Chr.)
1086 1592 1129 1631 5,
1159 1591 1214 1625 20.

941 1127 1045 1160 ratius
1069 1134 1166 1161 natus
1189 1135 1251 1161 est.

898 1731 1000 1770 Zeno,
1035 1732 1066 1770 a)
1095 1728 1206 1769 Citio,
1248 1729 1351 1775 Cypri
1385 1729 1466 1763 urbe
1499 1730 1680 1772 maritima,

943 1775 1124 1815 oriundus,
1151 1776 1372 1821 philosophus
1393 1783 1428 1809 et
1452 1776 1612 1810 conditor
1629 1788 1682 1809 se-

945 1829 1020 1855 ctae
1044 1822 1172 1855 stoicae
1205 1824 1258 1867 (c.
1286 1835 1316 1856 a.
1342 1823 1421 1858 300.
1446 1835 1476 1856 a.
1499 1823 1613 1866 Chr..)
1637 1842 1684 1848 —

944 1869 981 1911 b)
1007 1871 1091 1903 Zeno
1109 1871 1232 1902 Eleates
1254 1870 1287 1914 (i.
1306 1881 1335 1903 e.
1360 1869 1464 1914 Elea,
1500 1868 1583 1902 urbe
1602 1869 1684 1902 Ma—

945 1927 1031 1960 gnae
1053 1915 1235 1954 Graeciae,
1262 1914 1451 1959 oriundus),
1475 1904 1685 1949 Parmenidis

946 1961 1084 1995 auditor
1108 1964 1151 2004 (c.
1167 1974 1198 1994 a.
1213 1960 1294 1997 460.
1314 1973 1343 1995 8.
1364 1961 1471 2005 Chr..)
1521 1961 1684 1996 Celebra-

946 2008 1076 2041 tissima
1095 2008 1166 2041 eius
1182 2008 1276 2041 fuit
1266 2020 1302 2041 ιιι
1319 2007 1533 2053 perferendis
1552 2008 1686 2042 crucia-

947 2054 1038 2087 tibus
1055 2054 1231 2100 patientia.
1260 2055 1349 2088 Nam
1368 2062 1404 2088 ut
1423 2067 1466 2088 ne
1484 2066 1686 2088 areanorum

948 2101 1128 2146 quicquam
1153 2113 1276 2146 corpus
1301 2101 1504 2135 necessitate
1529 2108 1685 2135 eoactum

948 2147 1140 2188 emitteret,
1177 2147 1368 2181 demorsam
1391 2148 1540 2193 linguam
1564 2147 1599 2180 in
1622 2154 1684 2192 ty—

947 2206 1089 2227 rannum
1109 2173 1323 2235 Nearchum,
1349 2207 1369 2227 a
1390 2206 1460 2248 quo
1476 2194 1622 2239 patriam
1639 2193 1686 2226 li-

947 2240 1066 2274 berare
1086 2240 1318 2281 constituerat,
1344 2241 1488 2286 exspuit.
1512 2241 1545 2281 2,
1570 2240 1626 2273 5².
1646 2258 1682 2264 —

951 2288 982 2330 c)
1009 2289 1092 2321 Zeno
1108 2287 1303 2332 EpicureuS,
1331 2286 1503 2320 Ciceronis
1526 2285 1685 2337 aequalis,

949 2333 1006 2379 qui
1019 2345 1097 2366 eum
1109 2333 1308 2378 frequenter
1318 2333 1447 2367 audivit
1460 2330 1594 2376 Epicuri
1609 2343 1687 2364 sen-

949 2379 1074 2413 tentias
1094 2380 1332 2425 explicantem.
1356 2379 1398 2420 3,
1424 2378 1479 2412 38.

905 2427 1069 2469 Zopyrus,
1095 2426 1295 2460 clarissimus
1308 2425 1581 2470 physiognomon
1598 2430 1685 2456 tem·

952 2485 1038 2518 pore
1057 2473 1230 2515 Socratis,
1266 2470 1449 2506 Alcibiadis
1472 2476 1684 2515 praeceptor.
