1843 3101
140 78 224 122 184

141 167 342 212 invidere
372 167 528 225 florem
561 168 734 220 rectius,
779 181 893 222 quam
923 166 1042 222 flori.
1100 165 1190 208 Nos
1228 165 1514 208 consuetudine
1541 167 1724 224 prohibe-

144 257 259 296 mur3
292 248 408 299 poe‘ta
438 243 500 284 ius
532 256 644 283 suum
675 241 802 283 tenuit
832 248 871 282 et
902 241 1002 282 dixit
1030 241 1229 282 audacius.

681 87 851 121 Lmen
873 87 933 120 111.
960 84 1023 128 10,
1046 85 1102 119 21.
1127 84 1184 120 22.

1621 314 1729 357 Nam

147 391 213 447 qui
246 392 350 432 dolet
381 391 499 432 rebus
522 391 686 431 alicuius
709 390 912 441 adversis,
945 389 1047 430 idem
1069 389 1232 430 alicuius
1259 389 1376 430 etiam
1399 389 1583 431 secundis
1606 389 1726 430 dolet.

147 464 201 508 Ut
220 464 518 520 Theophrastus
549 465 748 505 interitum
773 465 981 520 deplorans
1001 461 1279 515 Callisthenis,
1313 464 1460 505 sodalis
1493 464 1579 516 sui,
1611 463 1730 505 rebus

148 538 373 580 Alexandri
397 540 596 595 prosperis
621 540 804 594 angitur,
849 539 980 593 itaque
1011 538 1127 589 dicit,
1171 535 1454 579 Callisthenem
1479 538 1666 579 incidisse
1691 538 1732 579 in

149 611 347 653 hominem
370 627 522 654 summa
549 614 722 669 potentia
746 627 974 668 summaque
998 614 1176 663 fortuna,
1210 613 1277 653 sed
1303 613 1506 668 ignarum,
1547 612 1733 668 quemad-

146 687 302 728 modum
330 687 450 729 rebus
475 688 657 729 secundis
684 688 739 729 uti
767 687 1013 728 conveniret.

259 316 318 358 X.
359 323 429 358 21.
479 313 596 358 Cadit
618 316 736 371 igitur
758 316 797 356 in
818 316 983 356 eundem
1005 321 1047 356 et
1068 314 1272 367 misereri,
1307 321 1347 356 et
1367 314 1562 357 invidere.

1076 687 1198 742 Atqui
1225 687 1549 742 quemadmodum
1579 686 1734 728 miseri-

148 760 284 802 cordia
307 762 511 817 aegritudo
537 770 598 804 est
621 776 673 804 ex
696 762 856 803 alterius
883 762 1001 803 rebus
1031 761 1210 803 adversis
1225 793 1236 812 ,
1279 761 1335 802 sic
1361 760 1580 803 invidentia
1603 759 1734 815 aegri-

148 835 241 876 tudo
264 842 326 876 est
347 849 400 877 ex
421 837 584 878 alterius
615 837 734 877 rebus
759 837 958 877 secundis.

147 907 188 949 iu
219 909 385 950 eundem
416 911 533 951 etiam
562 911 755 951 invidere.

1020 834 1066 876 In
1098 849 1210 890 quem
1246 835 1366 890 igitur
1401 835 1505 877 cadit
1534 835 1732 887 misereri,

817 909 912 951 Non
940 910 1040 950 cadit
1068 916 1197 950 autem
1224 909 1403 951 invidere
1426 909 1465 950 in
1487 909 1731 963 sapientem:

149 995 245 1038 ergo
283 997 332 1025 ne
357 984 537 1026 misereri
559 985 729 1039 quidem.
794 982 908 1037 Quod
942 984 974 1024 si
999 997 1117 1037 aegre
1144 984 1250 1024 ferre
1277 984 1435 1039 sapiens
1457 984 1630 1034 soleret,
1663 982 1736 1023 mi-

1445 1063 1515 1098 22.
1547 1055 1658 1098 Haec
1678 1057 1735 1099 sic

1275 1129 1356 1173 Sed
1390 1130 1507 1172 latius
1536 1131 1735 1186 aliquanto

149 1203 314 1246 dicenda
346 1213 438 1247 suut
471 1213 511 1247 et
541 1206 744 1258 dill'usius3
792 1206 998 1248 sententiis
1031 1213 1161 1247 tamen
1192 1206 1377 1246 utendum
1407 1219 1543 1247 eorum
1578 1205 1737 1262 potissi-

148 1293 281 1331 mum,
325 1280 390 1335 qui
419 1281 592 1322 maxime
626 1281 716 1321 sorti
741 1288 806 1332 et,
841 1287 882 1321 ut
905 1281 958 1321 ita
985 1280 1134 1331 dicam,
1178 1280 1283 1320 virili
1310 1286 1471 1321 utuntur
1496 1279 1651 1321 ratione
1679 1287 1738 1321 at-

150 1367 225 1408 que
249 1354 460 1395 sententia.

149 1056 276 1097 sereri
299 1057 416 1099 etiam
441 1058 604 1099 soleret.
652 1058 782 1099 Abest
803 1071 898 1112 ergo
921 1071 943 1098 a
963 1058 1141 1113 sapiente
1162 1058 1382 1112 aegritudo.

149 1129 332 1172 dicuntur
366 1146 389 1172 a
409 1130 555 1173 Stoicis
589 1132 950 1186 concludunturque
976 1132 1210 1173 contortius.

523 1354 628 1395 Nam
653 1354 932 1409 Peripatetici,
968 1354 1182 1395 familiares
1211 1353 1361 1404 nostri,
1396 1354 1534 1408 quibus
1564 1354 1659 1395 nihil
1679 1361 1740 1395 est

151 1426 340 1479 uberius,
384 1428 480 1469 nihil
509 1429 725 1480 eruditius,
771 1429 866 1469 nihil
891 1429 1072 1483 gravius,
1117 1428 1408 1469 mediocritates
1441 1428 1505 1470 vel
1531 1429 1738 1485 perturba-

1473 1500 1602 1544 Omnc
1634 1503 1738 1544 enim

153 1575 321 1627 malum,
366 1576 481 1617 etiam
510 1578 735 1629 mediocre,
780 1577 957 1617 *malum
981 1584 1066 1628 est3
1108 1591 1180 1617 nos
1204 1583 1333 1618 autem
1361 1577 1397 1617 id
1419 1577 1594 1632 agimus,
1639 1585 1680 1619 ut
1700 1577 1739 1618 id

153 1648 193 1689 in
215 1650 393 1705 sapiente
417 1651 561 1692 nullum
589 1652 639 1692 sit
663 1652 837 1692 omnino.

152 1500 302 1542 tionum
333 1502 397 1543 vel
432 1503 657 1544 morborum
689 1503 807 1544 animi
840 1503 931 1543 inihi
967 1518 1045 1543 non
1084 1516 1179 1543 sanc
1219 1502 1400 1558 probant.

898 1650 1004 1692 Nam
1030 1658 1071 1691 ut
1094 1665 1260 1706 corpus,
1295 1651 1411 1691 etiam
1433 1651 1466 1692 si
1490 1652 1742 1693 mediocriter

152 1736 315 1778 aegrum
337 1732 421 1776 est,
470 1739 608 1766 sanum
635 1740 714 1766 non
736 1733 819 1778 est,
854 1725 910 1766 sic
933 1725 973 1766 in
1002 1725 1130 1765 animo
1155 1725 1230 1766 ista
1265 1725 1514 1767 mediocritas
1540 1734 1651 1768 caret
1673 1740 1738 1768 sa-

154 1798 293 1839 nitate.
355 1797 494 1854 Itaque
517 1799 718 1854 praeclare
744 1800 894 1851 nostri,
928 1806 971 1840 ut
991 1799 1068 1840 alia
1089 1799 1232 1850 multa,
1267 1799 1485 1840 molestiam
1503 1832 1514 1851 ,
1548 1800 1739 1841 sollicitu-

154 1871 309 1925 dinem,
343 1887 530 1929 angorem
557 1882 718 1930 propter
739 1874 1033 1916 similitudinem
1060 1888 1267 1930 corporum
1292 1887 1502 1928 aegrorum
1523 1874 1739 1929 aegritudi-

236 1979 314 2012 cip.
331 1982 377 2013 X.
410 1981 464 2014 21.
508 1984 737 2023 Theophrastus
773 1985 930 2015 interitum

157 2025 326 2065 deplorans
358 2028 569 2071 Callisthenis]
604 2030 640 2060 In
670 2029 756 2061 libro
786 2028 841 2072 qui
875 2029 931 2060 in-

157 2069 300 2149 {criptus
334 2078 384 2103 est
415 2072 653 2116 Καλλισὲτένης
683 2069 707 2117 ἦ
740 2074 818 2118 περὶ
850 2073 932 2108 πέν-

182 2127 248 2154 ους.

228 2163 438 2205 C'allisthenis]
481 2165 614 2197 Orelltus
646 2176 672 2196 c.
697 2165 737 2196 D.
765 2164 816 2197 ed.
833 2165 865 2198 2.
898 2172 932 2197 et

158 2205 290 2239 Gudxz.
317 2219 379 2251 pro
404 2208 491 2251 vulg.
517 2212 713 2242 Callisthenis
732 2209 836 2242 edidit
859 2213 932 2243 Cal-

156 2253 288 2285 listheni.
335 2256 384 2285 Ac
405 2255 562 2296 profecto
587 2255 670 2287 haec
694 2255 792 2288 lectio
818 2256 933 2288 admo-

158 2296 237 2330 dum
258 2298 441 2341 probabilis
466 2306 535 2337 est3
562 2312 636 2332 narn
658 2312 672 2333 s
692 2301 805 2333 littera
826 2301 859 2333 iu
882 2302 934 2334 le·-

159 2342 271 2375 ctione
293 2346 490 2377 Callisthenis
507 2346 605 2377 facile
628 2358 667 2377 ex
688 2357 702 2378 s
721 2347 936 2390 subsequenti

161 2389 305 2433 (sodalis)
329 2402 517 2422 accrescere
542 2391 661 2433 potuit.
713 2393 851 2424 Constat
873 2405 935 2424 au-

158 2441 238 2472 tem,
268 2434 462 2474 Ciceronem
489 2436 616 2469 Graeca
650 2438 785 2471 nomina
815 2439 935 2470 tertiae

159 2479 310 2512 flexionis
331 2481 366 2513 in
388 2492 419 2514 es
443 2482 596 2514 exeuntia
617 2481 650 2514 in
672 2483 818 2525 genitivo
841 2483 936 2515 finire

159 2525 269 2558 solere
300 2526 334 2558 in
354 2529 375 2559 i.
423 2528 449 2560 I.
472 2526 534 2567 41,
556 2528 609 2561 98.
639 2529 725 2560 Ulixi
747 2535 781 2560 et
806 2530 861 2560 1V.
879 2529 935 2567 35,

160 2570 215 2605 71.
250 2574 437 2612 Ganymedi.
484 2572 538 2604 Sic
558 2573 646 2616 apud
671 2573 864 2605 Ciceronem
884 2573 937 2605 le-

161 2623 284 2659 guntur
308 2618 445 2661 genitivi
469 2618 672 2663 optimorum
695 2618 793 2651 codd.
815 2625 934 2651 aucto-

161 2662 261 2694 ritate
284 2664 421 2696 muniti:
455 2666 629 2705 Praxiteli,
652 2666 827 2704 Aristoteli,
853 2667 938 2703 Aya-

161 2709 275 2748 thocli,
311 2711 431 2750 Diocli,
465 2712 599 2751 Pericli,
633 2712 849 2750 Themistocli,
880 2712 936 2742 Ti-

160 2755 339 2795 marchidi,
376 2757 593 2797 Demostheni,
629 2757 770 2796 Lacydi,
796 2756 938 2795 Aristidi,

161 2800 360 2841 Archimedi,
389 2803 582 2842 Thucydidi,
607 2801 662 2833 all.
709 2800 825 2833 Paucis
854 2800 937 2832 locis

162 2843 300 2884 genitivi
323 2845 443 2878 horum
476 2848 647 2879 nominum
675 2847 709 2883 in
731 2850 758 2879 is
782 2853 938 2878 exeuntes

162 2887 196 2919 in
220 2887 329 2922 bonae
353 2899 453 2925 notae
479 2892 578 2925 codd.
603 2892 742 2926 firmiter
765 2898 876 2933 stant,
903 2898 939 2923 ut

162 2933 262 2965 Tusc.
284 2937 342 2968 ΙΙΙ.
359 2937 415 2979 22,
433 2935 489 2971 54.
514 2944 547 2970 et
567 2940 607 2970 V.
632 2939 686 2977 31,
702 2938 757 2972 88.
800 2940 940 2970 Carnea-

161 2978 234 3018 dis,
272 2979 345 3014 Fin.
365 2983 391 3014 1.
414 2983 457 3023 2,
477 2980 509 3016 4.
543 2985 728 3025 Euripidis,
751 2983 796 3016 ib.
819 2984 861 3015 11.
883 2983 938 3024 35,

968 1982 1043 2017 118.
1068 1985 1220 2015 Herculis.
1268 1981 1320 2014 cf.
1343 1992 1404 2015 nos
1433 1980 1467 2014 in
1493 1982 1638 2015 Gramm.
1660 1983 1737 2015 Lat.

968 2031 995 2074 §.
1013 2028 1068 2062 21.
1083 2028 1117 2070 b)
1144 2040 1177 2072 p.
1191 2025 1246 2062 34.
1271 2026 1324 2059 ed.
1341 2027 1372 2060 2.

1036 2085 1128 2116 ae9re
1149 2074 1243 2117 ferre]
1270 2074 1346 2106 Hoc
1365 2072 1443 2106 loco
1465 2072 1555 2106 idem
1577 2078 1628 2106 est
1649 2072 1740 2118 quod

967 2122 1164 2162 aegritudine
1184 2121 1282 2160 affici.

1036 2168 1090 2198 2⁴2.
1116 2167 1401 2205 concludunturque
1426 2166 1608 2208 contortius]
1634 2166 1742 2208 Supra

969 2211 1069 2243 etiam
1091 2212 1131 2243 ΙΙ.
1157 2213 1206 2248 ld,
1230 2213 1284 2243 42.
1310 2210 1352 2241 de
1372 2210 1514 2242 Stoicis:
1544 2210 1598 2255 qui
1620 2215 1743 2244 contor-

968 2259 1040 2289 tulis
1061 2255 1257 2299 quibusdam
1277 2264 1310 2289 et
1329 2255 1464 2287 minutis
1486 2256 1742 2298 conclusiuncu-

970 2302 1008 2334 lis
1031 2322 1076 2326 —
1099 2301 1186 2333 effici
1209 2300 1326 2333 volunt
1347 2312 1414 2333 non
1439 2313 1510 2334 esse
1529 2302 1652 2334 malum
1674 2301 1742 2334 do·-

969 2347 1084 2380 lorern.
1130 2346 1239 2379 Divin.
1260 2348 1300 2378 11.
1323 2346 1383 2379 51:
1419 2350 1618 2388 contorquent
1638 2353 1672 2379 et
1694 2347 1743 2379 ita

972 2392 1184 2426 concludunt.
1234 2392 1285 2425 Cf.
1309 2403 1408 2435 supra
1432 2393 1489 2425 ΙΙΙ.
1514 2394 1555 2432 6,
1571 2393 1620 2426 13.
1635 2399 1719 2425 extr.

1039 2441 1134 2470 latius
1161 2438 1337 2481 aliquanto]
1375 2440 1467 2479 Quae
1501 2437 1744 2471 concluduntur

973 2483 1156 2515 contortius
1189 2495 1207 2516 a
1229 2483 1370 2523 Stoicis,
1406 2495 1445 2516 ea
1478 2486 1574 2516 mullo
1598 2485 1693 2515 latius
1717 2486 1745 2516 et

972 2531 1120 2570 diffusius
1136 2541 1153 2561 a
1168 2541 1220 2560 me
1238 2528 1380 2562 dicenda
1400 2535 1496 2566 sunt3
1521 2534 1556 2560 at
1574 2528 1744 2572 eleganter

971 2574 1084 2617 posuit
1114 2577 1297 2615 aliquanto,
1334 2585 1399 2617 quo
1431 2574 1597 2606 sententia
1623 2575 1746 2614 mode-

972 2619 1052 2651 stius
1075 2619 1224 2651 effertur.
1273 2621 1320 2651 Ex
1338 2620 1405 2652 hoc
1418 2626 1528 2651 autem
1544 2619 1620 2651 loco
1645 2619 1745 2652 lucu-

971 2664 1081 2696 lenter
1097 2672 1247 2707 apparet,
1272 2666 1434 2705 aliquanto
1452 2664 1618 2697 diversum
1636 2677 1707 2698 esse
1725 2678 1746 2698 a

973 2709 1091 2741 vocula
1106 2712 1215 2749 paullo
1227 2721 1237 2750 ,·
1260 2721 1336 2742 nam
1357 2709 1459 2742 verba
1474 2713 1635 2751 aliquanto
1650 2713 1746 2744 latius
1786 2715 1789 2717 ”

973 2761 1126 2797 spectant
1147 2755 1189 2786 ad
1212 2762 1318 2787 totam
1338 2762 1532 2799 sequentem
1555 2756 1649 2788 huius
1669 2757 1747 2789 libri

973 2800 1243 2844 disputationem.
1276 2802 1317 2833 V.
1332 2801 1500 2834 Adnotata
1514 2801 1547 2834 in
1564 2803 1604 2834 11.
1619 2802 1674 2842 27,
1689 2802 1746 2836 66.

1041 2848 1216 2887 familiares
1239 2846 1350 2891 nostri]
1387 2847 1427 2878 V.
1457 2859 1519 2881 nos
1547 2847 1581 2880 in
1603 2847 1690 2894 lil3ro
1712 2847 1747 2880 d.

974 2893 1011 2924 de
1035 2894 1099 2924 Cic.
1125 2895 1156 2924 in
1176 2894 1253 2932 phil.
1276 2902 1352 2925 mer.
1376 2904 1409 2935 p.
1424 2892 1467 2927 77
1480 2905 1528 2938 sq.

977 2981 984 2989 .
1035 2939 1255 3016 {wilbuS-”mu
1276 2942 1320 2971 est
1339 2939 1477 2982 uberius]
1514 2940 1555 2975 V.
1578 2939 1748 2974 Adnotatu

975 2994 1010 3015 m
1055 3007 1061 3015 .
1121 3009 1129 3025 ,
1154 2995 1187 3016 o.
