1843 3101
150 64 231 107 196
642 68 809 101 Lmen
834 69 893 101 ru.
921 65 982 109 18,
1006 64 1062 101 39.
1091 64 1148 101 40.
1173 67 1229 101 41.

266 149 427 195 XVIII.
477 154 547 190 59.
597 146 701 201 Quid
733 149 856 203 ergo?
886 147 1054 189 huiusne
1082 148 1188 190 vitae
1222 132 1453 203 propositio¹
1473 151 1514 187 et.
1545 145 1729 202 cogitatio

151 236 216 271 aut
235 226 452 283 Thyestem
482 224 614 264 levare
640 222 808 277 poterit,
852 229 920 263 aut
937 220 1129 273 Aeetam,
1176 221 1223 262 de
1252 235 1327 275 quo
1350 219 1478 276 paullo
1509 225 1600 261 ante
1625 218 1725 270 dixi,

152 310 218 345 aut
237 301 519 348 Telamonem,
566 295 717 351 pulsum
743 296 891 351 pau-ia,
925 296 1171 337 exsulantem
1198 301 1314 350 atque
1339 294 1551 350 egentem?
1588 293 1628 334 in
1651 308 1727 348 quo

153 378 250 418 llaec
280 371 485 415 admiratio
516 370 654 412 fiebat:

210 451 347 489 Hicine
377 453 434 485 est
462 447 527 484 ille
557 447 730 484 Telamon
745 475 754 491 ‚
789 447 895 484 modo
922 459 1027 497 quem
1051 446 1180 495 glo'rz'a
1202 445 1253 482 ad
1275 445 1419 482 caelum
1447 444 1618 482 extulit?

211 526 323 574 (luem
356 521 657 571 sidspeclabaut?
687 517 795 558 milas
825 520 870 557 oh
900 533 941 557 os
974 521 1084 557 Graii
1111 521 1177 556 όνιι
1209 516 1451 556 obvertebant
1477 520 1578 556 sua?

156 604 224 640 40.
259 593 375 648 Quod
405 594 549 645 sicui,
594 600 636 634 ut
658 593 712 634 ait
736 593 860 642 idem,
905 592 1031 632 simul
1053 593 1221 632 (mimus
1251 604 1344 631 cnm
1374 603 1426 631 re
1449 589 1665 641 concidit,
1710 602 1733 630 a

155 670 340 728 gravibus
368 668 444 708 illis
467 667 636 722 antiquis
663 666 900 722 philosophis
927 666 1091 720 peteuda
1119 664 1311 705 medicina
1346 670 1432 716 est,
1480 677 1559 705 non
1592 657 1639 704 eb
1674 662 1733 704 his

155 743 398 800 voluptariis.
472 740 599 794 Quam
627 741 728 781 enim
754 740 819 781 isti
846 740 1037 780 bonorum
1063 738 1398 794 copiamdicunt?
1441 738 1502 778 fac
1525 751 1622 778 sane
1645 750 1736 778 esse

153 832 346 862 summum
366 817 510 857 bonum
537 830 615 856 non
641 815 796 865 dolorm
841 829 1060 869 quanquam
1082 813 1117 854 id
1142 828 1219 854 non
1244 820 1410 853 vocatur
1429 812 1632 867 voluptas3
1666 810 1736 851 sed

154 909 232 935 non
257 904 424 933 necesse
449 897 510 930 est
530 904 632 930 nuuc
655 889 808 929 omnia:
843 889 933 929 idne
959 895 1043 938 cst,
1078 902 1153 942 quo
1174 886 1339 927 traducti
1363 886 1507 927 luctum
1531 885 1737 927 levemus?

155 967 218 1009 Sit
240 979 336 1008 saue
359 978 551 1005 summum
577 963 718 1003 mulum
746 962 904 1012 dolere,
952 961 990 1001 in
1023 975 1070 1000 co
1096 961 1215 1015 igitur
1245 960 1308 1014 qui
1335 974 1412 1000 non
1444 966 1528 1010 est,
1576 959 1608 1007 si
1633 958 1734 1000 malo

154 1048 308 1090 careat,
356 1038 594 1078 continuone
623 1036 763 1076 l‘ruitur
785 1050 937 1076 summo
961 1035 1090 1075 bono?
1160 1039 1230 1074 41.
1276 1032 1380 1087 Quid
1407 1033 1732 1087 tergiversamur,

157 1114 354 1171 Epicure?
398 1125 471 1151 nec
506 1111 673 1150 fatemur
704 1124 788 1149 eam
822 1124 894 1150 nos
925 1109 1054 1149 dicere
1087 1108 1352 1162 voluptatem,
1398 1122 1510 1162 quam
1540 1114 1581 1148 tu
1616 1108 1733 1157 idem,

157 1204 273 1245 quum
305 1201 350 1229 os
374 1184 635 1241 perfricuisti,
683 1183 788 1224 soles
817 1183 976 1224 dicere?
1036 1181 1138 1224 Sunt
1170 1182 1266 1223 haec
1298 1189 1362 1222 tua
1392 1181 1537 1233 verba,
1582 1181 1738 1222 necne?

232 1283 449 1316 CARXVIH.
473 1281 527 1314 3⁴2).
554 1282 638 1320 Quid
656 1290 727 1321 eryt)
739 1280 770 1324 ?]
791 1279 836 1313 Τί
855 1272 928 1315 οῧνς

163 1330 298 1374 supple:
325 1329 470 1361 videtur?
497 1329 610 1361 δοκεῖς
638 1328 710 1365 Qua
728 1337 801 1357 cum
822 1325 929 1356 admi-

163 1376 291 1409 ratione
315 1386 332 1406 e
356 1371 580 1416 superioribus
605 1370 728 1413 aliquid
754 1369 931 1413 colligendi

165 1421 307 1454 formula
331 1425 460 1450 veteres
490 1417 537 1447 nsi
559 1423 656 1455 sunt,
693 1428 791 1459 quum
817 1428 856 1447 ex
880 1415 930 1458 iis,

164 1478 246 1511 quae
278 1476 346 1497 non
375 1463 453 1495 satis
478 1461 647 1494 credibilia
680 1461 851 1497 videntur,
881 1473 929 1500 ea,

165 1525 247 1556 quae
272 1521 387 1555 parum
411 1515 634 1541 consentanea
657 1513 753 1547 sunt,
790 1506 932 1538 eliciun-

166 1567 230 1590 tur.

233 1604 270 1635 de
291 1611 351 1642 quo
372 1601 481 1641 paullo
504 1599 589 1643 onte]
617 1599 725 1637 Quum
751 1610 777 1629 c.
804 1596 854 1636 12,
878 1596 932 1630 26.

166 1655 198 1680 et
217 1648 386 1691 Thyestae
410 1652 443 1677 et
466 1649 588 1676 Aeetae.
609 1643 736 1675 mentio
760 1643 835 1684 fiat,
871 1654 930 1674 ex-

164 1701 350 1738 spectamus
385 1693 422 1723 de
456 1693 579 1731 quitus:
620 1689 679 1721 sed
717 1689 858 1721 fortasse
892 1699 932 1719 eo

164 1741 236 1784 ipso
256 1746 418 1781 tempore,
444 1747 544 1779 quum
563 1735 644 1766 lmcc
663 1735 841 1773 scribebat,
865 1745 933 1765 non

165 1784 402 1818 recordabatur
441 1781 588 1826 priorem
624 1780 793 1825 Thyestae
836 1791 934 1811 men-

165 1831 301 1863 tionem.

233 1879 265 1908 in
283 1874 357 1916 quo]
384 1873 425 1904 de
449 1872 537 1904 eitius
554 1871 726 1903 immutata
743 1870 936 1902 conditione

166 1921 298 1964 quidam
311 1918 523 1951 mirabundus
536 1917 680 1948 dicebat.
704 1919 841 1949 Neiclius.
870 1916 935 1947 Cic.

169 1967 211 1997 dc
232 1967 304 1997 Fin.
330 1967 352 1996 l.
373 1968 412 2003 2,
439 1962 477 1996 ll:
513 1963 546 1994 iu
570 1962 685 2005 quibus
707 1963 772 1994 hoc
794 1962 935 2004 primum

168 2017 237 2049 est,
275 2013 306 2042 in
329 2020 389 2050 quo
418 2011 558 2041 admirer
580 2008 707 2051 mobis:
734 2008 857 2039 uvobeo.
892 2007 935 2038 N.

168 2058 207 2089 D.
230 2057 272 2087 11.
296 2053 349 2092 45,
378 2056 460 2087 124:
486 2057 518 2086 in
539 2064 599 2094 quo
621 2055 849 2085 admirantum
873 2056 937 2093 est:

167 2101 226 2133 sed
246 2100 345 2132 etiam
368 2100 502 2142 ponitur
522 2110 604 2142 pro:
635 2101 792 2131 admirari
811 2102 939 2139 propter

167 2147 300 2187 aliquid.
346 2147 386 2176 V.
411 2144 453 2176 ad
475 2146 514 2176 V.
539 2143 580 2182 9,
605 2144 660 2176 24.

194 2222 199 2225 .
235 2190 358 2234 Hicine]
385 2192 467 2221 Sunt
485 2189 671 2221 tetrametri
696 2188 856 2221 trochaici
880 2200 936 2220 ca—

169 2235 335 2278 talectici‚
372 2247 411 2266 ex
433 2234 530 2266 Ennii
555 2235 684 2275 fabula,
712 2246 794 2278 quae
817 2234 938 2266 inscri-

168 2289 226 2327 pta
250 2288 321 2314 erat
345 2283 488 2319 Telamo,
513 2280 619 2321 petiti.

237 2325 292 2360 40.
316 2328 442 2358 animus
456 2335 524 2356 cum
538 2335 570 2356 re
586 2327 732 2366 concidit]
756 2326 798 2356 H.
812 2337 839 2355 e.
863 2324 937 2356 ani—

170 2385 242 2406 mus
273 2378 308 2404 et
339 2383 402 2403 res.
450 2369 610 2402 Similiter
638 2370 734 2401 Ovid.
764 2372 859 2402 Pont.
882 2371 937 2403 IV.

176 2420 235 2458 12,
259 2415 324 2452 47:

217 2462 324 2496 Crede
346 2460 447 2494 mihi:
473 2459 610 2492 miseros
630 2459 807 2502 prudentia
831 2459 937 2502 prima

721 2504 888 2547 relinquit,

260 2555 305 2585 Et
327 2563 441 2585 sensus
461 2561 532 2584 cum
549 2560 582 2583 re
599 2552 821 2590 consiliumque
843 2549 939 2592 fugit.

173 2601 312 2631 Terent.
334 2600 416 2630 Eun.
438 2599 479 2629 ΙΙ.
498 2596 542 2636 2,
563 2596 622 2629 10:
651 2595 754 2627 Simul
778 2597 941 2627 consilium

172 2655 243 2678 cum
265 2655 298 2677 re
322 2643 457 2682 amisti?

237 2692 389 2732 antiquis]
414 2687 493 2721 Vid.
519 2699 546 2719 c.
568 2685 628 2725 17,
653 2683 707 2719 36.
732 2684 838 2728 princ.

236 2746 298 2767 non
320 2738 359 2767 ab
381 2735 429 2767 his
446 2732 648 2774 voluptariis]
672 2731 739 2763 Ubi
757 2729 941 2762 membrum

172 2779 408 2812 affirmativum
425 2778 587 2822 excipitur
605 2776 755 2809 membro
771 2775 938 2818 negativo,

171 2825 354 2868 particulae
387 2824 596 2868 copulativae
620 2827 667 2863 et,
699 2832 737 2855 ac
761 2820 940 2865 posteriori

171 2871 321 2903 membro
341 2870 518 2909 adduntur,
543 2880 644 2912 quum
664 2867 730 2900 hoc
747 2866 836 2910 prius
861 2877 938 2898 cor-

172 2913 251 2957 rigit
273 2917 353 2960 (und
372 2914 554 2957 vielmehr)‚
589 2913 786 2947 omittuntur
810 2918 938 2951 contra,

173 2969 294 3003 quum,
325 2960 459 2995 inverso
481 2959 620 3001 ordine,
644 2958 735 3004 prius
753 2957 939 2992 membrum

967 1292 1038 1312 cum
1064 1279 1274 1310 adversativo
1301 1281 1355 1311 sed
1378 1276 1556 1321 posteriori
1585 1277 1735 1309 membro

967 1324 1124 1369 postponi
1146 1331 1270 1367 potest,
1296 1331 1331 1355 ut
1355 1324 1386 1356 h.
1401 1323 1423 1355 l.
1446 1333 1509 1356 non
1531 1326 1570 1355 ab
1595 1325 1642 1355 his
1661 1325 1736 1363 vol.,

965 1372 1018 1403 sed
1046 1381 1065 1401 α
1091 1372 1242 1410 gravibus
1266 1372 1337 1401 illis.
1385 1370 1492 1412 Supra
1514 1369 1555 1400 Π.
1584 1370 1641 1406 13,
1667 1367 1732 1401 29:

967 1416 1058 1459 quasi
1084 1415 1125 1446 (le
1151 1416 1251 1447 verbo
1267 1441 1274 1448 .
1315 1426 1383 1446 non
1415 1414 1522 1451 dere
1549 1413 1731 1445 laboretur.

967 1462 1045 1494 Sall.
1071 1460 1141 1492 Cat.
1168 1462 1230 1500 Ll,
1255 1460 1319 1493 20:
1346 1460 1377 1491 in
1399 1459 1490 1492 luctu
1512 1466 1612 1503 atque
1632 1458 1736 1491 mize—

967 1508 1022 1540 riis
1045 1513 1185 1538 mortvm
1216 1517 1444 1537 aerumnarum
1467 1504 1634 1548 requiem,
1670 1515 1736 1536 non

969 1553 1148 1585 cruciatum
1173 1564 1254 1583 esse.
1292 1552 1434 1583 Contra:
1463 1550 1530 1582 Cic.
1558 1562 1618 1594 pro
1640 1551 1738 1582 Rosc.

969 1602 1040 1630 Am.
1064 1598 1242 1635 XXXIH,
1267 1596 1330 1629 522:
1368 1595 1459 1639 quusi
1490 1607 1576 1628 nunc
1598 1595 1631 1627 id
1654 1607 1736 1638 aga-

968 1651 1030 1680 tur,
1058 1643 1128 1686 quis
1151 1654 1189 1673 cx
1211 1648 1304 1674 tanta
1327 1641 1541 1674 multitudine
1564 1639 1737 1678 occiderit,

968 1700 1005 1722 ac
1037 1699 1099 1720 non
1133 1688 1198 1719 hoc
1234 1694 1410 1731 quaeratur
1443 1693 1520 1719 cett.
1569 1687 1609 1718 V.
1639 1688 1738 1719 Kritz.

968 1734 1010 1767 ad
1042 1734 1120 1765 Sall.
1145 1733 1215 1764 Cat.
1238 1734 1295 1764 Lll
1311 1758 1319 1772 ‚
1348 1734 1398 1765 15.
1419 1744 1451 1775 p.
1465 1732 1532 1765 ⁴:70
1545 1743 1595 1775 sq.
1645 1733 1738 1764 Kim-

967 1791 1031 1813 ηεν.
1049 1780 1086 1811 L.
1105 1778 1162 1809 Gr.
1178 1781 1206 1822 ξ.
1227 1776 1333 1817 Ῑὸὲτῐ),
1359 1780 1390 1810 2.
1411 1790 1442 1820 p.
1457 1777 1523 1810 3:32
1534 1788 1584 1820 sq.
1610 1777 1662 1808 ed.
1679 1777 1712 1809 2.

1034 1834 1153 1858 necesse
1175 1828 1217 1855 est
1239 1834 1320 1855 nunc
1344 1822 1464 1866 omnia]
1501 1823 1541 1856 V.
1569 1821 1612 1854 ad
1634 1823 1658 1854 Ι.
1686 1822 1737 1862 15,

969 1869 1032 1904 34:
1059 1870 1125 1902 Sed
1150 1869 1229 1912 quid
1253 1867 1399 1912 poetas?

1036 1919 1070 1948 in
1090 1926 1124 1947 eo
1147 1917 1243 1956 iyilur
1264 1917 1318 1955 qui
1339 1924 1401 1946 non
1421 1917 1465 1946 est
1485 1913 1566 1955 etc.]
1592 1912 1641 1944 Sit
1659 1923 1739 1944 saue

968 1973 1131 1993 summum
1158 1960 1279 1991 mulum
1304 1959 1436 1994 dolere;
1461 1959 1520 1991 sed
1544 1970 1582 1990 ex
1606 1969 1646 1990 eo
1669 1969 1738 1989 non

971 2006 1202 2050 consequitur,
1238 2012 1274 2036 ut
1295 2005 1344 2047 is,
1377 2004 1432 2048 qui
1453 2016 1522 2036 non
1541 2002 1634 2036 dolet
1658 2007 1740 2047 (non

970 2060 1020 2085 est
1040 2053 1074 2084 in
1099 2050 1284 2093 dolendo),
1312 2049 1440 2082 etiamsi
1465 2049 1552 2082 malo
1575 2049 1608 2093 (i.
1624 2060 1651 2080 e.
1675 2049 1740 2080 do-

971 2099 1056 2140 lore)
1090 2103 1222 2135 careat,
1259 2096 1416 2129 continuo
1450 2095 1579 2127 fruatur
1611 2105 1740 2126 summo

972 2145 1073 2176 bono.
1122 2142 1232 2174 Verba
1254 2145 1281 2174 si
1300 2144 1386 2174 malo
1411 2145 1517 2174 careat
1542 2151 1582 2172 eo
1605 2140 1742 2172 consilio

972 2190 1086 2222 addita
1108 2195 1185 2219 sunt
1198 2213 1205 2226 ‚
1229 2194 1265 2218 ut
1285 2187 1490 2231 explicarent
1509 2185 1742 2218 antecedentia

971 2239 1004 2267 in
1026 2246 1059 2267 eo
1082 2236 1178 2275 igilur
1197 2235 1250 2273 qui
1275 2243 1336 2265 non
1361 2237 1414 2265 est.
1463 2233 1512 2264 De
1542 2231 1741 2275 pronomine

971 2283 1025 2322 qui
1046 2278 1235 2323 postposito
1256 2290 1286 2309 v,
1308 2277 1479 2310 Adnotata
1498 2276 1532 2309 in
1555 2289 1582 2309 c.
1606 2277 1665 2315 15,
1685 2275 1741 2310 32.

1040 2328 1066 2358 si
1091 2327 1176 2357 malo
1199 2324 1319 2364 careal]
1346 2324 1388 2354 H.
1412 2334 1439 2355 e.
1466 2322 1494 2355 si
1517 2322 1606 2355 malo
1626 2328 1739 2360 vacet;

972 2378 1006 2403 at
1026 2383 1058 2402 v.
1082 2370 1253 2402 Adnotata
1276 2369 1311 2400 in
1330 2370 1356 2401 Ι.
1379 2368 1434 2408 36,
1453 2370 1508 2402 88.
1556 2367 1612 2400 Sic
1631 2366 1743 2411 paullo

972 2423 1049 2460 post
1074 2414 1167 2459 (3.41.
1195 2417 1300 2446 dolore
1322 2423 1438 2446 carere.

1039 2459 1093 2493 41.
1132 2461 1216 2499 Quid
1244 2459 1501 2500 tergiversamur]
1537 2457 1579 2488 H.
1599 2468 1627 2489 e.
1654 2456 1742 2495 Quid

972 2506 1160 2538 dubitamus
1185 2503 1301 2541 fateri,
1338 2516 1399 2536 nos
1431 2502 1617 2544 intelligere
1641 2501 1742 2533 volu-

972 2558 1100 2594 ptatem
1123 2549 1248 2581 nullam
1276 2549 1397 2590 aliam,
1432 2547 1495 2579 nisi
1515 2558 1612 2590 quam
1633 2546 1742 2579 sensi—

974 2597 1033 2627 bus
1057 2594 1297 2638 percipiamus:
1331 2604 1428 2636 quam
1450 2598 1487 2624 tu
1507 2592 1615 2630 idem,
1651 2591 1744 2624 omni

973 2640 1106 2672 abiecto
1131 2640 1280 2684 pudore,
1304 2639 1391 2670 soles
1415 2636 1554 2669 dicere?
1582 2640 1743 2678 Teryiver-

974 2688 1041 2718 sari
1064 2692 1113 2716 est
1133 2684 1254 2727 effugia
1276 2694 1433 2727 quaerere
1457 2680 1620 2726 (στροφὰς
1640 2681 1741 2725 στρέ-

973 2730 1128 2774 φεσῇαι).
1186 2732 1310 2761 Gesner.
1341 2728 1376 2760 in
1399 2727 1499 2760 Thes.
1523 2729 1601 2761 Lat.
1632 2734 1744 2760 meta-

973 2776 1113 2819 phoram
1136 2773 1270 2806 ductam
1295 2779 1391 2818 putat
1413 2773 1454 2805 ab
1476 2772 1536 2813 iis,
1570 2773 1625 2818 qui
1647 2779 1742 2817 terga

971 2828 1140 2853 vertentes
1173 2819 1284 2852 adhuc
1312 2824 1426 2851 tamen
1451 2826 1601 2862 pugnant
1623 2829 1687 2852 nec
1705 2830 1743 2851 se

971 2866 1078 2899 victos
1111 2865 1212 2898 fateri
1245 2863 1372 2897 volunt.
1418 2866 1547 2897 Beierus
1572 2863 1616 2897 ad
1641 2863 1740 2898 offic.

970 2913 1030 2945 ΙΙΙ.
1055 2910 1119 2952 33,
1150 2909 1224 2944 118.
1253 2921 1288 2953 p.
1304 2907 1382 2943 410.
1420 2921 1493 2942 eam
1524 2908 1754 2953 repetendamf

970 2957 1082 3003 potius
1103 2962 1217 2990 censet
1238 2955 1280 2989 ab
1304 2953 1345 2988 iis
1358 2979 1368 2997 ,
1399 2954 1482 3000 „qui
1500 2957 1632 2990 subinde
1653 2958 1743 2998 &crya
