1843 3085
143 18 226 62 136
666 32 834 66 LIBER
858 34 901 67 11.
927 33 968 76 6,
996 35 1048 71 17.
1072 36 1115 76 7,
1142 35 1194 70 18.

144 122 262 166 posse
284 110 480 153 evenire?
512 118 552 153 et
572 111 657 167 quis
683 119 770 165 est,
803 114 864 154 cui
888 128 967 156 non
989 116 1140 172 possit?
1181 114 1242 158 Ita
1261 116 1326 169 fit,
1358 123 1402 157 ut
1424 117 1584 160 omnino
1605 131 1722 160 nemo

148 196 237 224 esse
271 185 397 240 possit
427 186 579 228 beatus.
653 193 720 229 17.
762 186 1018 231 Metrodorus
1049 191 1202 245 quidem
1236 192 1411 247 perfecte
1443 205 1532 233 eum
1565 186 1721 234 Beatum

147 264 282 313 putat,
325 259 386 299 cui
416 274 557 315 corpus
592 260 692 302 bene
727 263 979 305 constitutum
1014 265 1065 305 sit
1096 272 1135 306 et
1164 266 1436 322 exploratum,
1479 265 1533 307 ita
1567 280 1724 323 semper

150 331 251 372 fore.
316 331 414 386 Quis
441 341 569 374 autem
595 342 656 375 est
678 335 753 377 iste
770 368 780 387 ‚
815 338 876 378 cui
898 338 935 379 id
961 334 1207 395 exploratum
1228 340 1353 394 possit
1371 342 1492 382 esse?

264 404 358 446 VII.
400 406 595 463 Epicurus
619 423 715 451 vero
751 425 796 451 ea
821 412 938 464 dicit,
982 421 1024 453 nt
1048 414 1139 454 mihi
1164 414 1317 468 quidem
1352 414 1457 455 risus
1482 421 1639 469 captare
1664 413 1724 456 vi-

150 477 304 519 deatur.
348 479 530 523 Affirmat
551 484 653 524 enim
678 486 842 540 quodam
865 487 968 538 loco,
993 488 1026 528 si
1044 496 1179 529 uratur
1203 488 1377 543 sapienS‚
1403 488 1436 529 si
1457 489 1724 530 crucietur—

151 560 362 608 exspeetas
388 556 581 610 sortasse,
626 560 715 600 dum
742 560 867 601 dicat:
909 562 1101 616 patietur,
1135 564 1332 618 perferet,
1368 577 1446 603 non
1470 562 1722 615 succumbet3

149 641 293 681 magna
314 630 538 673 mehercule
565 633 649 674 laus
675 641 713 675 et
743 648 789 676 eo
809 636 917 690 ipso,
962 650 1031 692 per
1053 650 1164 691 quem
1195 636 1343 687 iuravi,
1387 635 1558 677 Hercule
1583 636 1725 690 digna3

150 701 220 742 sed
243 700 441 758 Epicuro,
476 706 621 748 homini
648 722 788 764 aspero
815 717 855 750 et
882 711 1004 762 duro,
1048 725 1126 751 non
1153 718 1214 751 est
1241 711 1313 751 hoc
1337 710 1459 751 satis:
1492 710 1532 751 in
1551 709 1729 751 Phalari-

151 774 210 816 dis
229 782 340 818 tauro
370 779 402 819 si
429 780 504 821 erit
518 813 528 832 ,
574 782 700 823 dicet:
736 783 875 834 Quam
896 799 1029 825 snare
1051 785 1137 826 est!
1167 799 1292 839 quam
1310 785 1390 826 hoc·
1411 798 1498 826 non
1519 798 1625 826 curo
1641 784 1657 825 Σ
1671 809 1729 814 -

152 845 287 891 Suave
310 852 453 894 etiam?
492 870 542 896 an
565 871 700 911 parum
730 865 814 909 est,
849 859 882 899 si
907 874 983 899 non
1006 860 1206 899 amarum?
1237 860 1292 899 At
1316 859 1353 900 id
1380 859 1532 914 quidem
1558 859 1612 899 illi
1636 859 1726 915 ipsi,

151 923 216 977 qui
243 925 416 968 dolorem
447 930 587 970 malum
618 945 705 971 esse
731 939 903 986 nogant,
947 947 1025 973 non
1050 933 1178 973 solent
1201 918 1356 984 dicere,
1398 933 1576 987 cuiquam
1605 947 1728 973 suave

152 1010 242 1038 esse
267 1001 459 1053 eruciari3
501 1018 706 1059 asperum,
750 1006 926 1057 dillicile,
961 1007 1164 1057 odiosum,
1208 1014 1344 1047 contra
1371 1014 1549 1047 naturam
1577 1007 1725 1058 dicunt,

153 1083 227 1111 nec
258 1079 386 1115 tamen
414 1077 571 1118 malum.
638 1078 735 1130 Hic,
781 1080 842 1134 qui
874 1080 998 1121 solum
1032 1081 1105 1121 hoc
1140 1081 1281 1121 malum
1318 1081 1432 1132 dicit,
1475 1081 1729 1122 etmalorum

1540 1161 1607 1196 18.
1641 1154 1730 1210 Ego

153 1231 176 1258 a
200 1226 238 1260 te
267 1236 344 1263 non
369 1226 521 1279 postulo
538 1258 548 1276 ,
582 1234 624 1267 ut
644 1228 818 1268 dolorem
839 1228 986 1269 eisdem
1007 1228 1139 1269 verbis
1166 1228 1309 1285 allicias
1325 1260 1335 1280 ‚
1374 1229 1511 1283 quibus
1534 1228 1730 1283 Epicurus

153 1293 418 1350 voluptatem,
466 1299 605 1351 homo,
651 1309 692 1342 ut
718 1302 794 1342 scis
812 1334 822 1354 ,
865 1303 1124 1357 voluptarius.
1185 1301 1257 1343 llle
1279 1303 1426 1343 dixerit
1447 1317 1542 1344 sane
1564 1303 1667 1344 idem
1689 1303 1730 1344 in

153 1364 373 1412 Phalaridis
398 1379 510 1413 tauro
526 1405 536 1424 ,
571 1375 672 1429 quod
691 1407 701 1427 ‚
734 1376 765 1415 si
791 1384 897 1417 esset
917 1377 956 1417 iu
980 1376 1149 1427 lectulo;
1190 1390 1263 1431 ego
1288 1384 1435 1417 tantum
1457 1377 1535 1418 vim
1559 1392 1638 1418 non
1662 1377 1730 1418 tri·
1755 1420 1757 1424 ,

153 1439 231 1482 buo
251 1444 466 1499 sapientiae
493 1455 627 1489 contra
650 1449 839 1490 dolorem.
903 1449 966 1491 Sit
991 1450 1103 1491 sortis
1129 1451 1167 1490 in
1191 1452 1446 1506 perferendo,
1481 1451 1606 1492 officio
1633 1451 1729 1492 satis

154 1522 240 1568 est3
275 1518 503 1575 ut-laetctur
527 1523 640 1564 etiam
657 1556 667 1575 ,
704 1539 781 1565 non
804 1526 973 1580 postulo.
1021 1524 1168 1565 Tristis
1189 1525 1290 1565 enim
1314 1539 1378 1566 res
1402 1533 1464 1566 est
1487 1525 1573 1566 sine
1594 1525 1727 1577 dubio,

155 1145 326 1188 omnium
352 1157 601 1204 extremum,
644 1154 859 1209 sapientem
889 1162 1026 1195 censet
1053 1155 1091 1195 id
1118 1168 1239 1196 suave
1268 1154 1474 1195 dicturum.

153 1603 317 1645 aspera,
364 1607 520 1648 amara,
561 1597 717 1639 inimica
742 1606 903 1640 naturae
920 1632 931 1651 ,
975 1600 1021 1639 ad
1048 1599 1266 1653 patiendum
1293 1599 1615 1654 tolerandumque
1636 1600 1731 1640 diffi-

224 1700 275 1734 17.
323 1704 518 1737 Metrodorus
540 1708 678 1749 quidem]
719 1709 851 1746 Quidem
875 1707 924 1739 si-

153 1744 299 1825 ξῗὲὶωῐ,
323 1752 357 1780 ut
376 1750 432 1782 hoc
450 1755 532 1783 utar.
581 1753 621 1784 V.
643 1764 742 1795 supra
764 1753 806 1784 ad
825 1755 850 1785 Ι.
867 1751 922 1794 iffi,

956 1707 1064 1739 lorum
1087 1706 1233 1739 omnium
1254 1713 1455 1739 extremum:
1481 1712 1508 1740 et
1526 1712 1636 1750 praet
1655 1710 1730 1748 qui-

957 1755 1029 1785 dem
1056 1752 1180 1785 dictum
1215 1759 1284 1792 est,
1310 1759 1346 1784 ut
1368 1764 1486 1795 graece
1508 1753 1566 1786 καί
1596 1753 1729 1787 dicitur.

961 1799 1011 1831 Cf.
1032 1800 1072 1830 V.
1088 1798 1128 1837 9,
1155 1797 1215 1831 26;
1243 1810 1341 1842 quum
1363 1797 1514 1830 dolorem
1534 1810 1602 1830 non
1625 1799 1728 1832 modo

221 1848 334 1879 corpus
356 1859 401 1864 —
423 1841 503 1885 fore]
541 1843 590 1875 De
623 1843 809 1875 Metrodori
844 1856 924 1875 sen—

153 1882 259 1914 tentia
282 1885 324 1915 cf.
350 1885 556 1928 Fin.11.2r5,
582 1887 636 1921 9¹2.
673 1889 769 1921 offic.
792 1891 846 1921 ΙΙΙ.
868 1889 922 1929 33,

155 1927 230 1961 117.
256 1928 345 1961 infra
366 1932 405 1964 V.
421 1930 461 1971 9,
487 1933 541 1966 27.
601 1934 727 1966 Graeca
751 1942 925 1967 servantur

152 1982 208 2025 pp.
226 1973 386 2007 Clement.
403 1976 580 2010 Alexandr.
595 1981 717 2012 Strom.
733 1982 773 2012 H.
791 1993 822 2024 p.
837 1980 922 2014 495:

164 2017 324 2073 ²⁸5an
339 2021 426 2064 φησί
450 2024 508 2065 (sc.
532 2021 549 2057 ὁ
570 2023 830 2068 Μητρόδωροςῖ,
856 2027 925 2067 ψυ-

152 2074 220 2117 χης
249 2064 281 2098 τί
302 2067 382 2100 αλλο
412 2062 436 2110 ἦ
459 2066 496 2102 τὸ
522 2068 649 2110 σαρκὸς
672 2068 837 2110 ciis-cah&
859 2084 924 2105 κα-

152 2119 313 2153 ταστημα
340 2111 398 2145 καὶ
427 2111 464 2146 τὸ
484 2114 561 2156 περὶ
581 2113 708 2158 ταύτης
729 2115 845 2151 πιστὸν
868 2116 923 2151 ἔλ-

152 2165 272 2198 πισμα.
322 2157 417 2189 Adde
440 2158 528 2190 infra
554 2161 592 2191 V.
609 2160 649 2199 9,
674 2162 728 2195 27.

185 2242 194 2254 ⁶
223 2201 389 2235 Cunvn.
438 2206 594 2248 affirmat]
633 2207 746 2240 Oratio
770 2215 819 2239 est
841 2205 924 2242 α’να-

152 2246 325 2285 κολουὲος.
390 2250 637 2282 Sententiarum
669 2253 755 2284 enim
788 2253 871 2285 ordo
906 2265 923 2285 e

152 2292 367 2333 grammatica
390 2295 520 2328 ratione
545 2296 592 2328 sic
613 2298 794 2339 procedere
818 2298 922 2330 debe-

151 2335 226 2368 bat:
262 2340 410 2380 Affirmat
430 2343 510 2373 enim
530 2344 667 2382 quodam
689 2346 774 2384 loco,
799 2347 826 2376 .ςὶ
847 2355 923 2376 ura-

151 2385 204 2414 tur
219 2387 345 2424 sapiens
356 2410 366 2425 ,
389 2388 417 2418 si
436 2390 588 2419 crucietur
612 2390 782 2428 (exspectas
801 2409 845 2414 ——
869 2400 923 2421 sa·

153 2428 226 2470 lix)
250 2432 325 2470 quid
336 2433 360 2462 2
377 2434 405 2464 si
423 2435 456 2464 in
474 2434 658 2465 Phalaridis
680 2438 770 2466 tauro
789 2438 847 2475 sit,
873 2437 922 2467 di-

151 2477 276 2507 cturum
299 2486 362 2509 esse
377 2483 440 2510 etc.
488 2479 528 2510 V.
553 2478 675 2510 Adnot.
700 2479 732 2510 in
758 2491 785 2511 c.
803 2482 839 2520 1,
865 2480 897 2513 3.

219 2526 399 2562 exspectas,
425 2525 501 2555 dum
522 2523 620 2567 dicat]
655 2525 706 2556 De
735 2524 799 2556 hac
830 2530 922 2557 stru—

153 2571 246 2599 ctura
276 2579 307 2599 v.
344 2579 405 2600 nos
438 2568 472 2600 in
506 2570 563 2602 Gr.
581 2570 620 2601 L.
644 2571 672 2614 §.
693 2569 768 2603 123.
792 2570 873 2601 Not.
886 2570 919 2603 3.

151 2622 186 2654 p.
203 2611 281 2645 291.
305 2613 357 2645 ed.
372 2614 404 2646 2.

152 2699 160 2706 ι
218 2659 337 2722 ltor'nini
353 2670 463 2701 aspero
482 2665 510 2693 et
527 2660 620 2705 duro]
642 2660 733 2693 Salsa
756 2666 789 2692 et
811 2672 922 2693 amara

149 2712 271 2735 noma.

217 2750 252 2781 in
273 2752 456 2784 Phalaridis
474 2754 579 2795 tauro]
607 2752 659 2784 Cf.
679 2753 720 2785 V.
743 2751 803 2794 10,
832 2751 887 2786 31.

216 2795 266 2826 illi
286 2798 361 2838 ipsi]
390 2797 502 2830 Stoici.

219 2842 273 2883 qui
293 2844 394 2874 solum
417 2845 474 2876 hoc
495 2847 616 2876 malum
637 2846 733 2886 dicit,
767 2847 795 2876 et
815 2845 922 2876 malo-

149 2890 221 2917 rum
242 2888 380 2919 omnium
400 2891 585 2933 extremum]
622 2890 665 2922 H.
685 2901 714 2921 e.
741 2888 795 2933 qui
818 2888 920 2921 dolo-

148 2940 219 2962 rem
241 2929 347 2963 solum
368 2933 490 2966 malum
513 2934 605 2974 dicit,
631 2941 667 2967 et
689 2935 822 2979 quidem
844 2946 920 2967 ma·-

957 1844 1134 1876 maximnm
1146 1844 1280 1883 malum,
1302 1844 1361 1876 sed
1376 1844 1482 1876 solum
1495 1844 1617 1876 malum
1629 1844 1730 1876 etiam

959 1889 1090 1921 dixerit.
1126 1889 1182 1931 26,
1206 1890 1266 1924 73:
1294 1902 1393 1933 quum
1415 1890 1636 1929 constituerit,
1660 1901 1730 1924 non

958 1935 1060 1967 modo
1077 1947 1240 1966 summum
1260 1935 1382 1967 malum
1401 1947 1471 1968 esse
1485 1935 1648 1976 dolorem,
1669 1935 1730 1968 sed

959 1980 1058 2013 etiam
1079 1981 1198 2013 solum.

1031 2029 1081 2060 15.
1107 2029 1218 2067 quibus
1233 2029 1387 2067 Epicurus
1401 2027 1605 2069 voluptatem]
1631 2027 1730 2058 Hunc

959 2073 1069 2105 locum
1082 2072 1332 2116 interpolatoris
1347 2072 1584 2116 corruptricem
1598 2083 1730 2104 manum

959 2129 1150 2162 perpessum
1176 2129 1265 2157 esse,
1291 2117 1353 2150 sibi
1380 2117 1542 2161 persuasit
1565 2120 1730 2150 Bentleius.

960 2165 1066 2201 Nam,
1101 2163 1208 2206 inquit
1231 2163 1282 2195 vir
1303 2175 1458 2206 magnus,
1496 2162 1654 2206 Epicurus
1674 2173 1730 2196 vo-

959 2211 1106 2249 luptatem
1128 2209 1259 2240 dictitat
1277 2219 1433 2241 summum
1452 2213 1478 2240 et
1497 2211 1596 2241 solum
1616 2211 1731 2241 bonum

959 2265 1042 2294 essa,-
1065 2254 1136 2297 quis
1159 2260 1267 2285 autem
1291 2255 1428 2285 dolorem
1450 2253 1500 2285 his
1520 2253 1628 2286 verbis
1649 2253 1728 2286 affi-

960 2299 1048 2332 ciat?
1087 2306 1144 2330 aut
1167 2299 1244 2342 quid
1267 2298 1385 2330 mirum
1400 2324 1407 2336 ‚
1443 2298 1470 2330 si
1498 2298 1534 2330 id
1556 2310 1576 2330 a
1599 2299 1730 2331 nemine

957 2344 1131 2387 postulet?
1179 2344 1268 2376 Hinc
1300 2343 1478 2375 delendum
1510 2350 1622 2376 censet
1651 2355 1730 2381 ver-,-

955 2391 1035 2422 bum
1057 2392 1257 2430 voluptatem.
1305 2392 1348 2420 At
1370 2401 1450 2421 vero
1471 2389 1572 2422 lectio
1595 2388 1730 2432 vulgata

958 2447 1024 2467 non
1057 2441 1185 2467 temere
1213 2434 1424 2467 sollicitanda
1455 2441 1515 2466 est.
1563 2433 1728 2466 Nimirum

956 2483 1111 2513 Bentleius
1142 2481 1176 2512 in
1209 2492 1249 2513 eo
1289 2479 1430 2519 erravit,
1476 2479 1566 2522 quod
1597 2479 1729 2522 putavit

956 2526 1057 2557 verba
1086 2529 1196 2566 quibus
1222 2528 1378 2566 Epicurus
1408 2527 1599 2565 voluptatem
1629 2527 1730 2566 afficit

956 2571 1042 2603 hanc
1065 2571 1188 2603 habere
1211 2571 1289 2610 vim,
1314 2577 1350 2602 ut
1373 2570 1608 2613 significarent,
1631 2569 1729 2602 sicuti

956 2616 1166 2659 voluptatem
1192 2616 1339 2649 omnium
1363 2615 1528 2648 bonorum
1556 2614 1656 2647 finem
1686 2616 1728 2648 ab

956 2661 1101 2705 Epicuro
1133 2661 1256 2694 dictam
1281 2672 1368 2700 esse,
1406 2660 1454 2693 sic
1476 2661 1509 2693 h.
1527 2660 1549 2692 l.
1577 2660 1730 2693 dolorem

958 2706 1105 2739 omnium
1123 2707 1287 2739 bonorum
1307 2707 1408 2738 finem
1428 2705 1560 2738 dixisse.
1608 2709 1653 2739 At
1672 2706 1729 2739 ni-

957 2752 1003 2784 hil
1032 2752 1122 2784 aliud
1147 2752 1258 2785 dicere
1279 2751 1422 2784 voluisse
1444 2751 1576 2785 videtur
1600 2752 1728 2792 Cicero,

957 2797 1020 2830 nisi
1039 2798 1123 2830 hoc:
1146 2798 1223 2830 Non
1243 2797 1377 2842 postulo
1398 2809 1417 2829 a
1436 2804 1483 2841 te,
1505 2805 1542 2830 ut
1562 2809 1636 2831 cum
1648 2797 1730 2842 Epi-

958 2855 1036 2876 curo
1060 2843 1102 2875 de
1122 2843 1239 2876 dolore
1261 2843 1351 2875 idem
1375 2843 1549 2884 exclames,
1574 2843 1665 2887 quod
1686 2843 1730 2875 de

957 2888 1152 2933 voluptate,
1186 2901 1231 2922 sc.
1255 2900 1353 2931 quam
1371 2899 1468 2923 suave
1494 2893 1538 2922 est
1567 2891 1634 2923 hoc.
1659 2888 1728 2932 (Cf.

957 2934 1046 2967 infra
1071 2936 1112 2967 V.
1130 2935 1192 2978 10,
1218 2935 1289 2978 31.)
1336 2935 1423 2968 Nam
1453 2935 1587 2979 Epicuri
1619 2933 1728 2968 oratio
