1843 3101
181 44 264 88 234
675 52 842 86 mmm
866 51 923 87 1v.
948 53 1011 94 11,
1034 52 1090 87 25.
1115 51 1172 88 26.
1196 53 1251 88 27.

290 133 370 177 XI.
404 134 536 185 Haeo,
571 147 671 189 quae
696 133 806 184 dico,
839 133 1078 188 cogitatione
1101 134 1207 177 inter
1225 148 1270 176 se
1291 134 1500 188 differunt,
1531 148 1577 177 re
1599 135 1756 191 quidem

532 221 654 262 eaque
679 208 859 249 oriuntur
891 222 943 249 ex
964 209 1122 251 libidine
1149 217 1187 251 et
1210 223 1263 251 ex
1289 209 1452 251 laetitia.
1512 208 1618 251 Nam
1638 224 1755 266 quum

178 292 240 327 est
263 284 468 339 concupita
494 283 683 338 pecunia,
730 296 803 324 neo
834 283 1003 324 adhibita
1033 283 1219 324 continuo
1253 284 1381 335 ratio,
1428 283 1540 340 quasi
1567 285 1756 339 quaedam

177 210 354 266 copulata
376 216 490 260 sunt,

178 357 381 401 Socratica
420 358 636 408 medicina,
684 371 785 412 quae
827 366 987 399 sanaret
1026 372 1112 399 eam
1151 358 1424 414 cupiditatem3
1470 365 1675 415 permanat
1712 358 1754 399 in

175 448 296 476 venas
329 440 368 473 et
390 432 570 473 inhaeret
598 432 637 472 in
664 432 882 474 visceribus
915 433 1007 473 illud
1040 433 1206 483 malum,
1253 433 1489 488 exsistitque
1522 432 1682 473 morbus
1716 439 1755 473 et

175 507 417 562 aegrotatio,
462 520 562 561 quae
590 507 705 547 avelli
734 508 955 549 inveterata
984 522 1061 548 non
1086 515 1269 563 possunt3
1314 507 1428 562 eique
1450 507 1586 548 morbo
1612 520 1754 548 nomen

177 590 239 623 est
259 582 441 622 avaritia.
504 588 574 622 25.
610 579 878 636 Similiterque
906 582 1027 623 ceteri
1052 581 1201 633 morbi,
1251 589 1292 622 ut
1317 582 1495 637 ylariae
1521 581 1756 636 cupiditas,

175 664 219 698 ut
239 657 555 707 ninlierositas‚
599 664 641 696 ut
674 657 726 696 ita
760 657 948 712 appellem
983 671 1092 708 eam,
1142 670 1240 711 quae
1267 655 1421 697 Graece
1447 653 1677 711 φιλογύνεια
1699 655 1757 696 di·
1801 707 1809 709 ⁷.

1641 728 1755 784 Quae

174 813 304 848 autem
331 814 423 847 sunt
452 805 509 845 his
538 806 760 857 contraria,
811 821 856 847 ea
885 807 992 846 nasci
1018 813 1202 861 putantur
1223 821 1244 845 a
1267 813 1394 857 metu,
1441 813 1482 846 ut
1503 805 1646 846 odiam
1670 819 1756 845 mu,-

175 731 299 783 citur‚
344 730 543 786 ceterique
575 730 756 771 similiter
788 732 911 772 morbi
943 731 1313 786 aegrotationesque
1346 737 1576 772 naseuntur.

173 881 351 931 lierum,
400 880 514 934 quale
547 879 584 920 in
620 877 814 936 μισογύυῃ
847 880 957 920 Atilii
987 887 1072 932 est,
1115 888 1157 920 ut
1187 882 1229 921 in
1263 881 1475 921 hominium
1509 881 1756 921 ‘cmiii-orsam

168 969 328 1011 yemis,
375 955 475 1009 qnod
509 954 729 1009 accepimus
763 955 810 994 de
844 953 1035 1003 Timone,
1082 954 1145 1008 qui
1179 951 1458 1007 μισάνθρωποι
1493 954 1752 1010 appellantur,

174 1039 215 1071 ut
245 1030 568 1083 inhospitalitas
600 1035 682 1080 σείς
728 1042 828 1084 quae
860 1042 997 1068 omncs
1030 1029 1326 1083 aegrotationes
1351 1028 1469 1068 animi
1507 1041 1558 1069 ex
1587 1029 1753 1084 quodam

1544 1110 1614 1145 26.
1649 1101 1755 1144 Deti-

173 1179 284 1220 niunt
322 1185 448 1219 autem
486 1179 603 1219 animi
638 1179 981 1233 (wyrotationem
1020 1178 1284 1233 opinationem
1320 1177 1594 1219 vehementem
1628 1178 1675 1218 de
1710 1190 1754 1218 re
1806 1215 1807 1219 ,

171 1111 275 1145 metu
302 1110 516 1144 naseuntur
546 1118 679 1144 earum
714 1117 868 1152 rerum,
917 1117 1013 1157 quas
1044 1103 1198 1157 fugiunt
1229 1109 1269 1144 ct
1299 1103 1481 1144 oderunt.

173 1268 252 1294 non
281 1254 523 1309 expetenda,
571 1261 751 1308 tanquam
778 1253 891 1292 valde
921 1252 1143 1307 expetenda
1170 1252 1243 1302 sit,
1290 1251 1560 1293 inhaerentem
1586 1260 1626 1294 et
1646 1252 1755 1308 peni-

176 1335 237 1369 tus
259 1328 432 1368 insitam.
497 1326 613 1381 Quod
637 1334 766 1367 autem
789 1328 965 1367 nascitur
985 1341 1036 1367 ex
1063 1326 1307 1378 offensione,
1348 1326 1402 1367 ita
1429 1327 1638 1379 deliniunt,
1673 1327 1756 1382 opi-

174 1402 329 1443 nionem
363 1401 636 1442 vehementem
668 1402 714 1441 de
739 1415 781 1442 re
804 1415 882 1441 non
910 1401 1114 1455 fugienda,
1159 1400 1428 1442 inhaerentem
1456 1407 1496 1442 et
1518 1401 1673 1456 penitus
1695 1401 1754 1442 in-
1790 1415 1800 1419 ·

175 1484 314 1519 sltam.

362 1483 545 1530 tanquam
590 1476 786 1530 fugienda.
861 1474 972 1516 Haeo
1013 1483 1142 1516 autem
1178 1475 1350 1530 opinatio
1390 1483 1452 1516 est
1482 1476 1668 1517 iudicatio
1711 1489 1755 1517 se

172 1551 304 1603 seire,
351 1551 452 1605 quod
487 1550 652 1591 nesciat.
721 1550 1029 1605 Aeyrotationi
1063 1556 1192 1590 autem
1227 1550 1318 1591 talia
1353 1551 1543 1606 quaedam
1578 1550 1754 1592 subiecta

173 1632 287 1677 sunt,
332 1626 551 1675 (testritio,
592 1624 794 1675 ambitio,
1515 1626 1754 1686 ligurritio,¹

1148 1698 1224 1741 Est
1240 1708 1369 1741 autern
1393 1700 1561 1741 avaritia
1583 1699 1755 1756 opinatio

836 1625 1127 1666 nziilierositas
1136 1657 1151 1676 ,
1189 1626 1449 1679 pervicacia
1458 1658 1473 1677 ‚

170 1700 432 1751 vinolentia,
464 1699 683 1754 cuppedia
709 1707 747 1740 et
771 1700 803 1739 si
830 1714 904 1754 qua
927 1699 1085 1740 similia.

170 1775 385 1816 vehemens
408 1775 454 1816 de
481 1775 668 1830 pecunia,
713 1775 824 1830 quasi
847 1775 959 1815 valde
983 1774 1205 1829 expetenda
1230 1775 1306 1826 sit,
1353 1774 1565 1815 inhaerens
1589 1781 1628 1816 et
1649 1774 1757 1829 peni-

171 1857 235 1891 tus
283 1850 427 1901 insita3
486 1849 702 1903 similisque
751 1856 812 1890 est
855 1848 1031 1889 eiusdem
1076 1849 1235 1903 generis
1280 1849 1454 1890 delinitio
1496 1848 1752 1904 reliquarum.

172 1930 243 1966 27.
281 1923 579 1979 Offensionum
600 1931 730 1965 autem
751 1923 1000 1965 definitiones
1023 1930 1114 1964 suut
1135 1923 1341 1974 eiusmodi,
1377 1930 1417 1964 ut
1434 1923 1757 1978 inhospitalitas

174 1998 227 2040 sit
248 1999 379 2053 opinio
402 1999 643 2050 vehemens,
688 1998 802 2039 valde
830 1998 1056 2053 fugiendum
1093 2011 1182 2039 esse
1208 1998 1426 2054 hospitem,
1471 2011 1595 2053 eaque
1619 1997 1756 2039 inhae-

176 2094 344 2127 dicamus:
379 2105 474 2136 neque
499 2098 538 2127 ab
561 2098 629 2127 ulla
652 2106 704 2136 re,
727 2106 808 2136 quae
828 2106 889 2127 non
914 2097 952 2127 sit
987 2102 1070 2127 extr.
1102 2097 1329 2137 ae9rotationes
1359 2096 1518 2136 morbique
1540 2105 1606 2136 —,·
1641 2097 1758 2128 morbis

175 2144 210 2174 in
230 2143 338 2180 bonis,
374 2143 406 2173 id
429 2143 511 2181 quod
546 2144 584 2173 sit
606 2144 638 2173 in
662 2143 770 2182 bonis,
804 2143 953 2173 contineri
988 2141 1074 2173 enim
1098 2141 1307 2173 manentibus
1331 2147 1410 2173 cett.

174 2189 272 2228 potest
284 2197 294 2226 ;
319 2188 355 2218 ob
379 2197 507 2226 eamque
528 2197 695 2227 caussam,
710 2207 755 2211 —
777 2197 875 2228 quum
897 2189 953 2218 cti-
1055 2189 1164 2219 odium
1185 2189 1353 2219 mulierum
1373 2206 1418 2211 —
1436 2189 1472 2220 in
1491 2188 1574 2220 hom.
1595 2189 1682 2220 univ.
1704 2196 1757 2228 ye-

176 2234 272 2265 vitiae
298 2242 359 2264 non
381 2235 442 2264 sint
464 2235 496 2264 in
518 2234 626 2273 bonis,
648 2235 737 2265 nulla
756 2243 810 2265 ars
833 2235 952 2265 divitiis

177 2279 326 2311 contineri
346 2281 454 2318 potest.

251 2340 329 2372 Cn.
346 2340 407 2372 XI.
441 2350 538 2381 eaque
559 2342 716 2385 oriuntur]
741 2341 819 2374 Scil.
845 2340 951 2373 morbi

182 2392 217 2418 et
240 2385 499 2429 aegrotationes.

250 2452 331 2484 quae
353 2443 494 2484 sanaret]
530 2442 699 2474 Bentleius
721 2454 761 2485 ex
788 2455 853 2475 uno
875 2443 950 2477 cod.

182 2488 326 2521 correxit
347 2498 428 2530 quae
450 2491 556 2528 sanet„
592 2487 627 2519 id
651 2487 850 2520 latinitatem
874 2490 952 2532 opi-

179 2546 262 2612 nZns
287 2533 484 2577 efflagitare.
530 2537 576 2566 At
596 2545 627 2565 v.
648 2530 819 2566 Adno‘tata
839 2542 952 2566 nostra

178 2592 198 2613 a
244 2581 270 2612 Ι.
295 2577 336 2621 4,
358 2580 378 2614 7

225 2644 402 2684 exsistitque
415 2644 555 2684 morbus]
567 2644 683 2675 Senec.
695 2653 748 2685 ep.
758 2641 800 2676 75
812 2654 818 2673 :
833 2642 949 2684 „thoe3

181 2688 271 2721 inter
293 2688 429 2721 morbos
451 2688 553 2721 animi
580 2688 720 2720 interest
744 2694 778 2720 et
800 2687 951 2726 affectus,

184 2740 220 2766 ut
246 2734 353 2767 morbi
374 2734 440 2766 sint
462 2735 649 2767 inveterata
677 2733 777 2772 vitia,
813 2733 952 2765 affectus

180 2792 262 2813 vero
282 2786 392 2812 motus
411 2780 511 2812 animi
528 2780 628 2813 subiti
648 2786 682 2812 et
703 2779 872 2818 concitati,
897 2778 952 2822 qui

182 2826 374 2869 frequentes
399 2826 608 2870 neglectique
631 2826 743 2859 fecere
763 2825 952 2858 morbumf‘

185 2872 340 2904 Ceterum
363 2871 607 2905 observandum
631 2878 700 2912 est,
732 2871 765 2904 h.
780 2871 804 2903 l.
825 2873 953 2904 ‘morbus

185 2922 221 2947 ut
241 2917 404 2960 speciem,
437 2917 515 2950 dein
541 2920 641 2962 (eique
663 2917 782 2960 morbo)
809 2929 954 2974 genera-

187 2960 270 2993 lime
291 2963 431 2996 notione
452 2963 578 2996 dictum
600 2975 692 3002 esse,
718 2969 755 2995 ut
775 2961 953 3003 ο.14,32

986 2234 1060 2277 nus]
1087 2234 1128 2264 V.
1152 2234 1322 2265 Adnotata
1347 2232 1378 2264 in
1405 2245 1432 2264 c.
1451 2232 1490 2271 7,
1515 2231 1567 2266 16.

1056 2277 1236 2322 μισογύνῃ]
1262 2275 1459 2322 Mica-(dmg
1478 2278 1542 2311 fuit
1559 2289 1682 2310 nomen
1702 2278 1758 2310 fa-

983 2324 1080 2357 bulae
1104 2323 1290 2356 Menandri.

1053 2369 1108 2402 “’6.
1127 2371 1287 2411 Definiunt
1299 2373 1404 2402 autem
1423 2372 1665 2412 ae9rotatioriem
1675 2370 1755 2411 etcj]

986 2417 1118 2456 „Quum
1144 2415 1329 2447 animorum
1353 2417 1453 2448 morbi
1480 2422 1514 2447 et
1534 2417 1761 2457 aegrotationes

986 2461 1191 2504 cogitatione
1227 2468 1357 2494 tantum
1401 2460 1582 2499 differant,
1629 2460 1758 2493 Tullius

987 2507 1270 2550 aegrotationem,
1307 2503 1540 2550 α’ῤῥωστημα,
1577 2516 1618 2538 eo
1643 2505 1758 2545 modo,

987 2564 1053 2595 quo
1077 2552 1194 2596 reliqui
1215 2550 1370 2605 νόσημά,
1404 2551 1531 2584 definit.
1568 2551 1620 2583 Cf.
1643 2551 1756 2583 Laert-

986 2599 1061 2635 vm
1090 2598 1172 2631 115.
1208 2595 1382 2640 Νόσημα,
1407 2597 1517 2640 οἴησις
1541 2593 1678 2641 σφόδρα
1697 2599 1756 2632 δο-

987 2643 1123 2681 κοῦντος
1146 2643 1219 2684 αἶρε
1221 2643 1304 2677 rofi-⁶

1055 2690 1131 2720 haec
1154 2693 1258 2720 autem
1281 2687 1433 2731 opmatio]
1461 2689 1621 2732 Uterque,
1647 2695 1682 2721 et
1701 2688 1757 2733 qui

986 2733 1217 2776 aegrotatione
1238 2733 1389 2772 laborat,
1424 2739 1459 2765 et
1481 2733 1536 2777 qui
1560 2734 1757 2776 ostensione,

987 2779 1112 2811 iudicat
1136 2790 1172 2810 se
1194 2778 1298 2819 scire,
1333 2778 1423 2822 quod
1447 2779 1581 2812 nesciat.
1630 2780 1756 2813 Obser-

987 2825 1096 2857 vanda
1125 2830 1202 2856 sunt
1224 2824 1431 2856 substantiva
1455 2828 1594 2866 opinatio
1618 2833 1652 2858 et
1673 2828 1758 2859 iudi-

987 2873 1080 2912 catio,
1105 2872 1132 2914 §.
1145 2870 1198 2904 28.
1221 2872 1334 2911 lapsio,
1356 2872 1550 2913 despicatio,
1573 2872 1649 2911 alia,
1673 2883 1757 2916 quae

987 2927 1044 2950 suo
1077 2918 1136 2949 sibi
1164 2918 1264 2948 Marte
1299 2915 1432 2948 finxisse
1464 2916 1599 2951 videtur
1627 2917 1757 2957 Cicero,

988 2963 1035 2995 uti
1058 2962 1106 2995 ait
1130 2965 1275 2995 Goerenz.
1297 2961 1340 2994 ad
1362 2961 1432 2995 Fin.
1454 2964 1476 2995 1.
1499 2962 1564 3003 20,
1583 2962 1639 2998 67.
1657 2974 1693 3008 p
1685 2962 1757 2998 ..95
