1827 3101
167 37 223 82 64

763 47 932 81 LlssER
955 49 983 82 1.
1010 45 1071 90 16,
1095 46 1153 82 37.

168 129 424 185 corporibus,
457 129 583 185 iisque
609 129 726 170 humo
750 128 890 181 tectis,
924 142 946 170 e
975 143 1050 184 quo
1072 128 1215 170 dictum
1241 137 1302 170 est
1319 129 1516 182 humari,
1547 128 1620 171 sub
1642 135 1750 172 terra

165 204 379 245 censebant
408 205 597 259 reliquam
628 204 747 244 vitam
778 203 841 258 agi
873 210 1133 245 mortuorum.

164 278 296 333 magni
318 292 476 320 errores
501 278 701 319 consecuti
725 284 840 319 sunt:
875 292 972 333 quos
996 285 1195 319 auxerunt
1219 283 1372 334 poetae.

164 353 268 394 enim
301 367 513 394 consessus
545 352 710 404 theatri,
744 353 784 393 in
810 367 886 408 quo
914 359 1007 394 sunt
1034 352 1286 394 mulierculae
1321 359 1362 394 et
1388 353 1524 410 pueri,

162 428 325 469 audieus
358 435 432 468 tani
464 427 612 481 grande
643 441 828 495 carmen:

1196 202 1325 258 Quam
1355 218 1491 246 eorum
1524 203 1749 260 opinionem

1434 284 1506 321 57.
1538 275 1748 334 Frequens

1565 360 1750 396 movetur

245 490 392 542 Ailsmn
423 510 535 554 alque
564 505 719 541 advenio
749 505 972 542 Acherunte
1002 502 1089 552 vix,
1124 506 1184 542 via
1214 504 1293 542 alla
1323 510 1436 556 atque
1461 501 1598 551 drdua,

243 580 318 616 1’111·
347 579 569 628 speluncas,
603 577 711 616 scii-is
740 586 908 617 structas
938 580 1082 630 (Lepet-is
1097 609 1107 626 ‚
1135 578 1401 630 pende'mibus,

243 651 460 698 Mas-amis,
497 652 565 690 ubi·
590 651 717 702 rigida
747 660 897 692 constat
924 654 1053 692 era'ssu.
1084 655 1209 705 caligo
1241 653 1402 706 instrum
1415 668 1429 692 .-

159 732 385 780 tantumque
406 724 530 765 valuit
551 738 679 778 error,
705 729 767 783 qui
789 729 881 769 mihi
903 727 1056 783 quidem
1077 727 1154 767 iam
1178 726 1354 768 sublatus
1375 725 1547 778 videtur,
1571 731 1629 778 ut,
1655 738 1744 767 cor-

157 814 253 856 pora
277 806 450 840 cremata
475 814 589 854 quum
616 801 780 855 scirent,
807 810 934 844 tamen
951 816 995 843 ea
1009 802 1093 843 lieri
1116 802 1217 857 apud
1232 801 1383 842 inferos
1408 801 1616 856 fingerent,
1642 813 1744 856 quae

155 875 244 916 sine
273 874 503 930 corporibus
528 888 601 915 nec
629 876 713 916 lieri
734 885 917 932 possent,
950 890 1024 917 nec
1048 876 1226 930 intelligi.

1286 874 1456 918 Animos
1481 876 1584 917 enim
1606 888 1677 931 per
1698 888 1744 916 se

154 949 263 1004 ipsos
284 950 465 990 viventes
484 964 561 989 non
589 957 769 1004 poterunt
789 958 919 992 niente
941 950 1172 1006 complecti,
1197 950 1360 990 formam
1378 950 1544 1005 aliquam
1560 950 1742 1005 figuram-

155 1037 230 1078 que
250 1023 503 1078 quaerebant.

548 1021 643 1064 Inde
667 1024 830 1065 Homeri
852 1032 933 1066 [ota
953 1025 1106 1073 νεκυίας
1137 1024 1227 1065 inde
1253 1037 1316 1076 ea,
1345 1038 1443 1080 quae
1461 1037 1571 1066 meus
1591 1024 1742 1066 amicus

151 1097 306 1154 Appius
331 1101 612 1151 νεκρομαντεῐα
634 1098 825 1150 faciebat3
859 1099 949 1141 inde
973 1099 1013 1140 in
1042 1099 1184 1140 vicinia
1209 1106 1344 1140 nostra
1366 1097 1522 1140 Averni
1546 1097 1672 1151 lacus,

154 1183 186 1215 h.
213 1182 234 1214 l.
262 1183 445 1222 Cerberus,
473 1182 637 1226 Cocytus,
664 1186 821 1223 Acheron,
847 1184 927 1217 reli-

535 1237 805 1261 (tomlns‘nuiluvlt
842 1242 869 1262 C·
895 1242 925 1263 ί).

154 1241 218 1273 qua
231 1254 240 1267 ‚
280 1240 362 1272 quac
399 1240 497 1271 supra

153 1275 205 1306 Dc
239 1274 357 1317 plurali
384 1286 413 1305 v.
439 1274 562 1306 Adnot.
586 1275 628 1306 ad
654 1276 766 1313 1V.2,
793 1276 824 1308 ὃ.
876 1276 927 1308 Cf.

153 1320 227 1351 Fin.
242 1321 288 1359 V,
319 1320 355 1352 ll
373 1331 379 1350 :
419 1319 576 1362 quasdam
602 1327 677 1363 post
699 1327 841 1352 montom
862 1323 927 1361 for-

151 1368 286 1397 midines
308 1364 536 1397 extimescant.
564 1367 588 1397 Ι.
608 1364 667 1405 14,
693 1364 748 1399 46.
777 1366 837 1404 19,
863 1367 925 1399 63:

152 1411 331 1442 liberamur
359 1410 476 1442 mortis
509 1418 620 1450 metu,
658 1422 724 1442 non
758 1412 928 1444 turbamur

149 1459 345 1497 iynoralione
371 1467 495 1496 rerum,
533 1467 547 1488 e
578 1467 641 1497 qua
673 1460 743 1498 ipsa
768 1459 927 1490 horribiles

151 1505 302 1535 exsistunt
325 1512 417 1542 saepe
440 1504 631 1542 formidines,

219 1550 374 1580 consecuti
396 1552 481 1590 sunt]
509 1549 548 1579 ll.
570 1560 597 1579 e.
624 1548 710 1580 hanc
732 1548 926 1591 opinionem

151 1593 262 1636 magni
286 1605 414 1624 errores
429 1618 436 1632 ,
471 1604 540 1625 curn
563 1604 599 1625 ea
621 1596 795 1634 coniuncti,
820 1596 926 1627 secuti

152 1646 239 1671 sunt.
288 1640 323 1670 In
358 1638 429 1681 ipsa
464 1639 510 1670 rei
545 1646 661 1671 nutura
685 1639 832 1682 positum
862 1647 923 1681 est,

151 1692 187 1717 ut
218 1684 403 1727 composita
430 1683 627 1727 simplicium
659 1686 830 1717 notionem
860 1686 924 1718 ha-

150 1731 230 1763 bere
251 1742 317 1762 nou
340 1729 480 1773 possint.
528 1731 644 1773 Longe
665 1731 728 1762 :iliu
750 1743 800 1763 res
819 1738 869 1763 est
890 1733 922 1765 in

149 1776 353 1820 simplicibus
380 1775 506 1814 verbis,
535 1787 617 1818 quac
639 1789 738 1819 saepe
761 1790 778 1808 a
802 1778 922 1819 poetis,

149 1822 318 1854 interdum
336 1821 435 1853 etiam
451 1833 469 1853 a
486 1821 648 1864 pedestris
667 1822 828 1854 orationis
843 1824 923 1856 seri-

149 1868 321 1910 ptoribus,
359 1867 620 1909 compositorum
643 1867 719 1900 loco
741 1877 919 1912 ponuntur,

149 1920 186 1945 ut
206 1915 341 1953 linquere
363 1924 422 1955 pro
443 1915 623 1954 relinquere.

217 1959 271 1991 57.
299 1957 434 2000 Adsum]
459 1959 504 1989 Ex
526 1958 618 1989 Ennii
640 1959 786 1998 Hecuba,
809 1960 922 1993 fabula

148 2003 192 2036 ad
209 2003 397 2045 euripideae
413 2003 568 2035 Hecubae
583 2004 804 2038 imitationem
819 2006 919 2039 facta.

148 2051 186 2081 In
208 2059 345 2100 graecae
369 2047 501 2080 fabulae
523 2048 617 2081 initio
639 2050 798 2094 Polydori
821 2053 919 2087 εἴδω-

148 2097 201 2129 λον
226 2095 291 2126 ita:

169 2137 260 2196 η’κω,
278 2151 312 2173 νε
315 2151 354 2180 κς)
348 2139 920 2194 ωνγειιῖῐμωιιικιισκε-ου··υλ,ι

170 2183 291 2223 λιπών,
314 2181 356 2218 ιἰ’
373 2180 500 2227 ΓἈιδης
523 2197 592 2228 χωρ
578 2183 628 2223 ἰς
650 2182 715 2231 qim
719 2198 793 2220 σται
818 2188 856 2220 53-
843 2189 916 2221 urm.

149 2210 303 2263 Ceterum
321 2242 433 2262 versus
453 2237 530 2262 suut
551 2223 712 2264 trochaici
731 2233 919 2265 tetrametri

148 2276 342 2310 catalectici.

212 2327 394 2362 tantumque
421 2324 521 2354 valuit
542 2332 647 2361 error,
683 2324 737 2363 qui
757 2343 802 2347 —
825 2326 917 2356 vide-

145 2369 210 2414 tur]
250 2370 353 2400 laluz'l
382 2367 595 2399 referendum
626 2374 677 2399 est
711 2368 753 2400 ad
782 2369 917 2412 antiqua

146 2415 203 2447 illa
232 2421 404 2456 tempora,
445 2413 560 2455 quibus
591 2413 726 2445 rationis
749 2415 916 2456 ignoratio

145 2459 242 2492 fiuxit
256 2459 395 2495 interos,
412 2460 535 2491 videtur
555 2458 597 2489 ad
612 2458 718 2489 illud
710 2471 816 2501 ipsum
831 2466 916 2492 tem-

144 2518 227 2550 pus,
266 2513 331 2549 quo
365 2504 481 2536 Cicero
513 2503 670 2547 loquitur.
727 2505 788 2536 Ille
823 2516 916 2537 error

145 2552 225 2584 mihi
248 2549 381 2594 quidem
409 2549 475 2582 iam
497 2549 642 2581 sublatus
668 2551 724 2592 (sc.
746 2550 780 2582 in
803 2550 914 2582 omni-

145 2597 206 2630 bus
231 2596 418 2628 hominibus
444 2594 564 2633 doctis)
592 2594 734 2627 videtur.

211 2652 292 2683 quae
315 2644 380 2674 sine
402 2643 581 2681 corporibus
603 2651 658 2673 nec
684 2642 753 2681 fieri
772 2642 910 2683 possent]

143 2688 336 2721 Enuntiatio
355 2698 435 2728 quae
450 2706 494 2711 ——
507 2690 643 2727 possent,
667 2685 694 2717 si
713 2686 818 2730 ipsam
833 2698 912 2718 sen-

143 2733 324 2766 tentiarum
345 2733 509 2765 rationem
529 2739 715 2775 spectamus
728 2757 736 2771 ‚
762 2743 828 2764 non
852 2743 913 2764 co-

143 2779 260 2811 haeret
284 2791 358 2811 cum
377 2778 481 2811 verbo
503 2779 671 2819 fingerent,
695 2776 755 2809 sed
775 2777 913 2810 Cicero-

144 2824 194 2855 nis
212 2824 367 2856 iudicium
384 2823 549 2867 significat
567 2823 608 2855 de
623 2823 674 2861 iis,
700 2834 783 2866 quae
798 2822 913 2855 homi-

144 2879 203 2900 nes
214 2870 435 2912 superstitiosi
446 2870 620 2902 finxerunt.
641 2870 768 2901 Tamen
780 2869 912 2912 linguae

143 2912 267 2945 latinae
300 2915 506 2948 consuetudo
529 2914 656 2959 optime
686 2921 797 2947 tuetur
828 2914 912 2947 illud

139 2962 276 3000 possent.
320 2960 438 2993 Solent
472 2960 560 2994 enim
584 2959 697 2994 Latini
717 2960 910 3005 scriptores,

963 1184 995 1216 in
1021 1184 1135 1235 primis
1159 1183 1286 1216 Tullius
1311 1189 1446 1224 noster,
1472 1183 1737 1216 enuntiationem

962 1230 1095 1262 secund
1089 1242 1189 1261 iriam
1222 1240 1282 1271 per
1309 1240 1412 1280 genus
1437 1229 1611 1281 quoddam
1628 1235 1735 1262 attra-

965 1276 1083 1307 ctionis
1100 1275 1142 1307 ud
1156 1276 1297 1306 sormam
1312 1274 1380 1306 eius
1392 1274 1639 1315 enuntiationis,
1661 1286 1735 1307 cum

963 1333 1026 1364 qua
1049 1332 1193 1353 consoc1
1195 1328 1239 1352 ιιιι
1262 1326 1330 1360 (st,
1356 1320 1630 1362 accommodare,
1655 1320 1735 1353 licet

961 1367 1201 1399 sententiarum
1236 1345 1330 1398 ratio,
1352 1365 1387 1398 in
1413 1372 1552 1410 utraque
1577 1366 1734 1399 enuntia-

962 1412 1055 1445 tione
1080 1412 1209 1444 diversa
1233 1412 1286 1444 sit.

1029 1460 1155 1490 Homeri
1178 1478 1221 1482 —
1246 1456 1376 1500 νεκυία]
1414 1458 1463 1490 Ita
1485 1456 1662 1502 inscriptus
1684 1464 1736 1491 est

960 1503 1043 1535 liber
1059 1505 1107 1535 XI
1127 1504 1184 1547 (A)
1204 1503 1391 1546 Odysseae:
1416 1502 1449 1535 in
1470 1514 1535 1546 quo
1552 1503 1638 1537 libro
1656 1504 1732 1537 Uli-

959 1561 1015 1581 xes
1040 1549 1164 1581 inferos
1186 1549 1293 1581 adisse
1317 1555 1351 1581 et
1377 1561 1448 1581 cum
1475 1549 1598 1581 umbris
1622 1550 1732 1583 collo-

962 1602 1054 1627 cutus
1076 1608 1146 1627 csse
1167 1595 1231 1637 ling
1225 1595 1310 1626 ¹itur.
1361 1594 1412 1626 Cf.
1434 1595 1478 1627 N.
1497 1596 1535 1626 D.
1552 1596 1617 1634 III,
1647 1595 1698 1629 16.

1028 1652 1107 1681 quae
1121 1644 1299 1681 —Appius
1320 1652 1354 1673 ἠ
1341 1643 1560 1683 κρῡυαντεῖα
1580 1641 1732 1686 faciebat]

960 1686 1001 1718 de
1016 1687 1125 1718 Dixin.
1144 1688 1166 1718 l.
1181 1687 1235 1723 ὁῡ,
1258 1687 1339 1719 igi-2
1366 1685 1621 1729 psychomantia
1636 1686 1682 1729 (h
1699 1699 1730 1720 e.

958 1732 1052 1771 loca,
1090 1732 1144 1763 ubi
1167 1743 1279 1763 manes
1300 1731 1430 1763 evocati
1451 1743 1610 1775 responsa
1631 1731 1728 1776 dant)

957 1797 1020 1816 -—‚
1056 1778 1171 1821 quibus
1194 1777 1319 1820 Appius
1342 1777 1464 1809 amicus
1484 1789 1575 1810 meus
1597 1777 1644 1810 uti
1666 1789 1725 1811 so-

957 1823 1058 1855 lebat.
1073 1843 1117 1847 —
1130 1822 1306 1854 obscu1i11s
1323 1821 1449 1854 dictum
1470 1830 1520 1856 est
1537 1834 1618 1864 quae
1636 1835 1728 1868 νεκρ.

957 1871 1102 1910 faciebat.
1143 1868 1177 1900 Si
1195 1867 1380 1906 statuimus,
1400 1879 1522 1901 nomen
1543 1881 1730 1913 νεκρομαν-

956 1919 1032 1948 τεῖα
1053 1914 1085 1946 h.
1100 1913 1122 1946 l.
1149 1924 1214 1946 non
1240 1921 1308 1945 tam
1332 1913 1406 1945 loca
1428 1913 1636 1956 significare,
1673 1915 1730 1948 ubi

956 1972 1069 1992 manes
1084 1959 1215 1991 evocati
1228 1971 1387 2002 iesponsa
1400 1958 1492 1999 dant,
1513 1971 1611 2003 quam
1623 1972 1727 2001 sacra,

956 2017 1039 2049 quae
1073 2005 1116 2037 ad
1146 2017 1259 2037 manes
1286 2004 1477 2037 excitandos
1500 2005 1729 2057 excitatosque

955 2051 1176 2083 consulendos
1193 2050 1429 2082 instituuntur:
1452 2050 1558 2083 omnis
1577 2051 1729 2085 difficul-

955 2103 1006 2128 tas
1041 2097 1179 2129 tollitur.
1236 2098 1373 2129 Kernius
1402 2096 1522 2129 vertit:
1560 2099 1729 2131 Geisierbe·

952 2145 1187 2183 schweningen.

1022 2191 1135 2220 Averni
1148 2189 1252 2229 lacus]
1268 2189 1329 2227 „ln
1346 2187 1524 2231 Campania
1540 2199 1648 2233 prope
1662 2188 1725 2221 Cu-

953 2244 1033 2271 mas,
1060 2233 1152 2264 Baias
1176 2239 1210 2264 et
1230 2233 1384 2265 Puteolos
1407 2241 1478 2266 erat
1498 2237 1648 2266 Avernus
1670 2234 1724 2267 la-

955 2290 1022 2317 cus,
1042 2277 1260 2320 Proserpinae
1276 2290 1380 2317 sacer,
1405 2279 1494 2310 cuius
1513 2291 1618 2323 aquae
1636 2279 1723 2313 adeo

953 2330 1108 2366 putentes
1135 2329 1249 2362 erant,
1287 2329 1324 2354 ut
1347 2324 1624 2366 supervolitantes
1646 2337 1725 2358 aves

952 2368 1148 2400 deciderent
1179 2375 1339 2400 mortuae.
1396 2368 1448 2400 Ibi
1474 2369 1650 2402 descensus
1680 2370 1725 2404 ad

952 2414 1077 2445 inferos
1099 2413 1333 2446 credebatur.“
1378 2416 1518 2447 Neidius.

1022 2461 1108 2491 Unde
1132 2459 1272 2504 animae]
1307 2461 1392 2491 Sunt
1420 2459 1583 2493 trochaici
1612 2467 1724 2495 tetra-

950 2504 1048 2536 metri
1070 2505 1264 2537 catalectici.
1320 2505 1431 2537 Verba
1455 2508 1588 2542 obscura
1610 2510 1725 2540 umbra

949 2557 1042 2581 verte
1060 2553 1092 2582 in
1113 2553 1252 2583 dusterer
1268 2552 1536 2592 Schauenqestalt.
1573 2553 1611 2584 In
1631 2563 1724 2593 aper-

948 2599 977 2627 to
1010 2595 1121 2628 littera
1151 2607 1168 2628 ο
1204 2595 1237 2628 in
1259 2595 1348 2628 thesi
1369 2597 1531 2629 collocata
1565 2604 1643 2630 ante
1664 2610 1724 2630 se-

949 2650 1104 2684 quentem
1130 2641 1278 2673 vocalem
1300 2653 1420 2685 graeco
1450 2653 1545 2675 more
1569 2650 1723 2686 correpta

948 2693 1007 2717 est.
1058 2686 1149 2729 Virg.
1175 2687 1298 2730 Georg.
1316 2689 1348 2726 Ι,
1373 2687 1458 2720 281:
1486 2688 1539 2719 ter
1560 2694 1637 2720 sunt
1658 2689 1721 2721 co'-

947 2731 1016 2763 nati
1047 2731 1219 2774 impo'nere
1249 2729 1555 2765 Pe'lz'b'Ossan.11
1575 2745 1616 2774 α,
1640 2732 1720 2768 358.
1752 2774 1756 2778 .

946 2773 1057 2820 ημένῆ
1084 2776 1088 2821 Ι
1115 2776 1148 2810 ἐν
1174 2777 1360 2821 βένὲεσσιν.

1014 2825 1096 2863 falso
1113 2822 1280 2866 sanyuine]
1305 2821 1372 2855 Alii
1388 2821 1506 2866 legunt
1522 2825 1617 2856 salso.
1652 2823 1720 2857 Cur

944 2870 1074 2909 sanyuis
1095 2870 1198 2900 salsus
1221 2867 1369 2908 dicatur,
1406 2879 1507 2912 quum
1535 2868 1579 2900 sit
1599 2875 1720 2904 natura

945 2925 1003 2946 sua
1036 2912 1161 2952 dulcis,
1197 2913 1373 2946 obscurum
1405 2920 1468 2946 est.
1514 2913 1582 2947 Sed
1615 2915 1718 2948 etiam

945 2958 1035 3004 apud
1055 2958 1207 2993 Macrob.
1223 2960 1269 2994 V1
1281 2984 1290 3001 ,
1313 2959 1347 2993 2.
1370 2970 1410 2992 ex
1431 2959 1540 2994 Ennio
1567 2965 1603 2993 et
1625 2959 1716 3005 apud
