1843 3101
147 63 224 107 164
650 68 1222 112 LIBER11.24,59.25,60.

146 162 285 197 statem
316 154 381 195 illa
406 153 578 210 pericula
605 152 800 193 adeuntur
829 151 869 192 in
898 150 1080 207 proeliis,
1124 165 1202 192 non
1230 151 1405 192 sentiunt
1433 149 1511 192 viri
1537 150 1662 193 fortes
1690 150 1732 192 in

148 231 232 272 acie
264 229 455 279 vulnera,
500 227 564 268 vel
599 226 798 277 sentiunt,
844 226 913 267 sed
945 225 1043 266 mori
1073 225 1243 277 malunt,
1290 239 1403 280 quam
1441 230 1587 265 tantum
1617 225 1734 266 modo

894 306 963 342 59.
997 298 1214 355 Fulgentes
1243 299 1395 354 gladios
1430 298 1596 340 hostium
1623 299 1734 340 vide-

1286 372 1356 414 His
1387 373 1546 415 levabat
1578 386 1735 414 omnem

150 305 197 346 dc
226 302 426 357 dignitatis
457 302 581 356 gradu
613 300 831 341 demoveri.

148 380 241 420 bant
271 377 407 426 Decii,
453 390 569 430 quum
602 375 641 415 in
676 375 799 431 aciem
836 388 971 415 eorum
1002 374 1220 415 irruebant.

150 454 352 496 vulnerum
386 457 529 490 metum
572 449 753 489 nobilitas
785 449 923 489 mortis
957 455 996 489 et
1029 448 1171 503 gloria.
1242 445 1350 488 Num
1377 454 1457 488 turn
1493 447 1736 502 ingemuisse

150 524 460 581 Epaminondam
485 530 596 579 putas
613 555 623 574 ,
659 538 774 578 quum
798 537 874 564 una
900 537 985 564 eum
1011 523 1203 577 sanguine
1222 521 1342 562 vitam
1364 521 1522 562 effluere
1543 521 1736 562 sentiret?

151 603 403 655 imperantem
426 598 528 639 enim
554 597 716 653 patriam
738 596 1067 638 Lacedaemoniis
1091 595 1356 650 relinquebat,
1391 609 1505 650 quam
1527 601 1737 649 acceperat

150 675 405 715 servientem.
469 671 579 713 Haec
606 679 698 713 sunt
723 672 883 723 solatia,
920 672 1015 713 haee
1044 672 1215 711 l'omenta
1241 683 1482 710 summorum
1509 668 1704 710 dolorum.

263 745 404 788 XXV.

150 824 211 863 Ad
230 822 480 877 philosophos
501 835 561 861 me
581 832 763 869 revocas,
798 820 862 873 qui
884 819 922 859 in
944 819 1067 859 aciem
1089 834 1167 859 non
1189 832 1307 873 saepe
1328 818 1532 873 prodeunt.

467 752 538 787 60.
583 745 728 797 Dices,
773 746 863 800 quid
885 746 922 786 in
945 747 1068 801 pace?
1109 744 1198 799 quid
1225 744 1354 785 domi?
1396 743 1485 798 quid
1507 744 1546 784 in
1565 743 1738 785 lectulo?

1593 816 1627 858 E
1652 817 1738 873 qui-

149 898 220 938 bus
245 897 360 937 homo
387 909 481 936 sane
504 895 603 935 levis
619 927 628 945 ,
675 893 935 934 Heracleotes
957 891 1200 947 Dionysius,
1249 907 1363 947 quum
1386 907 1410 933 a
1431 891 1597 934 Zenone
1624 893 1737 934 fortis

150 984 239 1011 esse
266 970 487 1020 didicisset,
535 983 555 1009 a
588 968 756 1008 dolore*
788 968 976 1007 dedoctus
1008 973 1082 1006 est.
1145 965 1250 1006 Nam
1272 981 1386 1021 quum
1424 980 1476 1008 ex
1500 966 1660 1007 renibus
1681 967 1738 1008 la·

150 1046 306 1086 boraret
322 1076 332 1095 ,
367 1044 450 1099 ipso
474 1044 511 1083 in
537 1043 681 1082 eiulatu
705 1041 952 1092 clamitabat,
991 1040 1085 1080 salsa
1111 1054 1199 1081 esse
1223 1040 1310 1091 illa,
1345 1054 1443 1095 quae
1465 1048 1581 1082 antea
1602 1041 1648 1081 de
1668 1041 1738 1082 do-

154 1120 235 1159 lore
271 1119 354 1173 ipse
392 1118 599 1158 sensisset.
677 1116 803 1169 Quem
838 1130 951 1170 quum
988 1112 1203 1155 Cleanthes
1235 1115 1525 1170 condiscipulus
1557 1121 1735 1170 rogaret,

151 1207 341 1249 quaenam
360 1192 460 1232 ratio
478 1206 564 1232 eum
591 1191 636 1231 dc
656 1190 850 1232 sententia
873 1189 1125 1240 deduxisset,
1161 1189 1384 1244 respondit:
1421 1186 1585 1242 „Quia,
1620 1203 1737 1244 quum

153 1275 300 1308 tantum
328 1280 472 1320 operae
498 1264 764 1321 philosophiae
793 1264 1012 1315 dedissem,
1062 1263 1235 1304 dolorem
1261 1270 1392 1304 tamen
1415 1264 1519 1304 serre
1545 1278 1624 1305 non
1648 1277 1740 1319 pos-

156 1387 260 1419 euntla
276 1397 417 1430 persona
434 1384 606 1428 singularis
622 1383 823 1416 coniunctiri
837 1395 928 1415 usur-

156 1440 273 1477 patur,
300 1431 353 1463 nbi
376 1431 558 1462 subiectum
584 1430 695 1461 lictum
721 1440 929 1461 commemo-—

156 1485 257 1510 ratur.
309 1482 350 1509 At
371 1477 410 1508 V.
430 1478 483 1513 50,
505 1478 559 1508 ⁵5.
585 1483 701 1508 contra
724 1475 819 1507 codd.
845 1475 928 1507 scri-

156 1524 301 1555 bendum
324 1529 390 1554 est:
419 1524 525 1561 Quam
547 1533 645 1564 quum
666 1521 707 1553 ad
729 1521 855 1553 caelum
876 1532 929 1552 ex-

157 1572 308 1609 tulerunt,
333 1588 377 1592 ——
413 1568 539 1611 reliqua
560 1567 657 1599 facile
680 1573 730 1599 est
755 1574 929 1598 conterere

158 1622 257 1658 utque
283 1621 508 1646 contemnere.

213 1660 266 1694 59.
287 1663 491 1700 imperantem
504 1678 548 1683 —
561 1660 753 1690 servientem*
772 1657 931 1700 Expende

157 1705 344 1748 elegantem
372 1706 549 1737 verborum
573 1703 839 1736 collocationem.
888 1704 929 1736 V.

158 1751 200 1783 ad
227 1753 267 1783 Π.
294 1750 406 1792 4,11.

226 1799 377 1838 somenlaj
403 1796 472 1826 Fin.
489 1796 528 1827 ΙΙ.
545 1793 599 1834 29,
615 1795 679 1827 95:
703 1794 844 1832 virtutis,
862 1806 930 1825 rna-

157 1842 338 1885 gnitudinis
363 1841 481 1880 animi,
517 1839 718 1884 patientiae,
757 1839 931 1871 fortitudi—

157 1888 208 1919 nis
231 1890 374 1928 fomentis
396 1887 494 1919 dolor
518 1885 658 1928 mitigari
683 1886 779 1917 solet.

228 1933 306 1965 Cir.
328 1933 440 1964 XXV.
478 1932 531 1965 (it).
581 1934 729 1964 dedoctus
758 1932 815 1975 est]
852 1930 928 1962 Scil.

159 1978 257 2010 fortis
282 1990 361 2010 esse.
413 1978 504 2009 Haec
525 1983 574 2008 est
594 1977 780 2009 acutissima
803 1979 930 2009 Bentleii

160 2023 361 2055 emendatio.
398 2022 507 2065 Vulgo
524 2023 696 2065 legebatur
710 2025 861 2055 deductus
876 2027 930 2062 est,

160 2068 249 2113 quod
270 2069 304 2100 in
328 2068 479 2100 omnibus
505 2068 600 2100 codd.
626 2068 756 2110 legitur,
783 2068 930 2110 exceptis

158 2114 272 2158 paucis
293 2113 488 2157 quibusdam
509 2113 739 2150 deterioribus,
766 2114 819 2157 qui
835 2113 927 2155 glos-

157 2167 283 2193 semata
305 2161 436 2199 ductus,
470 2162 604 2198 evictus,
639 2161 784 2191 ‹terluctus
802 2164 844 2191 est
867 2159 929 2191 ha-

158 2206 250 2239 bent.
288 2205 402 2237 Paullo
422 2212 499 2247 post
517 2204 648 2247 quidem
670 2205 805 2247 legitur:
829 2216 929 2247 quae-

157 2263 234 2284 nam
257 2250 343 2283 ratio
375 2262 448 2281 eum
480 2249 521 2281 de
545 2250 708 2281 sententia
730 2252 932 2290 deduxissem

157 2297 218 2330 sed
238 2297 270 2329 h.
291 2296 313 2328 l.
350 2296 486 2327 verbum
515 2297 665 2327 deducitis
699 2299 741 2327 est
769 2296 927 2327 insulsum

157 2350 221 2375 est.
262 2342 385 2374 Contra
407 2341 541 2373 verbum
562 2342 708 2372 dedoctus
728 2345 770 2372 est
791 2341 928 2383 elegan-

159 2388 286 2421 tissime
317 2387 499 2431 opponitur
522 2385 734 2428 praecedenti
760 2388 927 2418 didicisset.

160 2434 214 2466 Cf.
237 2433 308 2465 Fin.
326 2434 351 2468 i.
372 2432 413 2466 ὃς
441 2432 468 2463 si
488 2444 506 2463 a
522 2431 690 2473 Polyaeno
711 2432 928 2474 geometriam

155 2481 274 2513 discere
290 2478 470 2511 maluisset.
489 2488 585 2521 quam
600 2476 690 2508 illam
708 2477 805 2508 etiam
821 2477 928 2519 ipsum

156 2527 316 2558 dedocere.
350 2524 404 2556 Cf.
422 2523 503 2555 Plat.
523 2522 611 2565 Hipp
637 2521 716 2553 Mai.
740 2534 760 2564 p
786 2522 861 2555 301.
878 2523 925 2553 D:

157 2571 213 2605 νῦν
246 2569 284 2605 δὲ
302 2568 394 2613 παρὰ
417 2569 475 2604 σοῦ
500 2564 571 2611 ἤδη
598 2563 928 2611 ἅνεδιδσῖχὲη-

199 2628 250 2650 εν.

162 2629 187 2659 μ
224 2672 262 2694 ex
280 2662 421 2704 renibus]
449 2660 563 2692 Cicero
585 2659 618 2691 h.
640 2658 661 2691 1.
686 2665 719 2690 et
739 2658 780 2690 ab
800 2657 872 2689 aliis
893 2664 926 2689 et

155 2718 175 2739 a
202 2719 237 2739 se
262 2708 335 2750 ipso
368 2705 539 2739 dissentit:
577 2715 653 2736 nam
685 2704 756 2736 Fin.
785 2704 833 2740 V,
869 2703 925 2735 31.

155 2752 220 2784 ait:
246 2755 340 2785 Nobis
362 2754 554 2785 Heracleotes
574 2753 625 2783 ille
646 2751 814 2789 Dionysius
833 2751 927 2790 fla9i-

156 2800 230 2830 tiose
257 2799 421 2831 descivisse
451 2800 575 2830 videtur
607 2806 626 2828 α
658 2797 768 2828 Stoicis
802 2798 929 2835 propter

155 2845 315 2876 oculorum
335 2846 483 2876 dolorem.
515 2842 568 2875 Cf.
584 2842 696 2875 Laert.
719 2840 765 2885 (in
777 2839 924 2883 Zenone)

156 2886 230 2919 Vll.
256 2891 285 2931 §.
299 2889 353 2923 37.
378 2890 408 2924 G.
425 2888 502 2928 166.

226 2933 328 2973 Quia,
358 2934 471 2979 quum]
506 2936 663 2968 Bentleius
694 2932 783 2965 hunc
815 2931 926 2963 locum

155 2976 203 3010 sic
240 2978 474 3022 corrigendum
508 2979 708 3012 arbitratur:
755 2978 928 3019 respondit,

966 1385 1146 1425 Quicunque
1170 1403 1213 1407 —
1237 1386 1390 1425 dedisset,
1415 1385 1553 1416 dolorem
1575 1387 1739 1416 ranien—

962 1434 1075 1470 posset,
1098 1433 1175 1462 salis
1193 1434 1269 1462 esset
1289 1437 1351 1462 etc.
1395 1422 1438 1461 At
1459 1428 1541 1460 nihil
1563 1429 1638 1461 loco
1661 1439 1740 1460 mo—

965 1475 1120 1506 vendum.
1170 1476 1304 1507 Scilicet
1338 1482 1416 1507 ante
1439 1486 1555 1507 vocem
1581 1476 1664 1514 Quia
1697 1485 1738 1506 ex

965 1520 1238 1552 antecedentibus
1281 1521 1380 1553 verba
1419 1520 1601 1563 repetenda
1639 1525 1737 1552 sunt:

964 1568 1039 1598 haec
1074 1569 1156 1599 ratio
1188 1577 1236 1598 me
1270 1568 1307 1598 de
1331 1569 1479 1599 sententia
1503 1567 1655 1606 deduxit,
1691 1565 1739 1598 ita

966 1612 1117 1655 quidem,
1155 1619 1191 1643 ut
1224 1612 1315 1644 loeus
1351 1612 1399 1644 sie
1428 1610 1639 1654 accipiendus
1673 1610 1736 1642 sit:

968 1657 1146 1700 Dionysius
1171 1658 1361 1700 respondit:
1404 1658 1493 1689 Haec
1517 1657 1602 1689 ratio
1621 1667 1674 1688 me
1695 1656 1737 1689 de

965 1703 1130 1734 sententia
1153 1702 1291 1734 deduxit
1308 1729 1314 1741 ,
1350 1703 1424 1746 quia
1439 1727 1446 1740 ,
1484 1713 1584 1746 quum
1607 1708 1739 1735 tantum

967 1760 1088 1791 operae
1111 1748 1342 1791 philosophiae
1366 1747 1553 1787 dedissem,
1580 1754 1613 1779 et
1636 1747 1737 1780 dolo—

965 1806 1034 1825 rem
1058 1801 1168 1825 tamen
1194 1794 1281 1825 ferre
1315 1805 1382 1826 non
1410 1804 1563 1837 possem,
1599 1791 1635 1824 id
1658 1793 1737 1825 satis

966 1847 1052 1871 esset
1077 1839 1280 1882 argumenti,
1318 1839 1440 1871 malum
1477 1850 1549 1871 esse
1572 1838 1736 1871 dolorem.

967 1885 1013 1916 Ex
1039 1885 1100 1917 hac
1125 1885 1254 1917 ratione
1274 1889 1378 1925 tamen
1401 1895 1463 1928 pro
1494 1888 1522 1916 et
1542 1888 1647 1916 tamen
1672 1895 1738 1928 po-

965 1930 1063 1961 situm
1086 1937 1157 1969 est,
1183 1937 1218 1962 ut.
1243 1930 1314 1962 Fin.
1331 1931 1371 1962 V.
1386 1932 1451 1969 52,
1477 1931 1538 1963 95:
1574 1929 1642 1970 „ibi
1666 1941 1739 1963 esse

965 1975 1096 2008 miseria
1131 1983 1165 2008 et
1190 1987 1344 2008 aerumna
1378 1986 1445 2008 non
1470 1975 1595 2018 possit,
1632 1979 1739 2009 tumen

966 2021 1060 2054 labor
1082 2022 1231 2065 possit,“
1265 2032 1453 2065 quanquam
1476 2021 1570 2053 huius
1591 2020 1659 2053 loci
1681 2032 1738 2054 ia-

964 2067 1013 2098 tio
1049 2067 1091 2099 ob
1118 2067 1378 2110 geminationem
1413 2066 1508 2099 verbi
1538 2069 1740 2111 (nonpossit,

963 2116 1073 2152 possm
1097 2120 1130 2145 et
1150 2113 1398 2156 oppositionem
1419 2112 1605 2156 negationis
1627 2121 1661 2145 et
1681 2112 1739 2145 af-

966 2158 1160 2190 firmationis
1186 2171 1251 2191 non
1274 2159 1372 2201 plane
1394 2169 1455 2202 par
1475 2164 1536 2190 est.
1585 2158 1740 2190 Ceterum

964 2203 1049 2235 duae
1072 2204 1321 2241 conclusiones,
1348 2204 1486 2236 eandem
1510 2203 1586 2236 illae
1605 2203 1740 2247 quidem

962 2250 1163 2281 sententiam
1185 2249 1404 2288 continentes,
1431 2249 1490 2281 sed
1510 2249 1648 2281 diversis
1667 2261 1740 2281 eam

963 2294 1069 2326 modis
1087 2295 1277 2333 afferentes,
1300 2294 1477 2326 offensioni
1491 2306 1562 2327 esse
1579 2306 1645 2327 non
1659 2306 1740 2338 pos-

963 2347 1050 2372 sunt.
1074 2340 1186 2372 Priora
1203 2339 1289 2371 enim
1307 2340 1424 2372 verba:
1452 2341 1535 2379 Quia
1552 2359 1599 2366 —
1615 2342 1736 2373 malum

962 2395 1026 2418 esse
1047 2388 1185 2418 dolorem
1202 2385 1377 2417 referenda
1398 2392 1475 2417 sunt
1495 2385 1538 2417 ad
1552 2386 1635 2417 illud
1648 2393 1738 2417 tem-

964 2443 1034 2473 pus,
1060 2443 1125 2474 quo
1153 2430 1328 2474 Dionysius
1353 2430 1479 2462 doloris
1509 2431 1541 2462 vi
1567 2436 1739 2474 permotus

962 2477 1049 2508 hanc
1074 2477 1236 2508 rationem
1275 2475 1437 2508 conclusit
1471 2475 1738 2520 sententiamque

963 2521 1108 2564 priorem
1131 2520 1270 2553 mutavit
1284 2547 1291 2558 ,
1314 2520 1500 2563 posteriora
1518 2520 1637 2553 verba:
1665 2523 1739 2561 plu—

959 2570 1056 2599 rimos
1077 2571 1182 2599 mitem
1200 2587 1243 2593 —-
1266 2569 1388 2598 molum
1415 2570 1457 2598 est
1475 2569 1572 2608 igilur
1588 2568 1677 2600 dolor
1696 2567 1740 2599 ad

961 2612 996 2643 id
1018 2619 1158 2656 ternpus,
1179 2623 1245 2655 quo
1262 2611 1437 2655 Dionysius
1453 2623 1545 2643 suam
1560 2610 1602 2643 de
1619 2611 1738 2645 dolore

961 2658 1159 2689 sententiam
1191 2665 1224 2689 et
1248 2668 1311 2700 qua
1335 2657 1377 2689 ad
1402 2667 1474 2689 eam
1497 2656 1660 2690 adductus
1693 2658 1738 2690 sit

960 2702 1123 2734 rationem
1149 2714 1221 2734 curn
1244 2702 1403 2735 Cleanthe
1424 2702 1656 2735 communicat.

1028 2758 1066 2780 ex
1085 2750 1250 2790 Epiyom'sl
1279 2749 1358 2780 Erat
1381 2747 1536 2792 Aeschyli
1553 2748 1738 2792 tragoedia,

963 2804 1059 2836 quam
1078 2793 1191 2825 laudat
1208 2793 1402 2825 scholiastes
1419 2793 1461 2825 ad
1476 2793 1608 2827 Pindar.
1625 2795 1741 2828 Isthm.

961 2840 1027 2877 VI,
1055 2839 1107 2873 10.
1134 2850 1272 2883 eamque
1295 2839 1428 2872 videtur
1451 2839 1570 2872 Accius
1601 2840 1636 2873 in
1669 2840 1741 2873 lin-

961 2896 1059 2928 guam
1085 2884 1223 2917 latinam
1248 2884 1399 2917 vertisse.

1029 2931 1181 2974 Audisne]
1219 2931 1281 2963 Est
1310 2930 1465 2964 trimeter
1488 2930 1651 2965 iambicus
1682 2930 1737 2964 vel

960 2988 1119 3010 senarius.
