1843 3085
164 40 250 86 342

168 135 297 168 Semele.
345 133 480 175 Cadmi,
516 133 708 167 Thebarum
729 132 838 176 reg-is,
862 131 940 172 filia,

216 191 256 212 ex
277 191 342 224 qua
360 180 488 224 Iupiter
508 178 674 212 Bacchum
693 177 884 222 progenuit.

168 227 357 267 Sempronia
376 228 436 259 lex.
474 224 553 258 Vid.
576 226 610 258 G.
632 226 754 266 Sempr.
769 225 941 258 Gracchus.

167 272 382 313 Sempronius.
427 272 459 313 a)
486 273 529 304 M.
547 272 752 312 Sempronius
767 271 944 302 Tuditanus

213 328 289 350 cum
321 316 460 349 Claudio
484 316 637 349 Centone
669 314 785 348 consul
815 312 894 348 241.
912 327 941 347 a.

215 362 292 395 Chr.
320 362 355 401 1,
379 362 412 395 3.
437 382 479 387 —
519 362 554 404 b)
579 364 720 394 Tiberius
739 363 944 403 Sempronius

213 409 374 441 Gracchus
397 419 426 440 v.
450 409 594 441 Gracchi.

165 454 314 493 Servilii,
350 464 473 486 nomen
495 453 640 486 familiae
662 452 772 485 multis
796 451 874 484 viris
895 451 941 483 il-

210 498 367 531 lustribus
389 499 516 539 clarae,
543 511 561 531 e
584 510 648 543 qua
672 511 703 532 v.
725 510 752 531 c.
780 497 837 529 Cn.
859 499 940 530 Ser—

210 543 308 577 vilius
334 544 459 589 Caepio
482 544 557 579 171.
580 556 610 577 a.
635 544 712 576 Chr.
735 543 870 584 consul,
896 544 939 584 Q.

211 591 306 623 Serv.
326 589 452 634 Caepio
472 590 546 625 107.
566 589 692 623 consul.
720 590 748 629 1,
773 590 824 623 13.

166 637 329 669 Servilius
376 637 407 678 a)
434 638 490 669 Cn.
508 638 662 669 Servilius
679 638 838 675 Geminus,
861 634 939 668 218.

210 693 240 714 a.
254 682 329 716 Chr.
345 681 459 714 consul
476 682 633 726 inpugna
644 681 687 714 ad
701 681 830 714 cannas
846 691 942 713 com-

212 728 311 760 missa
332 727 468 760 occidit.
488 728 517 767 1,
533 729 644 761 09.—
678 727 712 769 b)
738 729 775 768 Q.
788 728 941 760 Servilius

213 776 330 815 Caepio
351 773 384 806 in
410 773 601 817 direptione
623 773 769 806 Tolosae
801 783 941 812 „aurum

211 819 369 859 abstulit,
395 819 486 864 quod
506 819 715 862 sacrilegium
741 830 854 852 caussa
880 830 941 850 ex-

209 865 305 898 scidii
326 865 482 909 Caepioni
503 865 728 908 exercituique
751 865 819 896 eius
843 870 940 907 post-

211 923 251 945 ea
273 910 348 952 fuit,
368 919 405 944 ut
425 911 530 944 tradit
551 911 695 943 lustinus
709 911 858 946 ΧΧΧΙΙ,
883 909 941 942 3.“

210 961 334 998 „Anno
373 957 526 1001 proximo
563 967 663 1000 quum
695 956 754 987 Cn.
781 954 941 986 Manlium

212 1015 287 1037 eum
321 1003 460 1035 Cimbris
496 1003 705 1045 improspere
740 1007 943 1044 pugnantem

212 1049 432 1087 deseruisset,
457 1060 476 1080 a
498 1048 660 1080 Norbano
680 1046 736 1080 96.
749 1058 778 1078 a.
793 1046 868 1078 Chr.
882 1057 943 1078 ac-

213 1101 363 1134 cusatus,
389 1106 408 1127 a
430 1094 548 1139 Crasso
573 1093 707 1137 quidem
728 1092 897 1131 defensus,
924 1103 942 1123 e

213 1140 321 1186 patria
350 1147 462 1173 tamen
493 1139 619 1172 eiectus
639 1140 801 1183 Smyrnae
825 1137 942 1170 exula—

212 1187 296 1219 vit.‘⁴

168 1235 298 1268 Servius
318 1235 458 1274 Tullius,
483 1233 710 1265 Romanorum
732 1242 789 1262 rex
807 1230 941 1273 (581-

211 1279 289 1313 535.
306 1291 335 1312 a.
350 1279 454 1321 Chr),
474 1278 608 1322 gentilis
634 1276 815 1320 Ciceronis.
842 1277 872 1314 1,
886 1275 941 1308 ὃὸ.

168 1327 330 1366 Sicyonii,
367 1324 539 1369 Sicyonis,
576 1321 802 1366 Peloponnesi
837 1320 939 1361 urbis,

211 1370 354 1404 incolae.
387 1370 432 1412 3,
457 1370 512 1403 53.

168 1418 314 1457 Silenus,
349 1415 511 1448 educator
538 1422 574 1448 et
604 1413 776 1446 institutor
807 1411 940 1451 Bacchi,

213 1474 233 1495 a
253 1461 357 1501 Mida,
383 1460 548 1505 Phrygiae
567 1472 654 1504 rege,
678 1466 795 1503 captus
817 1459 859 1490 ab
881 1468 942 1490 eo-

213 1507 358 1552 demque
395 1507 526 1539 Baccho
562 1505 724 1539 redditus.
783 1505 846 1537 Pro
879 1515 943 1548 qua

213 1553 370 1586 missione
393 1552 540 1585 Bacchus
559 1551 674 1584 Midae
693 1550 877 1590 concessit,
907 1556 944 1581 ut

213 1599 275 1632 sibi
308 1598 453 1631 muneris
485 1597 612 1641 aliquid
645 1602 831 1640 expeteret.
879 1595 945 1628 Hic

215 1645 367 1690 optabat,
389 1651 436 1684 ut,
461 1643 620 1688 quicquid
638 1648 803 1686 tangeret,
827 1653 945 1674 aurum

214 1691 322 1724 fieret.
371 1692 531 1734 Optatum
559 1696 675 1722 nactus
703 1700 810 1732 paene
831 1687 944 1731 periit,

214 1737 278 1770 nisi
302 1736 450 1769 Bacchus
472 1747 547 1768 eum
567 1741 744 1768 servasset.

169 1784 367 1824 Simonides,
394 1781 459 1814 Cea
487 1781 585 1825 (Ceo)
601 1807 609 1819 ,
633 1780 740 1813 insula
763 1779 862 1812 maris
884 1791 944 1811 ae-

213 1829 287 1873 gaei
299 1855 308 1869 ,
337 1826 496 1861 oriundus
517 1829 559 1871 (c.
576 1825 655 1860 490.
669 1838 699 1859 a.
717 1825 820 1868 clm),
845 1828 947 1869 poeta

213 1874 359 1919 lyricus,
382 1873 462 1907 artis
483 1871 664 1905 memoriae
684 1872 851 1904 inventor.

169 1922 344 1962 Sisyphus,
380 1918 475 1952 Aeoli
498 1918 603 1959 filius,
640 1917 798 1951 conditor
832 1924 866 1949 et
886 1928 945 1950 rex

218 1966 383 2007 Corinthi,
407 1964 497 2009 apud
514 1964 642 1996 inferos
663 1975 778 1996 saxum
797 1963 831 1995 in
850 1974 944 1995 sum-

214 2023 305 2045 mum
326 2010 451 2044 montis
469 2011 632 2043 verticem
655 2009 780 2043 frustra
802 2008 946 2052 provol-

214 2069 295 2090 vere
315 2063 474 2096 conatur,
499 2056 542 2089 ob
566 2056 748 2100 Aeginam,
774 2054 880 2099 Asopi
902 2054 945 2086 fi-

216 2103 316 2143 liam,
352 2114 452 2147 quam
473 2114 492 2135 a
512 2104 593 2136 Iove
613 2113 684 2135 esse
704 2107 838 2146 raptam
858 2099 946 2145 patri

215 2148 391 2182 indicarat.

171 2197 318 2229 Socrates
341 2192 420 2228 471.
440 2204 470 2226 a.
493 2193 570 2228 Chr.
593 2200 690 2226 natus
713 2190 791 2228 403.
817 2191 946 2226 conde-

215 2246 348 2273 mnatus
368 2238 520 2272 moritur.

171 2288 346 2327 Socratici,
371 2284 518 2318 socratis
543 2284 708 2327 discipuli.
744 2284 787 2325 2,
815 2286 848 2318 ὅ.
868 2282 925 2318 62.

172 2334 247 2366 Solo
269 2333 312 2376 (c.
335 2330 415 2366 570.
432 2341 462 2364 a.
483 2329 590 2372 Chn).
626 2332 642 2363 1
657 2356 667 2372 ,
694 2330 770 2364 110.
797 2329 871 2364 117.

172 2379 362 2419 Sophocles,
384 2380 488 2422 poeta
507 2375 666 2418 tragicus.

171 2425 379 2465 Spartiatae,
403 2424 545 2466 Spartae
566 2420 708 2453 incolae.

174 2471 393 2511 Speusippus,
441 2466 662 2512 philosophus
675 2491 684 2506 ,
730 2465 879 2498 Platonis
910 2476 951 2497 ex

220 2525 340 2547 sorore
359 2525 488 2558 nepos,
523 2523 629 2546 annos
654 2517 733 2544 octo
758 2510 951 2554 platonicae

221 2559 358 2593 scholae
381 2558 540 2604 praefuit.
573 2558 613 2598 5,
637 2556 695 2592 30.
715 2554 770 2590 39.
793 2556 849 2590 87.

177 2608 360 2648 Sphaerus,
405 2606 558 2650 Bosporo
591 2602 741 2636 thracico
781 2601 953 2640 oriundus,

220 2651 443 2696 philosophus
474 2650 620 2688 stoicus,
661 2646 803 2682 Zenonis
841 2646 954 2679 Citfiei

222 2697 404 2742 discipulus
418 2709 426 2736 ;
442 2696 589 2741 primum
600 2693 866 2734 Lacedaemone,
883 2699 956 2725 tum

224 2742 448 2776 Alexandriae
471 2741 599 2775 docuit.

181 2790 323 2831 Statius,
347 2787 530 2828 caecilius,
554 2785 742 2820 Mediolani
760 2791 877 2825 natus,
901 2783 956 2816 la-

224 2834 315 2867 tinus
333 2838 438 2879 poeta
461 2833 628 2874 comicus,
651 2831 752 2866 Ennii
771 2838 806 2864 et
824 2832 958 2864 Teren-

225 2879 266 2912 tii
286 2879 470 2914 familiari&
521 2878 613 2912 Obiit
631 2890 661 2912 a.
678 2878 754 2912 170.
771 2889 802 2910 a.
820 2876 899 2909 Chr.

182 2927 301 2966 Stoici,
335 2925 616 2970 philosophorum
638 2930 751 2964 secta,
785 2922 876 2956 cuius
897 2933 957 2954 au=

229 2977 301 3003 ctor
337 2971 402 3005 fuit
438 2973 539 3005 Zeno.
605 2969 824 3005 Vocabantur
859 2967 905 3001 ita
941 2980 958 3001 a

731 52 879 85 INDEX
900 48 1184 84 HISTORICUS.

1023 127 1148 206 ‘³⁰35‘
1168 139 1198 160 e.
1222 127 1374 206 ροηὶιοιῖ),
1396 126 1433 160 in
1453 137 1553 172 quam
1571 126 1750 160 convenire

978 178 1449 263 Suzgrbgsessgeqffiniutngu
1476 217 1592 260 erbus,
1616 217 1672 261 qui
1691 227 1748 250 re-

1023 265 1139 309 gnavit
1157 264 1199 298 ab
1220 276 1309 298 anno
1328 261 1396 299 534
1417 275 1437 297 a
1482 262 1551 298 509
1564 274 1597 297 a.
1617 262 1694 296 Chr.

977 312 1157 352 Syracusae
1183 309 1276 355 (hod.
1299 309 1498 354 Siragossa),
1521 309 1600 342 urbs
1621 307 1749 342 insulae

1023 356 1318 435 {ssffrliffilp'mnium
1336 357 1540 389 Graecarum
1556 354 1658 399 longe
1674 353 1755 398 pul-

977 450 1096 489 Syria,
1121 448 1219 481 Asiae
1240 454 1340 482 terra.
1386 448 1495 491 Saepe
1522 457 1586 491 pro
1619 447 1750 488 Assyria
1792 474 1799 483 s

1021 493 1168 538 ponitur.
1204 493 1247 535 2,
1271 493 1326 528 61.
1357 494 1401 533 5,
1427 493 1503 527 101.

1347 575 1382 606 T.

979 631 1154 672 Tantalus,
1179 630 1262 662 filius
1281 629 1382 669 Iovis,
1407 635 1504 674 pater
1521 623 1669 673 Pelopis,
1691 638 1750 660 rex

1023 676 1188 720 Phrygiae
1200 701 1210 715 ‚
1233 675 1277 709 ad
1296 675 1410 720 epulas
1431 674 1572 708 deorum
1589 672 1752 708 admissus

1022 721 1222 755 insolentior
1252 723 1360 754 sactus
1386 728 1437 754 est
1471 727 1506 753 et
1530 719 1590 754 illo
1621 719 1753 753 honore

1021 767 1140 800 abusus
1160 768 1249 812 apud
1267 767 1394 800 inferos
1415 773 1579 811 perpetua
1598 765 1688 799 fame
1705 764 1750 798 si-

1023 812 1115 856 tique
1138 813 1314 846 cruciatur.
1346 813 1375 854 1,
1405 814 1457 846 10.
1490 811 1522 853 3,
1549 811 1604 847 26.
1635 808 1670 855 4,
1694 809 1751 845 35.

976 860 1163 900 Tarquinii,
1188 860 1264 892 urbs
1288 857 1454 891 Etruriae.
1489 858 1532 898 5,
1560 855 1635 892 109.

978 906 1191 945 Tarquinius,
1215 906 1246 947 a)
1271 906 1421 944 Priscus,
1445 903 1675 936 Romanorum
1694 913 1753 935 rex

1025 948 1251 992 (617—575.
1270 961 1300 982 a.
1321 948 1426 993 Chr.).
1462 949 1502 989 5,
1530 948 1606 982 109.
1632 967 1676 973 —
1712 947 1749 991 b)

1026 997 1208 1036 Superbus,
1254 994 1388 1028 ultimus
1424 994 1654 1027 Romanorum
1694 1004 1754 1026 rex

1027 1039 1108 1084 (534
1124 1060 1168 1066 —
1186 1040 1264 1075 509.
1287 1054 1317 1074 a.
1335 1039 1440 1084 cha).

980 1088 1128 1127 Telamo,
1170 1086 1254 1119 filius
1289 1086 1409 1127 Aeaci,
1451 1096 1509 1118 rex
1540 1083 1752 1127 Salaminius,

1025 1131 1114 1165 cuius
1136 1131 1193 1164 lilii
1216 1133 1347 1165 Teucer
1367 1139 1402 1165 et
1422 1130 1517 1164 Aiax.

979 1179 1160 1219 Terentius,
1186 1178 1318 1211 Publius
1338 1179 1478 1212 Terent.
1503 1176 1606 1217 Afer,
1630 1175 1753 1210 latinus

1023 1227 1126 1268 poeta
1154 1224 1300 1257 comicus
1324 1222 1405 1268 (192
1427 1240 1472 1248 —·
1496 1223 1570 1256 155.
1593 1234 1622 1255 a.
1650 1221 1754 1264 etun).

978 1271 1166 1312 Terinaeus,
1202 1270 1346 1310 Terina,
1382 1268 1498 1302 Italiae
1526 1267 1697 1301 inferioris
1716 1267 1751 1299 in

1022 1316 1160 1348 Bruttiis
1182 1316 1283 1356 urbe,
1311 1314 1481 1349 oriundus.
1517 1314 1556 1354 1,
1583 1314 1658 1348 115.

977 1363 1104 1403 Teucer,
1128 1361 1212 1395 filius
1232 1361 1425 1400 Telamonis
1446 1366 1481 1393 et
1500 1359 1608 1394 frater
1629 1358 1751 1392 Aiacis.

1023 1408 1122 1440 Pater
1145 1407 1218 1440 filiis
1243 1407 1287 1440 ad
1307 1407 1433 1440 bellum
1452 1405 1622 1439 troianum
1644 1404 1753 1450 profi-

1025 1453 1223 1486 ciscentibus
1239 1454 1349 1498 legem
1370 1451 1495 1497 posuit,
1518 1463 1562 1484 ne
1580 1450 1666 1484 alter
1683 1449 1754 1483 siue

1025 1499 1133 1532 altero
1169 1499 1304 1532 rediret.
1370 1500 1488 1543 Itaque
1522 1497 1613 1530 solus
1646 1495 1754 1529 redux

1025 1546 1173 1585 Teucer,
1199 1545 1310 1588 patria
1333 1556 1352 1578 a
1371 1551 1469 1589 patre
1486 1542 1618 1588 pulsus,
1644 1541 1753 1587 Apol-

1025 1589 1101 1624 linis
1123 1602 1286 1635 responso
1307 1602 1383 1624 cum
1402 1589 1502 1623 sociis
1525 1589 1673 1634 Cyprum
1692 1599 1754 1621 ve-

1027 1637 1076 1669 nit
1098 1637 1212 1681 ibique
1235 1637 1401 1670 Salamina
1423 1646 1546 1668 novam
1567 1633 1731 1668 condidit.

982 1683 1216 1724 Themistocles,
1251 1682 1503 1715 Atheniensium
1535 1680 1691 1725 princeps
1722 1685 1757 1712 et

1027 1727 1113 1768 dux,
1148 1729 1204 1773 qui
1227 1729 1342 1761 Persas
1373 1727 1417 1761 ad
1439 1726 1641 1761 Salaminem
1665 1723 1756 1770 (42:50.

1026 1786 1057 1807 a.
1077 1774 1167 1817 Chr.)
1189 1773 1366 1818 splendide
1389 1772 1527 1806 devicit.

982 1820 1186 1860 Theodectes,
1222 1818 1416 1860 Phaselide,
1452 1818 1534 1851 urbe
1563 1818 1598 1850 in
1630 1816 1756 1861 Lyciae

1028 1873 1064 1898 et
1082 1865 1296 1910 Pamphyliae
1315 1864 1460 1898 confinio
1479 1863 1561 1905 sita,
1584 1861 1755 1902 oriundus,

1030 1919 1164 1951 orator,
1189 1911 1372 1956 discipulus
1391 1909 1563 1951 Platonis,
1599 1907 1757 1943 Isocratis

1028 1965 1061 1991 et
1083 1957 1287 1991 Aristotelis.
1317 1958 1356 1997 1,
1383 1955 1438 1991 59.

982 2004 1182 2045 Theodorus,
1223 2002 1382 2048 Cyrenis,
1422 2012 1543 2047 graeca
1574 1999 1611 2033 in
1642 1999 1759 2033 Africa

1029 2049 1160 2084 colonia
1173 2074 1183 2089 ‚
1208 2048 1368 2082 oriundus
1381 2074 1389 2089 ,
1414 2046 1636 2092 philosophus
1656 2056 1758 2090 cyre-

1028 2097 1162 2134 naicus,
1197 2091 1303 2134 ἄθεος
1335 2094 1464 2134 dictus,
1508 2105 1528 2126 a
1549 2091 1758 2127 ‘Ptolemaeo

1028 2142 1114 2186 Lagi
1133 2142 1264 2185 legatus
1281 2139 1326 2173 ad
1346 2138 1604 2185 Lysimachum,
1639 2138 1757 2171 Mace-

1029 2188 1152 2221 doniae
1174 2198 1307 2230 regem,
1337 2186 1476 2227 missus,
1509 2184 1552 2218 ab
1573 2195 1615 2217 eo
1636 2183 1681 2217 ob
1702 2182 1759 2215 di·-

1030 2234 1128 2267 cendi
1144 2233 1336 2266 libertatem
1355 2230 1555 2265 interficitur
1576 2230 1619 2275 (c.
1635 2228 1715 2263 280.
1728 2240 1759 2261 a.

1033 2280 1137 2322 Chu).

984 2326 1235 2368 Theophrastus,
1258 2324 1381 2365 Ereso,
1405 2322 1510 2356 Lesbi
1528 2321 1622 2364 urbe,
1647 2319 1760 2354 oriun-

1029 2372 1111 2412 dus,
1136 2369 1360 2415 philosophus
1379 2367 1633 2415 peripateticus,
1661 2365 1761 2399 disei-

1030 2417 1127 2462 pulus
1149 2416 1299 2449 Platonis
1320 2423 1355 2448 et
1379 2413 1584 2448 Aristotelis.
1631 2412 1762 2456 Dioge-

1031 2475 1091 2496 nes
1109 2464 1222 2495 Laert.
1238 2463 1259 2496 5
1273 2487 1283 2503 ,
1307 2459 1364 2495 45.
1399 2466 1553 2494 recenset
1577 2469 1693 2492 omnes
1719 2456 1762 2490 ab

1032 2512 1083 2542 eo*
1095 2508 1239 2553 scriptos
1260 2507 1376 2544 libros,
1398 2506 1435 2539 in
1454 2505 1572 2550 quibus
1591 2510 1642 2538 est
1660 2502 1763 2536 etiam

1034 2566 1138 2596 unns,
1162 2552 1217 2598 qui
1240 2552 1432 2586 inscribitur
1451 2549 1708 2592 Καλλισθένης,
1735 2543 1761 2591 ἦ

1032 2600 1112 2643 περὶ
1130 2599 1294 2641 πένθους,
1330 2597 1387 2643 qui
1405 2597 1559 2631 miseram
1586 2593 1686 2630 amici
1712 2594 1763 2627 sui

1036 2643 1251 2679 Callisthenis
1273 2655 1391 2677 necem
1411 2642 1578 2686 deplorat.

991 2691 1197 2724 Theramenes
1208 2714 1219 2731 ,
1244 2689 1392 2724 Socratis
1409 2686 1602 2732 discipulus,
1626 2693 1662 2719 et
1680 2696 1763 2718 unus

1036 2735 1176 2780 triginta
1199 2742 1439 2779 tyrannorum,
1475 2732 1533 2778 qui
1554 2743 1656 2778 quum
1677 2731 1765 2765 resi-

1037 2789 1126 2815 stere
1149 2780 1253 2813 vellet
1274 2778 1464 2814 crudelitati
1486 2785 1676 2812 ceterorum
1697 2777 1766 2810 col—

1038 2829 1207 2872 legarum,
1232 2825 1268 2859 in
1288 2825 1404 2871 primis
1428 2824 1571 2866 Critiae,
1593 2824 1630 2858 in
1653 2822 1767 2857 odium

1041 2874 1126 2907 adeo
1148 2871 1286 2912 incidit,
1326 2878 1362 2903 ut
1383 2877 1556 2904 accusatus
1579 2880 1693 2904 coram
1711 2868 1767 2901 iu-

1043 2919 1131 2953 dicio
1156 2925 1314 2962 tanquam
1331 2928 1442 2950 rerum
1459 2927 1622 2951 novarum
1639 2913 1768 2948 studio-

1045 2977 1119 2998 sus.
1146 2964 1359 2998 damnaretur
1380 2962 1508 2996 mortis.

1834 2952 1839 2962 ι
