1843 3101
191 47 274 90 324

195 145 236 180 et
263 138 349 179 sine
377 137 570 179 varietate
599 134 775 175 colorum
811 132 955 174 licebat
988 133 1126 174 vivere
1151 132 1294 184 beate,
1339 132 1426 174 sine
1457 130 1620 174 notione
1644 147 1777 176 rerum

198 227 275 254 non
294 212 451 253 licebat.
513 209 645 263 Atque
680 209 742 249 liic
772 208 835 249 vir
853 207 1031 262 impediri
1053 207 1167 247 etiam
1189 206 1308 247 animi
1334 206 1460 247 aciem
1477 207 1664 262 adspectu
1683 223 1777 250 ocu-

197 287 321 328 lorum
347 284 636 334 arbitrabatur,
670 289 710 323 et
734 297 850 337 quum
871 282 934 322 alii
957 294 1075 336 saepe
1092 312 1103 332 ,
1150 281 1250 335 quod
1272 287 1362 321 ante
1384 280 1503 336 pedes
1524 270 1654 334 esset,
1699 297 1779 324 nou

445 358 509 398 ille
541 357 581 398 in
609 356 840 397 intinitatem
877 369 1032 397 omnem
1056 354 1407 411 peregrinabatur,
1448 362 1490 396 ut
1512 355 1620 399 nulla
1641 355 1681 396 iu
1706 369 1778 397 ex-

731 429 934 471 Traditum
957 437 1018 470 est
1040 429 1180 480 etiam,
1214 427 1431 469 Homerum
1454 442 1616 471 caecum
1637 429 1775 472 fuisse.

1237 501 1350 556 Quae
1377 503 1514 558 regio,
1557 517 1658 558 quae
1691 518 1776 555 ora,

197 581 261 636 qui
280 582 389 622 locus
407 579 627 631 Graeciae,
661 593 759 633 quae
778 579 930 634 species
952 579 1153 632 formaque
1175 590 1349 633 pugnae,
1384 590 1485 631 quae
1512 577 1618 618 acies
1633 610 1644 630 ,
1676 579 1778 633 quod

672 54 838 86 LIBER
862 50 994 93 v.39,
1023 52 1097 86 115.
1122 49 1187 93 40,
1215 50 1290 85 116.

198 361 401 409 viderent,

197 434 393 474 tremitate
417 432 669 473 consisteret.

195 507 251 548 At
282 507 366 548 eius
391 507 606 562 picturam,
650 520 729 546 non
766 505 901 560 po‘e'siu
924 537 934 556 ,
977 504 1171 546 videmus.

196 655 400 709 remigium
416 687 426 706 ,
460 654 522 709 qui
545 661 671 694 motus
696 653 911 703 hominum,
945 653 1008 707 qui
1036 654 1204 693 ferarum
1226 666 1304 692 nou
1327 653 1380 693 ita
1403 652 1584 708 expictus
1610 659 1687 704 est,
1717 660 1776 704 ut,

197 743 296 784 quae
319 729 402 784 ipse
427 743 505 769 non
532 728 700 777 viderit,
736 742 807 768 nos
831 735 873 768 ut
893 727 1144 777 videremus,
1180 726 1386 767 effecerit?
1425 724 1531 780 Quid
1557 728 1683 782 ergo?
1713 733 1780 768 aut

198 803 373 844 Homero
405 802 703 843 delectationem
746 802 863 842 animi
904 816 949 842 ac
980 801 1216 856 voluptatem
1255 808 1321 841 aut
1351 801 1533 856 cuiquam
1564 801 1679 842 docto
1712 801 1779 842 de-

1667 874 1778 916 Ana-
1830 906 1831 910 ,

196 966 371 1005 xagoras
394 957 459 991 aut
482 950 542 990 liic
566 950 649 1004 ipse
676 948 925 989 Democritus
949 962 1065 1003 agros
1091 955 1130 988 et
1156 947 1390 1002 patrimonia
1412 962 1483 989 sua
1507 948 1776 1004 reliquissent,

198 879 321 919 fuisse
352 891 518 931 uuquam
545 876 813 916 arbitramur?
856 882 950 915 115.
987 881 1077 924 aut,
1124 874 1161 914 ni
1190 875 1243 914 ita
1274 888 1317 915 se
1343 889 1408 916 res
1436 874 1624 926 haberet,

199 1026 285 1066 huic
311 1024 484 1065 discendi
509 1023 801 1078 quaerendique
831 1023 985 1063 divinae
1020 1022 1271 1063 delectationi
1305 1029 1386 1063 toto
1415 1036 1459 1063 se
1490 1022 1619 1064 animo
1651 1023 1781 1065 dedis-

197 1102 312 1141 sent?
384 1096 519 1152 Itaque
563 1112 751 1151 augurem
795 1096 1022 1147 Tiresiam,
1076 1111 1189 1152 quem
1232 1096 1448 1152 sapientem
1495 1097 1646 1153 fingunt
1687 1103 1780 1154 poe'-

1587 1170 1644 1213 At
1682 1186 1780 1214 vero

198 1247 481 1303 Polyphemum
528 1245 726 1287 Homerus
771 1261 887 1300 quum
925 1247 1135 1287 immanem
1181 1246 1385 1300 ferumque
1424 1245 1636 1298 finxisset,
1692 1261 1780 1288 cum
1840 1254 1841 1258 ’

199 1182 286 1224 tae,
346 1187 541 1226 nunquam
581 1173 770 1213 inducunt
811 1172 1079 1228 deplorantem
1121 1171 1352 1212 caecitatem
1390 1185 1516 1213 suam.

201 1322 322 1363 ariete
365 1321 481 1362 etiam
523 1320 810 1375 colloquentem
854 1320 947 1360 facit
985 1319 1148 1375 eiusque
1190 1320 1351 1360 laudare
1393 1320 1596 1372 fortunas,
1649 1321 1778 1376 quod,

200 1410 274 1450 qua
306 1395 449 1445 vellet,
497 1394 649 1449 ingredi
682 1400 816 1448 posset
845 1400 907 1444 et,
955 1408 1052 1448 quae
1085 1394 1230 1445 vellet,
1278 1394 1489 1449 attingere.
1557 1393 1686 1436 Recte
1717 1395 1780 1437 bic
1824 1380 1827 1394 ε

201 1470 371 1525 quidem.
442 1467 578 1510 Nihilo
620 1467 723 1509 enim
762 1475 848 1509 erat
884 1467 967 1523 ipse
1000 1466 1197 1524 Cyclops,
1248 1482 1369 1523 quam
1402 1468 1507 1510 aries
1546 1468 1636 1522 ille,
1688 1484 1778 1526 pru-

201 1544 370 1584 dentior.

311 1615 408 1657 XL.
457 1623 549 1657 116.
586 1613 630 1657 ln
657 1617 848 1657 surditate
874 1631 970 1658 vero
999 1617 1180 1672 quidnam
1208 1625 1269 1658 est
1290 1618 1411 1659 mali?
1451 1616 1552 1660 Erat
1572 1619 1779 1660 surdaster

196 1690 258 1733 Μ.
293 1689 489 1742 Crassus,

198 1773 241 1807 ut
257 1765 349 1806 mihi
369 1765 596 1817 videbatur,
637 1766 794 1806 iniuria.

198 1839 360 1881 Latine.

538 1691 607 1732 sed
639 1691 741 1731 aliud
774 1692 1000 1744 molestius,
1050 1692 1150 1747 quod
1185 1692 1286 1732 male
1324 1692 1528 1744 audiebat,
1575 1692 1694 1734 etiam
1724 1693 1775 1745 si,

857 1765 998 1807 Nostri
1025 1764 1180 1806 Graece
1199 1767 1283 1806 fere
1304 1766 1507 1818 nesciunt,
1541 1780 1615 1808 nec
1633 1766 1778 1808 Graeci

423 1838 533 1893 Ergo
557 1839 594 1880 lii
616 1839 655 1880 iu
674 1839 826 1880 illorum
849 1849 884 1881 et
910 1841 962 1881 illi
983 1841 1022 1880 in
1044 1840 1180 1881 horum
1201 1853 1385 1882 sermone
1406 1840 1530 1892 surdi,
1564 1855 1779 1897 omnesque

203 1954 262 1986 Gr.
285 1954 402 1986 Graec.
435 1955 476 1985 T.
497 1954 537 1984 Π.
572 1954 600 1996 ίῖ.
617 1953 702 1992 Τί,ί)
728 1955 759 1986 3
783 1955 806 1993 ἢ
842 1966 874 1998 1)
892 1952 970 1987 4²61.
1008 1954 1162 1986 confudit
1187 1966 1261 1986 cum
1282 1954 1334 1996 iis,
1359 1965 1444 1998 quae
1467 1954 1611 1988 fortasse
1634 1955 1777 1999 tragicus
1836 1958 1837 1962 ’

200 2000 251 2030 De
283 2000 410 2031 verbis:
436 2009 498 2031 non
518 2003 641 2039 poterat
663 2019 708 2024 —
730 2004 850 2041 poterat
874 2012 904 2031 v.
929 2000 971 2032 ad
1007 2000 1140 2044 quidam
1164 2007 1264 2043 poeta
1288 2000 1496 2044 Polyphemo
1517 2000 1661 2033 affinxit.

201 2045 258 2076 111.
279 2046 318 2082 ὁ,
343 2046 392 2077 11.

271 2092 336 2122 eius
352 2093 530 2130 picturam,
565 2101 626 2122 non
645 2092 768 2135 poesin]
806 2091 970 2122 Homerus

203 2145 254 2166 res
286 2141 378 2166 tanta
412 2135 550 2167 veritate
583 2136 760 2175 describit,
800 2143 834 2168 ut
860 2137 970 2168 omnia

203 2180 294 2223 quasi
319 2179 361 2211 'ul
382 2187 530 2212 naturum
562 2181 755 2213 adumbrata
780 2182 882 2214 oculis
907 2194 969 2213 no-

203 2225 280 2257 stris
302 2225 473 2256 vide-amm
496 2239 533 2257 c<
537 2239 573 2258 ns
579 2227 697 2281 picei-‚e
732 2228 820 2259 Hinc
840 2229 969 2259 Home—

202 2282 257 2303 rus
273 2271 306 2302 in
328 2270 525 2314 antiquitate
541 2284 556 2305 0
578 2270 632 2305 ἅο.
637 2283 712 2311 arog
729 2274 796 2306 τῶι
812 2273 969 2317 γραφέων

204 2315 631 2355 celcbiatur.l'110poe'sin
653 2317 686 2349 iu
707 2320 734 2349 G
740 2319 793 2350 ud.
808 2323 840 2350 Δ.
863 2319 969 2351 Rehd.

203 2361 318 2393 Duisb.
335 2368 368 2392 et
387 2368 422 2393 ut
438 2361 568 2392 videtui·
590 2364 755 2395 nonnullis
779 2364 850 2396 aliis
871 2365 968 2398 codd

205 2414 239 2439 et
262 2407 295 2439 iu
317 2407 392 2439 edd.
406 2413 488 2438 vett.
514 2419 615 2450 usque
636 2407 676 2439 ad
698 2410 734 2440 D.
757 2409 879 2452 legitur
896 2421 969 2450 poe—

204 2455 274 2485 sim.
320 2453 406 2484 Rara
425 2452 557 2496 quidem
586 2459 636 2483 est
663 2453 750 2495 apud
776 2455 970 2487 Ciceronem

206 2498 316 2530 forma
332 2497 513 2530 accusativi
530 2498 562 2530 in
581 2500 615 2530 in
634 2497 798 2537 desinens,
822 2507 857 2531 at
878 2501 970 2533 nullo

206 2543 309 2576 modo
330 2544 435 2576 ubivis
453 2550 569 2576 contra
589 2542 687 2575 codd.
708 2545 879 2577 tentanda.
916 2546 968 2579 Cf.

205 2600 267 2621 nos
288 2589 319 2621 in
344 2590 401 2621 Gr.
424 2590 462 2621 L.
485 2592 513 2633 §.
528 2590 583 2622 21.
607 2588 642 2630 d)
666 2601 698 2632 p.
714 2588 768 2622 34.
793 2590 846 2622 ed.
861 2594 891 2622 “Δ.

275 2635 348 2668 115.
372 2638 406 2667 ιιι·
427 2637 471 2666 ita
494 2645 525 2667 se
547 2645 596 2668 res
615 2633 751 2678 haberet]
777 2647 823 2667 sc.
848 2642 884 2667 ut
906 2635 969 2667 de-

201 2679 406 2712 lectarentur
426 2679 527 2712 docti.

270 2726 510 2769 Polyphemum]
537 2725 746 2770 Colloquium
764 2725 854 2758 inter
865 2726 970 2770 Poly-

202 2770 360 2814 phemum
384 2778 417 2803 et
447 2771 585 2803 arietem
613 2771 761 2803 habiturn
791 2771 912 2803 festive
934 2779 968 2804 et

203 2815 314 2859 lepide
346 2823 459 2848 narrat
482 2817 647 2849 Homerus
670 2817 787 2861 OdysS.
810 2829 840 2859 ι,
866 2815 942 2851 447.
958 2841 965 2857 ‚

202 2868 235 2892 at
257 2861 303 2893 ibi
324 2873 391 2894 non
415 2874 454 2894 ea
475 2862 650 2905 leguntur,
684 2874 768 2907 quae
788 2862 843 2894 hic
870 2874 965 2895 corn-

201 2915 363 2939 memorat
386 2907 513 2940 Cicero.
548 2909 664 2951 Itaque
687 2915 743 2941 aut
763 2907 964 2952 μνημονικὸν

199 2947 387 2994 ἁμάρτημα
407 2952 540 2986 admisit
558 2954 697 2993 Tullius,
722 2961 778 2988 aut
795 2953 963 2987 homerica

1073 2049 1198 2086 eiusque
1222 2048 1356 2078 laudare
1377 2048 1535 2089 fortunas]
1573 2048 1652 2080 Ter.
1672 2047 1775 2080 Andr.

1007 2092 1032 2122 Ι.
1056 2091 1084 2129 1,
1110 2091 1154 2124 69
1166 2103 1237 2134 sq.:
1263 2093 1349 2124 Tum
1367 2103 1433 2124 uno
1453 2102 1510 2124 ore
1531 2103 1645 2124 ornnes
1664 2093 1776 2126 omnia

1005 2137 1093 2168 bona
1129 2136 1240 2169 dicere
1277 2143 1311 2169 et
1343 2139 1476 2171 laudare
1501 2139 1646 2179 fortunas
1677 2149 1776 2172 meas.

1004 2183 1179 2214 Praeterea
1194 2182 1401 2215 observanda
1415 2190 1466 2215 est
1479 2184 1618 2216 mutatio
1629 2190 1775 2216 structu-

1005 2240 1078 2263 rae;
1115 2228 1258 2271 primum
1277 2228 1417 2260 dicitur:
1450 2231 1669 2270 colloquentem
1687 2231 1777 2271 facit,
1834 2270 1835 2274 Ἰ

1004 2272 1125 2305 deinde
1145 2275 1291 2314 laudare,
1313 2273 1368 2306 nbi
1390 2281 1562 2318 exspectes
1580 2277 1775 2308 laudantem.

1076 2320 1155 2350 Car.
1170 2320 1245 2351 XL.
1266 2319 1339 2353 116.
1364 2322 1446 2353 male
1468 2320 1632 2365 audiebat]
1657 2321 1776 2360 κακῶς

1003 2376 1108 2406 nxosz
1111 2377 1144 2403 ν,
1180 2364 1266 2397 mala
1288 2365 1442 2398 utebatur
1465 2365 1576 2398 fama:
1612 2365 1664 2399 cui
1688 2377 1771 2399 con-

1003 2410 1140 2442 trarium
1164 2416 1215 2442 est
1235 2411 1349 2449 καλῶς
1371 2407 1517 2451 ἀκούειν,
1541 2411 1628 2444 bene
1647 2411 1773 2444 audire.

1007 2455 1118 2509 Eurip.
1144 2455 1214 2488 Alc.
1241 2454 1318 2490 742.
1349 2456 1401 2488 ed.
1426 2458 1614 2490 Wustema
1655 2457 1775 2496 κακῶς

1003 2497 1109 2534 οἷκούε
1113 2513 1139 2535 ιν
1172 2513 1209 2535 ου
1245 2500 1340 2544 μέλει
1373 2500 1507 2536 ὕανόντι
1536 2513 1603 2546 μοι
1649 2502 1776 2536 Facete

1004 2553 1114 2578 autem
1137 2547 1254 2578 Cicero
1275 2546 1362 2580 hane
1379 2547 1584 2580 locutionem
1604 2558 1665 2590 per
1685 2559 1772 2600 oxy-

1003 2602 1123 2623 moron
1159 2592 1311 2625 adhibuit
1341 2592 1385 2624 ad
1418 2603 1512 2630 eum,
1550 2591 1607 2636 qui
1639 2592 1772 2626 auribus

1004 2636 1088 2668 male
1111 2637 1210 2669 audiv
1203 2637 1296 2677 erit,
1321 2641 1356 2669 ut
1368 2648 1476 2690 ‘supra
1499 2638 1529 2682 §.
1545 2638 1598 2671 1‘2.
1621 2636 1664 2670 de
1676 2634 1788 2671 Aust-.

1004 2680 1060 2713 dio
1083 2685 1344 2714 caeco:v1·debat
1366 2682 1400 2714 in
1422 2682 1555 2714 litteris.

1071 2731 1104 2758 ut
1126 2729 1204 2759 mihi
1225 2727 1404 2771 videbatur]
1441 2727 1519 2761 Scil.
1542 2735 1633 2768 tum,
1669 2740 1769 2773 quum
1795 2751 1801 2762 ί

1004 2770 1136 2803 Crassus
1167 2772 1276 2805 adhuc
1306 2772 1451 2806 vivebat.
1498 2773 1586 2807 Hinc
1604 2773 1787 2819 imperfe-‘

1002 2823 1089 2849 ctum
1114 2818 1260 2860 positum
1285 2825 1346 2850 est

1070 2866 1186 2896 Graece
1205 2882 1250 2888 —-
1267 2865 1425 2905 nesciunt,
1447 2874 1504 2898 nec
1517 2867 1631 2898 Graeci
1641 2867 1765 2909 Latine]
1794 2875 1816 2906 ᾗ

998 2907 1100 2941 Plane
1123 2915 1158 2941 ut
1182 2908 1706 2952 Academic.11.47,145·1ta
1728 2917 1767 2944 tn
1793 2937 1799 2941 .

998 2965 1097 2995 nuuc,
1117 2954 1245 2993 Catule,
1267 2954 1378 2988 lucere
1393 2957 1512 2996 nese-iu
1535 2966 1592 2990 nec
1602 2962 1653 2996 tu,
1671 2956 1764 2990 Hor-

1774 3066 1796 3101 ι’.
