1859 3117
1580 50 1629 92 51

254 141 368 186 Ultra
396 141 501 184 enim
539 155 616 196 quo
646 140 899 196 progrediar,
945 153 1058 195 quam
1100 146 1143 182 ut
1173 140 1260 181 veri
1290 138 1431 182 similia
1461 139 1631 193 videam,

659 60 828 93 LIBER
853 60 879 92 1.
904 58 946 102 9,
974 57 1027 94 13.

79 157 192 185 nens.

50 158 131 259 ilion
152 217 305 270 habene,
337 223 446 259 certa
479 215 610 257 dicent
631 215 685 267 ii,
719 214 784 269 qui
811 221 850 255 et
872 215 1018 270 percipi
1042 228 1088 256 ea
1110 228 1229 271 posse
1250 214 1383 256 dicunt
1399 246 1410 266 ,
1444 222 1483 256 et
1506 229 1550 256 se
1573 229 1636 257 sa-

50 291 203 348 pientes
227 305 318 333 esse
341 290 590 347 profitentur.
652 288 704 330 A.
737 287 824 340 Tu,
858 296 902 330 ut
924 289 1107 342 videtui-3
1141 304 1214 330 nos
1238 289 1286 331 ad
1314 289 1547 331 audiendum
1567 304 1635 346 pa-

16 352 25 358 *
364 371 433 408 18.
475 365 541 407 M.
573 363 688 406 Mors
715 364 837 419 igitur
871 363 982 419 ipsa,
1018 377 1117 418 quae
1149 364 1306 406 videtur
1335 364 1541 405 notissima
1568 378 1634 406 res

1016 438 1119 479 Sunt
1152 439 1279 490 enim,
1325 439 1390 494 qui
1418 439 1635 480 discessum

51 366 128 408 rati
149 380 300 408 sumus.

49 453 169 493 esse,
202 439 293 496 quid
327 440 402 493 sit,
435 440 602 496 primum
634 446 695 481 est
726 439 953 480 videndum.

48 513 166 555 animi
200 528 224 556 a
256 528 423 571 corpore
455 521 592 571 putent
630 527 720 555 esse
757 520 947 564 mortem3
1002 519 1116 564 sunt,
1168 514 1233 567 qui
1266 514 1427 555 nullum'>
1445 520 1637 555 censeant

47 587 134 629 fieri
157 588 400 642 discessum,
443 590 511 630 sed
536 603 612 630 una
637 588 810 629 animum
838 594 878 628 et
900 601 1042 643 corpus
1067 587 1270 639 occidere,
1318 588 1567 643 animumque
1592 589 1634 629 in

48 676 215 719 corpore
240 663 456 719 exstingui.
519 661 598 717 Qui
623 662 828 704 discedere
851 662 1022 703 animuin
1054 669 1240 713 censent,
1273 662 1337 702 alii
1365 663 1493 703 statim
1519 663 1634 704 dissi-

47 737 157 792 pari,
180 735 255 797 'alii
285 737 351 779 diu
379 751 636 794 permanere,
669 737 732 778 alii
761 750 932 791 semper.

46 817 115 852 aut
134 810 222 863 uhi,
255 818 322 853 aut
347 813 473 864 uude,
507 826 650 868 magna
667 805 868 853 'dissensio
894 819 970 853 est.
1032 811 1136 852 Aliis
1159 825 1229 851 cor
1250 810 1375 866 ipsum
1399 811 1550 853 animus
1575 814 1633 853 vi-

995 733 1101 789 Qnid
1125 736 1176 777 sit
1201 750 1319 791 porro
1353 736 1436 792 ipse
1463 738 1631 789 animus,

48 885 185 928 detur:
219 899 274 928 ex
296 902 371 942 quo
392 887 630 940 excordes,
661 887 890 938 vecordes,
922 886 1239 941 concordesque
1262 886 1459 937 dicuntur,
1489 893 1527 927 et
1546 885 1632 928 Na-

52 960 135 1002 sica
163 960 231 1002 ille
261 962 457 1017 prudens,
490 961 550 1003 bis
582 962 744 1013 consul,
785 960 1044 1013 Corculum,
1078 968 1118 1002 et

51 1057 206 1090 bestiae?
224 1068 286 1090 non
297 1057 411 1102 frigus,
427 1069 489 1091 non
501 1058 634 1097 famem,
653 1069 714 1091 non
727 1069 823 1090 mon·
858 1064 894 1090 ut
915 1069 977 1090 non
1008 1068 1097 1099 roges
1119 1057 1208 1090 idem
1233 1057 1305 1090 fere
1325 1058 1388 1099 sit,
1425 1057 1514 1102 quod
1536 1061 1631 1091 absci-

46 1103 178 1148 tivagos
212 1111 312 1147 atque
346 1104 516 1137 silvestres
551 1116 662 1137 cursus
697 1104 820 1135 lustra-

47 1148 221 1193 tionesque
240 1149 437 1192 patiuntur?
471 1161 533 1182 non
558 1162 619 1193 pro
644 1161 703 1181 suo
725 1157 821 1192 partu

21 1224 24 1226 ,
47 1214 95 1219 —-
116 1202 329 1239 propugnant
344 1194 417 1227 -ἲ
458 1196 512 1227 Sic
542 1195 575 1227 in
599 1195 819 1241 complurium

47 1239 349 1284 interrogationum
362 1241 613 1273 continuatione
627 1248 704 1285 post
720 1251 820 1273 nonne

7 1285 12 1287 ’
46 1285 173 1330 reliqua
190 1287 336 1319 membra
357 1299 419 1330 per
435 1298 497 1320 non
516 1287 749 1330 adiunguntur.
778 1287 818 1318 V.

43 1333 182 1365 Kiihner.
206 1333 247 1366 L.
272 1333 330 1365 Gr.
357 1334 482 1377 §.155,
506 1333 537 1367 3.
564 1334 594 1373 c)
627 1341 660 1364 et
683 1333 763 1364 Not.
787 1332 817 1365 Τ.

45 1375 166 1420 ltu-(142.
191 1378 244 1410 ed.
259 1377 292 1411 2.
315 1397 360 1402 —-
406 1382 472 1410 Aut
496 1391 569 1410 cum
588 1379 712 1411 affectu
734 1389 820 1421 quo-

45 1423 123 1456 dam
146 1424 200 1456 vel
220 1424 469 1468 impatientiae,
500 1425 557 1456 ‘vel
579 1424 818 1463 admirationis,

43 1469 100 1508 vel
127 1468 367 1513 indignationis
398 1470 555 1514 ponitur,
591 1471 639 1502 ita
673 1469 818 1514 quidem,

44 1521 82 1547 ut
102 1513 236 1547 alten‘us
259 1527 408 1548 assensus
439 1517 627 1560 postuletur
653 1515 820 1560 quodam—

44 1559 149 1593 modo
167 1568 268 1605 atque
287 1568 542 1605 extorqueatur,
566 1563 593 1594 is
615 1570 735 1599 autem,
763 1561 817 1605 qui

44 1606 249 1650 interrogat,
278 1607 387 1639 adhuc
412 1607 564 1651 dubitet,
587 1620 709 1640 numne
734 1607 819 1639 alter

43 1658 178 1696 praeter
200 1653 484 1696 exspectationem
511 1654 546 1685 in
569 1654 735 1686 sententia
761 1665 819 1685 sua

46 1699 276 1742 pei-mansurus
288 1699 341 1731 sit.
367 1702 446 1741 (Wie
457 1701 472 1731 ‚⁹
493 1702 536 1732 du
548 1703 642 1732 willsl
654 1702 738 1732 nicht
747 1720 793 1723 —
802 1701 818 1731 ¹?

43 1745 104 1776 dus
133 1748 220 1789 αξᾶνε
249 1746 426 1787 πιόριίοῆἳ)
465 1745 520 1778 Sic
542 1746 576 1778 h.
598 1746 620 1778 1.
659 1746 710 1778 Cf.
732 1746 821 1777 iufra

45 1789 88 1821 V.
112 1788 173 1829 14,
196 1790 260 1824 42:
295 1795 346 1823 An
368 1791 627 1824 Lacedaemonii
650 1812 695 1815 —
716 1802 822 1835 quae-

46 1834 214 1875 siverunt,
239 1847 318 1868 num
340 1848 377 1868 se
398 1845 486 1870 esset
507 1838 607 1870 etiam
630 1838 716 1870 mori
737 1849 817 1880 pro-

44 1880 206 1914 hibiturus
234 1883 292 1927 (sc.
312 1882 528 1927 Philippus)?
564 1884 614 1915 vir
638 1883 685 1920 is,
722 1895 820 1926 quem

46 1927 242 1970 quaerimuS,
266 1939 329 1961 non
348 1928 454 1960 multo
477 1929 605 1960 facilius
626 1929 686 1960 tali
708 1929 818 1960 auimo

44 1973 243 2015 reperietur,
269 1985 368 2017 quam
389 1974 504 2006 civitas
527 1973 706 2006 universa?
732 1974 818 2004 Mur.

44 2018 153 2059 XXI,
177 2016 240 2052 43:
278 2026 452 2062 acceptam
481 2019 634 2051 iniuriam
663 2017 818 2062 persequi

43 2073 110 2097 non
131 2064 269 2107 placet?
307 2066 414 2096 Immo
450 2065 666 2096 vehementer
696 2064 819 2107 placet.

47 2108 98 2140 Cf.
134 2111 274 2142 Kfflmer.
306 2109 341 2141 in
363 2111 420 2141 Gr.
445 2111 484 2141 L.
515 2110 632 2145 clos.
666 2111 749 2142 Not.
767 2110 818 2142 10.

44 2165 80 2198 p.
93 2151 178 2186 444.
195 2154 248 2187 ed.
267 2156 300 2187 2.
336 2154 412 2187 Pari
433 2149 535 2188 modo
551 2155 670 2188 Graeci
691 2155 818 2195 dicunt,

45 2205 83 2231 ut
104 2195 144 2234 oti
162 2203 376 2243 περιμενεῖςς
400 2201 440 2233 V.
464 2212 526 2233 nos
544 2201 577 2233 in
593 2202 738 2234 Gramm.
759 2202 817 2234 Gr.

44 2243 150 2278 schol.
176 2246 305 2289 (3:255,
329 2245 362 2278 4.
387 2246 562 2291 p 296sq.
588 2247 639 2281 ed.
662 2248 694 2280 2.

58 2299 64 2303 ³
113 2291 290 2331 Superbum
320 2293 356 2324 id
387 2294 513 2332 quidem
545 2294 603 2335 est]
639 2293 717 2324 Scil.
750 2304 820 2325 non

42 2335 248 2379 respondere
269 2337 310 2369 ab
333 2338 441 2370 altero
462 2338 713 2382 interrogatum.
752 2336 819 2371 Ce—‘

43 2386 153 2414 terum
172 2389 236 2426 pro
266 2387 310 2415 est
335 2395 375 2415 ex
395 2391 531 2417 nostrae
552 2384 684 2428 linguae
705 2384 820 2417 indole

44 2435 275 2470 exspectamus
307 2434 394 2462 esset.
450 2431 490 2462 V.
521 2430 613 2462 adl.
641 2428 706 2469 49,
743 2430 818 2464 116.

43 2471 96 2505 De
117 2484 192 2506 voc.
215 2477 382 2517 superbum
407 2471 626 2519 (ὑβριστικόν)
651 2476 695 2508 cf.
717 2476 821 2508 Acad.

43 2518 87 2550 Π.
109 2517 174 2558 29,
199 2518 262 2553 94:
287 2520 315 2552 si
341 2520 462 2560 habes,
488 2522 577 2565 quod
603 2522 737 2566 liqueat,
767 2532 821 2554 ne-

42 2573 102 2604 que
118 2567 298 2606 respondes,
321 2570 472 2607 superbis.
497 2567 540 2599 ad
558 2567 634 2600 Div.
653 2569 677 2606 Ι,
700 2567 759 2600 1οε
785 2574 821 2599 te

43 2611 210 2650 superbum
231 2622 303 2643 esse
325 2611 459 2651 dicunt,
484 2613 575 2657 quod
595 2615 673 2645 nihil
694 2623 821 2654 respon-

43 2654 132 2688 deas.
179 2657 229 2688 De
251 2668 326 2690 voe.
358 2660 484 2698 quidem
518 2659 562 2692 cf.
584 2658 755 2691 Adnotata
777 2660 820 2692 ad

44 2709 74 2731 c.
94 2699 159 2740 25,
183 2700 240 2735 61.

110 2749 195 2779 mlo
213 2758 277 2780 nou
292 2748 397 2792 roges]
418 2749 558 2781 Constat
575 2750 718 2794 quidem,
740 2757 820 2794 post

0 2793 1 2807 ³
44 2787 148 2840 vei-lya
160 2791 299 2842 yolendi
319 2794 413 2838 sequi
434 2805 491 2834 ne,
519 2796 593 2839 quia
616 2796 820 2840 prohibendi

45 2839 139 2867 nouo
157 2847 194 2868 ιιι
216 2837 378 2872 eiusmodi
399 2841 576 2873 enuntiatis
601 2841 706 2882 inest,
732 2849 767 2874 at
785 2842 820 2875 h.

44 2877 68 2911 l.
92 2878 207 2930 §icero
239 2884 422 2918 rectissime
460 2886 594 2930 scripsit
624 2899 686 2921 τιοτι
719 2898 820 2929 reyes,

46 2924 235 2975 qma-haec
261 2930 363 2963 verba
397 2933 553 2976 opposita
575 2940 653 2965 sunt
681 2940 819 2966 antece-

45 2968 202 3004 dentibus
225 2975 252 3006 si
275 2977 304 3007 te
325 2986 562 3020 royavero,
595 2979 644 3012 ita
674 2978 818 3023 quidem,

855 1115 932 1137 neas
954 1106 1106 1145 royando'.

928 1150 1005 1181 CAP.
1028 1150 1087 1181 IX.
1117 1160 1198 1181 unus
1221 1160 1236 1181 e
1259 1149 1379 1193 mullis]
1418 1146 1467 1187 εἷς
1491 1149 1523 1183 ἐν
1547 1152 1630 1184 :ak-

856 1196 944 1233 >.0?:,
979 1195 1027 1227 sic
1048 1205 1130 1227 unus
1153 1198 1319 1227 mullorum
1334 1221 1342 1234 ,
1365 1206 1447 1227 unus
1467 1197 1505 1227 cle
1525 1199 1631 1228 winilis

855 1241 985 1279 dicitur,
1012 1240 1066 1284 qui
1085 1252 1152 1271 non
1172 1248 1220 1272 est
1240 1241 1390 1277 eximius.
1413 1241 1467 1284 qui
1488 1243 1574 1274 nulla
1594 1254 1630 1273 re

853 1286 954 1329 vulgo
975 1286 1156 1318 antecellit.
1183 1288 1273 1317 Brut.
1302 1298 1328 1318 c.
1352 1286 1414 1325 79,
1441 1287 1528 1320 274:
1565 1288 1630 1327 Qui

854 1344 921 1364 non
945 1333 1009 1364 fuit
1029 1339 1143 1364 orator
1165 1343 1246 1364 unus
1265 1342 1279 1364 e
1300 1334 1415 1371 mullis,
1440 1333 1552 1375 potius
1574 1333 1629 1365 in-

853 1385 906 1410 ter
928 1378 1050 1410 multos
1071 1389 1176 1420 prope
1195 1378 1368 1420 singularis
1387 1378 1460 1409 fuit.
1509 1380 1629 1411 Horat.

855 1426 922 1455 Sat.
941 1425 966 1455 Ι.
988 1425 1019 1461 9,
1038 1424 1077 1457 'il
1095 1436 1100 1454 :
1127 1425 1208 1455 Sum
1223 1424 1336 1467 paullo
1356 1423 1527 1466 infirmior,
1549 1436 1630 1458 unus

854 1472 1034 1502 Multorum.

919 1517 1096 1556 probabilia
1118 1517 1294 1547 coniectura
1313 1517 1455 1558 sequensJ
1482 1515 1524 1548 de
1541 1519 1630 1549 Aca—

853 1561 1058 1594 demicorum
1077 1561 1217 1592 ratione.
1266 1562 1305 1593 Y.
1326 1562 1511 1604 Prolcgom.
1534 1562 1576 1594 ad
1596 1563 1629 1594 h.

852 1607 957 1639 libros
988 1619 1015 1639 c.
1040 1609 1080 1639 ΙΙ.
1115 1615 1148 1638 et
1180 1607 1254 1638 libr.
1280 1608 1313 1639 d.
1345 1610 1382 1639 de
1410 1610 1472 1640 Cic.
1497 1611 1530 1639 in
1551 1611 1629 1648 phil.

853 1656 953 1686 merit.
973 1665 1006 1696 p.
1018 1652 1181 1691 66—74,
1210 1653 1265 1684 ubi
1282 1654 1556 1685 Academicorum
1572 1654 1630 1684 Ci-

856 1699 1051 1742 ceronisque
1075 1699 1338 1742 philosophandi
1362 1699 1527 1731 rationem
1557 1699 1630 1731 fuse

855 1753 1018 1790 persecut]
1044 1756 1166 1775 sumus.

924 1796 1008 1823 ceria
1032 1789 1147 1833 dicenl]
1173 1792 1263 1821 Zeno
1285 1789 1390 1829 euim,
1426 1789 1552 1822 stoicae
1576 1790 1630 1822 di-

856 1837 1016 1880 sciplinae
1034 1842 1160 1872 auctor,
1181 1834 1369 1878 sapientem
1384 1835 1432 1867 ita
1453 1837 1632 1868 eti‘ormare

855 1883 1010 1919 volebat,
1048 1881 1101 1924 qui
1127 1892 1295 1924 nunquam
1320 1881 1511 1921 falleretur,
1548 1881 1633 1914 nihil

856 1927 1068 1970 opinaretur,
1102 1926 1160 1958 sed
1181 1926 1290 1958 omnia
1315 1927 1454 1959 iii-miter
1475 1928 1577 1959 sciret
1598 1934 1633 1960 et

854 1972 887 2004 in
905 1972 1053 2004 sensibus
1069 1984 1250 2016 eorumque
1268 1973 1461 2005 notionibus
1479 1974 1548 2005 veri
1564 1974 1632 2006 fal-

854 2018 947 2062 sique
968 2025 1084 2050 notam
1103 2018 1208 2050 inesse
1230 2026 1403 2051 statueret.
1451 2021 1491 2050 V.
1514 2032 1574 2052 nos
1597 2020 1631 2051 in

853 2064 940 2096 libro
965 2064 997 2096 d.
1022 2077 1057 2108 p.
1075 2064 1280 2097 151—10‘3.

925 2113 989 2151 Tu,
1024 2114 1057 2142 ut
1080 2109 1217 2153 viderur]
1254 2111 1295 2142 H.
1316 2123 1344 2143 e.
1368 2118 1406 2143 tu
1429 2118 1560 2152 statue,
1595 2119 1632 2144 ut

853 2155 915 2188 tibi
946 2155 1090 2189 w'detur.
1137 2156 1236 2188 Plura
1265 2156 1416 2189 dedimus
1450 2158 1485 2189 in
1510 2159 1568 2190 Gr.
1588 2159 1630 2190 L.

856 2200 971 2246 §.tot
993 2213 1023 2233 a.
1045 2214 1077 2245 p.
1090 2199 1168 2235 457.
1191 2201 1243 2233 ed.
1265 2205 1296 2234 2.

925 2247 977 2281 18.
1003 2249 1175 2280 discessum
1199 2250 1299 2291 unjmi
1323 2259 1342 2280 a
1367 2250 1509 2293 corpore]
1545 2250 1630 2282 Plat.

853 2293 1024 2325 Phaedon.
1048 2305 1081 2337 p.
1094 2292 1150 2326 64.
1173 2293 1217 2325 C:
1240 2293 1327 2336 'Apu
1347 2294 1396 2338 μὴ
1416 2292 1496 2330 ἄλλῃ
1517 2308 1550 2329 τ’.
1572 2298 1631 2338 (se.

853 2336 1038 2383 ἦγούμεὲα
1070 2337 1128 2372 τὸν
1162 2336 1304 2374 ξένα-,ον
1339 2339 1435 2383 etum}
1449 2367 1457 2381 ,
1494 2337 1520 2385 ἦ
1555 2339 1632 2383 τῆν

854 2386 937 2429 τῆς
980 2385 1134 2429 ψυχῆς
1178 2382 1262 2420 ἀπὸ
1305 2388 1381 2421 τοῦ
1421 2384 1633 2431 σώματος

855 2427 878 2465 οἶ
887 2443 911 2464 τ.
923 2443 945 2464 α
957 2433 974 2464 λ
983 2433 1002 2464 λ
1012 2443 1033 2464 α
1043 2443 1064 2473 γ
1075 2429 1097 2473 ἤ
1110 2444 1125 2463 ν
1139 2443 1147 2470 ;

925 2479 982 2509 ulii
1014 2479 1070 2509 diu
1106 2477 1303 2521 permanere]
1349 2480 1408 2511 Est
1445 2478 1634 2510 Stoicorum

855 2522 1034 2554 sententia.
1084 2522 1180 2565 Diog.
1203 2523 1244 2553 L.
1263 2525 1346 2563 VH,
1376 2525 1454 2556 156:
1493 2520 1631 2565 ψζιυχῆἣ

856 2565 940 2602 εἶναι
962 2566 1001 2602 τὸ
1023 2567 1178 2611 συμφυὲς
1203 2565 1287 2611 ἡμῖν
1312 2569 1463 2611 πνεῦμα,
1498 2566 1549 2602 διὸ
1575 2565 1634 2600 καὶ

1535 2611 1632 2646 ἐπι-

857 2615 959 2656 σῶμα
978 2611 1072 2653 εἶναι,
1099 2613 1158 2648 καὶ
1181 2613 1295 2656 μετὰ
1320 2616 1340 2648 2-
1353 2613 1398 2648 ἀν
1412 2625 1510 2646 ατο-ψ

857 2660 1034 2703 μένειν,
1061 2658 1241 2703 <piace-c]
1257 2673 1271 2693 ν
1297 2660 1344 2693 δὲ
1370 2657 1500 2692 εἶναι.

921 2716 973 2738 cor
987 2708 1092 2746 ipsum
1109 2705 1249 2749 animus]
1268 2704 1438 2737 Aristotel.
1455 2703 1496 2734 de
1511 2702 1632 2745 partib.

855 2751 1064 2790 animalium,
1090 2751 1148 2783 lib.
1169 2752 1227 2782 ΙΙΙ.
1253 2763 1285 2793 p.
1301 2752 1352 2782 5-3.
1379 2749 1430 2779 ed.
1456 2749 1631 2792 Sylburg.:

855 2795 888 2830 ἐν
910 2791 936 2840 ᾗ
963 2798 1020 2841 «τῇ
1045 2796 1182 2840 καρδίᾳ.)
1300 2792 1410 2838 darm
1436 2805 1546 2838 φαμεν
1571 2795 1635 2837 τῆς

857 2843 952 2886 ζωῆς
983 2842 1042 2877 καὶ
1072 2839 1189 2884 πάσης
1217 2838 1387 2883 κιντζσεως
1420 2839 1485 2874 καῖ
1509 2838 1635 2885 dioffi-

857 2899 956 2926 σεως.

926 2933 1114 2975 Corculum]
1155 2930 1311 2963 Nasicam
1346 2931 1413 2964 hoc
1449 2943 1635 2976 cognomen

854 2979 1027 3021 habuisse,
1054 2978 1168 3010 Cicero
1187 2976 1287 3008 etiam
1305 2977 1397 3012 Brut.
1416 2978 1471 3020 ¹20,
1495 2977 1552 3014 79.
1573 2980 1628 3019 58,

1230 3033 1297 3075 4*
