<?xml version="1.0" encoding="UTF-8"?>
<!DOCTYPE html PUBLIC "-//W3C//DTD XHTML 1.0 Transitional//EN"
    "http://www.w3.org/TR/xhtml1/DTD/xhtml1-transitional.dtd">
<html xmlns="http://www.w3.org/1999/xhtml" xml:lang="en" lang="en">
 <head>
  <title>
</title>
<meta http-equiv="Content-Type" content="text/html;charset=utf-8" />
  <meta name='ocr-system' content='tesseract 3.04.00' />
  <meta name='ocr-capabilities' content='ocr_page ocr_carea ocr_par ocr_line ocrx_word'/>
</head>
<body>
  <div class='ocr_page' id='page_1' title='image "./tusculanarumdi00ciceuoft_0041.png"; bbox 0 0 1859 3117; ppageno 0'>
   <div class='ocr_carea' id='block_1_1' title="bbox 681 73 1652 115">
    <p class='ocr_par' dir='ltr' id='par_1_1' title="bbox 681 73 1652 115">
     <span class='ocr_line' id='line_1_1' title="bbox 681 73 1652 115; baseline 0.003 -3"><span class='ocrx_word' id='word_1_1' title='bbox 681 79 1033 114; x_wconf 78' lang='lat' dir='ltr'>PROLEGOMENA.</span> <span class='ocrx_word' id='word_1_2' title='bbox 1602 73 1652 115; x_wconf 83' lang='lat'><strong>31</strong></span> 
     </span>
    </p>
   </div>
   <div class='ocr_carea' id='block_1_2' title="bbox 110 163 1663 919">
    <p class='ocr_par' dir='ltr' id='par_1_2' title="bbox 179 163 1662 564">
     <span class='ocr_line' id='line_1_2' title="bbox 183 163 1657 215; baseline -0.002 -8"><span class='ocrx_word' id='word_1_3' title='bbox 183 170 372 207; x_wconf 82' lang='lat' dir='ltr'><strong>animum</strong></span> <span class='ocrx_word' id='word_1_4' title='bbox 397 164 588 203; x_wconf 63' lang='lat' dir='ltr'><strong>divinum</strong></span> <span class='ocrx_word' id='word_1_5' title='bbox 620 163 792 208; x_wconf 78' lang='lat' dir='ltr'><em>tribuit,</em></span> <span class='ocrx_word' id='word_1_6' title='bbox 824 167 1009 201; x_wconf 79' lang='lat' dir='ltr'><strong>omnium</strong></span> <span class='ocrx_word' id='word_1_7' title='bbox 1029 165 1380 215; x_wconf 67' lang='lat' dir='ltr'><strong>perfectissimum</strong></span> <span class='ocrx_word' id='word_1_8' title='bbox 1404 179 1490 202; x_wconf 71' lang='lat' dir='ltr'><strong>esse</strong></span> <span class='ocrx_word' id='word_1_9' title='bbox 1511 167 1657 204; x_wconf 66' lang='lat' dir='ltr'><strong>voluit.</strong></span> 
     </span>
     <span class='ocr_line' id='line_1_3' title="bbox 182 232 1660 286; baseline -0.001 -10"><span class='ocrx_word' id='word_1_10' title='bbox 182 240 341 276; x_wconf 85' lang='lat' dir='ltr'><strong>Summa</strong></span> <span class='ocrx_word' id='word_1_11' title='bbox 361 232 688 286; x_wconf 74' lang='lat' dir='ltr'><strong>auten1l1on1inis</strong></span> <span class='ocrx_word' id='word_1_12' title='bbox 709 232 902 284; x_wconf 82' lang='lat' dir='ltr'>perfectio</span> <span class='ocrx_word' id='word_1_13' title='bbox 922 234 1051 284; x_wconf 84' lang='lat' dir='ltr'><strong>posita</strong></span> <span class='ocrx_word' id='word_1_14' title='bbox 1070 240 1128 271; x_wconf 91' lang='lat' dir='ltr'><strong>est</strong></span> <span class='ocrx_word' id='word_1_15' title='bbox 1147 233 1190 271; x_wconf 87' lang='lat' dir='ltr'><strong>in</strong></span> <span class='ocrx_word' id='word_1_16' title='bbox 1215 233 1390 285; x_wconf 80' lang='lat' dir='ltr'><strong>perfecta</strong></span> <span class='ocrx_word' id='word_1_17' title='bbox 1411 240 1553 282; x_wconf 88' lang='lat' dir='ltr'><strong>mente,</strong></span> <span class='ocrx_word' id='word_1_18' title='bbox 1584 235 1611 273; x_wconf 90' lang='lat' dir='ltr'><strong>i.</strong></span> <span class='ocrx_word' id='word_1_19' title='bbox 1627 249 1660 274; x_wconf 78' lang='lat' dir='ltr'><strong>e.</strong></span> 
     </span>
     <span class='ocr_line' id='line_1_4' title="bbox 182 301 1660 354; baseline -0.002 -9"><span class='ocrx_word' id='word_1_20' title='bbox 182 305 365 345; x_wconf 85' lang='lat' dir='ltr'><strong>absoluta</strong></span> <span class='ocrx_word' id='word_1_21' title='bbox 385 302 561 340; x_wconf 88' lang='lat' dir='ltr'><strong>ratione:</strong></span> <span class='ocrx_word' id='word_1_22' title='bbox 593 301 702 353; x_wconf 87' lang='lat' dir='ltr'><strong>quod</strong></span> <span class='ocrx_word' id='word_1_23' title='bbox 726 308 785 339; x_wconf 87' lang='lat' dir='ltr'><strong>est</strong></span> <span class='ocrx_word' id='word_1_24' title='bbox 812 301 916 338; x_wconf 85' lang='lat' dir='ltr'><strong>idem</strong></span> <span class='ocrx_word' id='word_1_25' title='bbox 938 302 1082 340; x_wconf 70' lang='lat' dir='ltr'><strong>virtus.</strong></span> <span class='ocrx_word' id='word_1_26' title='bbox 1144 305 1192 341; x_wconf 77' lang='lat' dir='ltr'><strong>Et</strong></span> <span class='ocrx_word' id='word_1_27' title='bbox 1215 302 1246 341; x_wconf 91' lang='lat' dir='ltr'><strong>si</strong></span> <span class='ocrx_word' id='word_1_28' title='bbox 1272 317 1388 340; x_wconf 91' lang='lat' dir='ltr'><strong>omne</strong></span> <span class='ocrx_word' id='word_1_29' title='bbox 1411 303 1568 341; x_wconf 85' lang='lat' dir='ltr'><strong>beatum</strong></span> <span class='ocrx_word' id='word_1_30' title='bbox 1591 311 1660 354; x_wconf 83' lang='lat' dir='ltr'><strong>est,</strong></span> 
     </span>
     <span class='ocr_line' id='line_1_5' title="bbox 187 370 1659 423; baseline -0.002 -9"><span class='ocrx_word' id='word_1_31' title='bbox 187 374 252 414; x_wconf 89' lang='lat' dir='ltr'><strong>cui</strong></span> <span class='ocrx_word' id='word_1_32' title='bbox 277 372 378 413; x_wconf 86' lang='lat' dir='ltr'><strong>nihil</strong></span> <span class='ocrx_word' id='word_1_33' title='bbox 401 372 527 419; x_wconf 80' lang='lat' dir='ltr'><strong>deest,</strong></span> <span class='ocrx_word' id='word_1_34' title='bbox 558 377 597 409; x_wconf 85' lang='lat' dir='ltr'><strong>et</strong></span> <span class='ocrx_word' id='word_1_35' title='bbox 619 370 730 422; x_wconf 87' lang='lat' dir='ltr'><strong>quod</strong></span> <span class='ocrx_word' id='word_1_36' title='bbox 756 371 798 408; x_wconf 91' lang='lat' dir='ltr'><strong>in</strong></span> <span class='ocrx_word' id='word_1_37' title='bbox 825 383 899 407; x_wconf 91' lang='lat' dir='ltr'><strong>suo</strong></span> <span class='ocrx_word' id='word_1_38' title='bbox 932 384 1071 421; x_wconf 79' lang='lat' dir='ltr'><strong>genere</strong></span> <span class='ocrx_word' id='word_1_39' title='bbox 1096 372 1298 423; x_wconf 80' lang='lat' dir='ltr'><strong>expletum</strong></span> <span class='ocrx_word' id='word_1_40' title='bbox 1331 379 1450 423; x_wconf 83' lang='lat' dir='ltr'><strong>atque</strong></span> <span class='ocrx_word' id='word_1_41' title='bbox 1476 374 1659 412; x_wconf 86' lang='lat' dir='ltr'><strong>cumula-</strong></span> 
     </span>
     <span class='ocr_line' id='line_1_6' title="bbox 179 440 1662 492; baseline -0.002 -8"><span class='ocrx_word' id='word_1_42' title='bbox 179 451 266 484; x_wconf 87' lang='lat' dir='ltr'><strong>tum</strong></span> <span class='ocrx_word' id='word_1_43' title='bbox 287 448 366 491; x_wconf 89' lang='lat' dir='ltr'><strong>est,</strong></span> <span class='ocrx_word' id='word_1_44' title='bbox 396 441 520 492; x_wconf 87' lang='lat' dir='ltr'><strong>idque</strong></span> <span class='ocrx_word' id='word_1_45' title='bbox 540 440 710 479; x_wconf 83' lang='lat' dir='ltr'><strong>virtutis</strong></span> <span class='ocrx_word' id='word_1_46' title='bbox 741 446 799 478; x_wconf 88' lang='lat' dir='ltr'><strong>est</strong></span> <span class='ocrx_word' id='word_1_47' title='bbox 832 440 1063 491; x_wconf 87' lang='lat' dir='ltr'><strong>proprium:</strong></span> <span class='ocrx_word' id='word_1_48' title='bbox 1101 443 1304 492; x_wconf 85' lang='lat' dir='ltr'><strong>sequitur,</strong></span> <span class='ocrx_word' id='word_1_49' title='bbox 1337 456 1472 480; x_wconf 88' lang='lat' dir='ltr'><strong>omnes</strong></span> <span class='ocrx_word' id='word_1_50' title='bbox 1493 442 1662 482; x_wconf 68' lang='lat' dir='ltr'><strong>virtutis</strong></span> 
     </span>
     <span class='ocr_line' id='line_1_7' title="bbox 180 511 841 564; baseline -0.005 -13"><span class='ocrx_word' id='word_1_51' title='bbox 180 518 385 564; x_wconf 88' lang='lat' dir='ltr'><strong>compotes</strong></span> <span class='ocrx_word' id='word_1_52' title='bbox 415 511 552 549; x_wconf 81' lang='lat' dir='ltr'><strong>beatos</strong></span> <span class='ocrx_word' id='word_1_53' title='bbox 581 523 676 547; x_wconf 88' lang='lat' dir='ltr'><strong>esse.</strong></span> <span class='ocrx_word' id='word_1_54' title='bbox 719 512 841 548; x_wconf 81' lang='lat' dir='ltr'><strong>c.13.</strong></span> 
     </span>
    </p>

    <p class='ocr_par' dir='ltr' id='par_1_3' title="bbox 110 589 1663 919">
     <span class='ocr_line' id='line_1_8' title="bbox 110 589 1661 646; baseline 0 -14"><span class='ocrx_word' id='word_1_55' title='bbox 110 592 152 646; x_wconf 86' lang='grc' dir='ltr'><strong>β)</strong></span> <span class='ocrx_word' id='word_1_56' title='bbox 183 594 243 632; x_wconf 87' lang='lat' dir='ltr'><strong>Ex</strong></span> <span class='ocrx_word' id='word_1_57' title='bbox 266 592 403 631; x_wconf 88' lang='lat' dir='ltr'><strong>eadem</strong></span> <span class='ocrx_word' id='word_1_58' title='bbox 431 591 591 630; x_wconf 87' lang='lat' dir='ltr'><strong>ratione</strong></span> <span class='ocrx_word' id='word_1_59' title='bbox 617 589 821 640; x_wconf 86' lang='lat' dir='ltr'><strong>sequitur,</strong></span> <span class='ocrx_word' id='word_1_60' title='bbox 863 604 998 627; x_wconf 72' lang='lat' dir='ltr'><strong>omnes</strong></span> <span class='ocrx_word' id='word_1_61' title='bbox 1028 592 1202 627; x_wconf 75' lang='lat' dir='ltr'><strong>virtutis</strong></span> <span class='ocrx_word' id='word_1_62' title='bbox 1226 600 1427 643; x_wconf 73' lang='lat' dir='ltr'><strong>compotes</strong></span> <span class='ocrx_word' id='word_1_63' title='bbox 1452 609 1535 631; x_wconf 74' lang='lat' dir='ltr'><strong>esse</strong></span> <span class='ocrx_word' id='word_1_64' title='bbox 1563 594 1661 632; x_wconf 79' lang='lat' dir='ltr'><strong>hea-</strong></span> 
     </span>
     <span class='ocr_line' id='line_1_9' title="bbox 183 658 1663 712; baseline 0.001 -12"><span class='ocrx_word' id='word_1_65' title='bbox 183 660 390 710; x_wconf 65' lang='lat' dir='ltr'><strong>tissime-9,-</strong></span> <span class='ocrx_word' id='word_1_66' title='bbox 431 673 544 708; x_wconf 91' lang='lat' dir='ltr'><strong>nam,</strong></span> <span class='ocrx_word' id='word_1_67' title='bbox 584 660 655 710; x_wconf 90' lang='lat' dir='ltr'><strong>qui</strong></span> <span class='ocrx_word' id='word_1_68' title='bbox 684 658 855 697; x_wconf 83' lang='lat' dir='ltr'><strong>confidit</strong></span> <span class='ocrx_word' id='word_1_69' title='bbox 884 659 968 697; x_wconf 88' lang='lat' dir='ltr'><strong>suis</strong></span> <span class='ocrx_word' id='word_1_70' title='bbox 998 659 1117 696; x_wconf 92' lang='lat' dir='ltr'><strong>bonis</strong></span> <span class='ocrx_word' id='word_1_71' title='bbox 1149 665 1187 698; x_wconf 82' lang='lat' dir='ltr'><strong>et</strong></span> <span class='ocrx_word' id='word_1_72' title='bbox 1223 661 1375 709; x_wconf 85' lang='lat' dir='ltr'><strong>onmia,</strong></span> <span class='ocrx_word' id='word_1_73' title='bbox 1417 676 1517 712; x_wconf 86' lang='lat' dir='ltr'><strong>quae</strong></span> <span class='ocrx_word' id='word_1_74' title='bbox 1540 663 1663 702; x_wconf 83' lang='lat' dir='ltr'><strong>vitam</strong></span> 
     </span>
     <span class='ocr_line' id='line_1_10' title="bbox 181 727 1661 777; baseline 0.001 -7"><span class='ocrx_word' id='word_1_75' title='bbox 181 732 334 770; x_wconf 85' lang='lat' dir='ltr'><strong>beatam</strong></span> <span class='ocrx_word' id='word_1_76' title='bbox 357 729 560 777; x_wconf 84' lang='lat' dir='ltr'><strong>efficiunt,</strong></span> <span class='ocrx_word' id='word_1_77' title='bbox 590 729 632 765; x_wconf 89' lang='lat' dir='ltr'><strong>in</strong></span> <span class='ocrx_word' id='word_1_78' title='bbox 659 742 698 766; x_wconf 89' lang='lat' dir='ltr'><strong>se</strong></span> <span class='ocrx_word' id='word_1_79' title='bbox 720 727 860 776; x_wconf 85' lang='lat' dir='ltr'><strong>habet,</strong></span> <span class='ocrx_word' id='word_1_80' title='bbox 899 727 934 765; x_wconf 89' lang='lat' dir='ltr'><strong>ei</strong></span> <span class='ocrx_word' id='word_1_81' title='bbox 963 727 1065 765; x_wconf 81' lang='lat' dir='ltr'><strong>nihil</strong></span> <span class='ocrx_word' id='word_1_82' title='bbox 1088 728 1196 766; x_wconf 84' lang='lat' dir='ltr'><strong>deest</strong></span> <span class='ocrx_word' id='word_1_83' title='bbox 1217 729 1265 766; x_wconf 89' lang='lat' dir='ltr'><strong>ad</strong></span> <span class='ocrx_word' id='word_1_84' title='bbox 1294 730 1404 767; x_wconf 89' lang='lat' dir='ltr'><strong>beate</strong></span> <span class='ocrx_word' id='word_1_85' title='bbox 1429 732 1661 771; x_wconf 66' lang='lat' dir='ltr'><strong>vivendum.</strong></span> 
     </span>
     <span class='ocr_line' id='line_1_11' title="bbox 181 797 1661 852; baseline 0 -13"><span class='ocrx_word' id='word_1_86' title='bbox 181 802 286 852; x_wconf 87' lang='lat' dir='ltr'><strong>Ergo</strong></span> <span class='ocrx_word' id='word_1_87' title='bbox 308 813 391 838; x_wconf 89' lang='lat' dir='ltr'><strong>non</strong></span> <span class='ocrx_word' id='word_1_88' title='bbox 418 798 546 836; x_wconf 90' lang='lat' dir='ltr'><strong>solum</strong></span> <span class='ocrx_word' id='word_1_89' title='bbox 578 798 736 845; x_wconf 86' lang='lat' dir='ltr'><strong>beatus,</strong></span> <span class='ocrx_word' id='word_1_90' title='bbox 766 797 833 836; x_wconf 89' lang='lat' dir='ltr'><strong>sed</strong></span> <span class='ocrx_word' id='word_1_91' title='bbox 859 797 975 835; x_wconf 83' lang='lat' dir='ltr'><strong>etiam</strong></span> <span class='ocrx_word' id='word_1_92' title='bbox 1001 798 1248 835; x_wconf 83' lang='lat' dir='ltr'><strong>beatissimus</strong></span> <span class='ocrx_word' id='word_1_93' title='bbox 1280 805 1350 836; x_wconf 86' lang='lat' dir='ltr'><strong>est.</strong></span> <span class='ocrx_word' id='word_1_94' title='bbox 1411 801 1531 847; x_wconf 81' lang='lat' dir='ltr'><strong>Quod</strong></span> <span class='ocrx_word' id='word_1_95' title='bbox 1561 816 1661 840; x_wconf 89' lang='lat' dir='ltr'><strong>con-</strong></span> 
     </span>
     <span class='ocr_line' id='line_1_12' title="bbox 182 867 1454 919; baseline -0.001 -11"><span class='ocrx_word' id='word_1_96' title='bbox 182 876 246 908; x_wconf 83' lang='lat' dir='ltr'><strong>tra</strong></span> <span class='ocrx_word' id='word_1_97' title='bbox 276 875 355 918; x_wconf 84' lang='lat' dir='ltr'><strong>est,</strong></span> <span class='ocrx_word' id='word_1_98' title='bbox 386 868 419 906; x_wconf 88' lang='lat' dir='ltr'><strong>si</strong></span> <span class='ocrx_word' id='word_1_99' title='bbox 450 869 555 906; x_wconf 86' lang='lat' dir='ltr'><strong>bona</strong></span> <span class='ocrx_word' id='word_1_100' title='bbox 586 874 626 905; x_wconf 85' lang='lat' dir='ltr'><strong>et</strong></span> <span class='ocrx_word' id='word_1_101' title='bbox 656 867 756 904; x_wconf 78' lang='lat' dir='ltr'><strong>mala</strong></span> <span class='ocrx_word' id='word_1_102' title='bbox 788 867 1034 904; x_wconf 76' lang='lat' dir='ltr'><strong>dividuntur</strong></span> <span class='ocrx_word' id='word_1_103' title='bbox 1066 867 1288 919; x_wconf 80' lang='lat' dir='ltr'><strong>tripertito.</strong></span> <span class='ocrx_word' id='word_1_104' title='bbox 1329 882 1362 906; x_wconf 87' lang='lat' dir='ltr'><strong>c.</strong></span> <span class='ocrx_word' id='word_1_105' title='bbox 1390 872 1404 907; x_wconf 62' lang='lat'><strong>=1</strong></span> <span class='ocrx_word' id='word_1_106' title='bbox 1417 872 1454 907; x_wconf 90' lang='grc'><strong>4.</strong></span> 
     </span>
    </p>
   </div>
   <div class='ocr_carea' id='block_1_3' title="bbox 110 947 1668 1830">
    <p class='ocr_par' dir='ltr' id='par_1_4' title="bbox 110 947 1668 1830">
     <span class='ocr_line' id='line_1_13' title="bbox 110 947 1663 1004; baseline 0 -15"><span class='ocrx_word' id='word_1_107' title='bbox 110 949 150 1004; x_wconf 82' lang='grc' dir='ltr'><strong>γ)</strong></span> <span class='ocrx_word' id='word_1_108' title='bbox 182 949 288 989; x_wconf 89' lang='lat' dir='ltr'><strong>Idem</strong></span> <span class='ocrx_word' id='word_1_109' title='bbox 312 949 499 1000; x_wconf 86' lang='lat' dir='ltr'><strong>sequitur</strong></span> <span class='ocrx_word' id='word_1_110' title='bbox 523 961 571 986; x_wconf 80' lang='lat' dir='ltr'><strong>ex</strong></span> <span class='ocrx_word' id='word_1_111' title='bbox 591 962 656 996; x_wconf 89' lang='lat' dir='ltr'><strong>eo,</strong></span> <span class='ocrx_word' id='word_1_112' title='bbox 696 947 806 999; x_wconf 84' lang='lat' dir='ltr'><strong>quod</strong></span> <span class='ocrx_word' id='word_1_113' title='bbox 837 950 972 985; x_wconf 73' lang='lat' dir='ltr'><strong>virtus</strong></span> <span class='ocrx_word' id='word_1_114' title='bbox 996 949 1127 984; x_wconf 68' lang='lat' dir='ltr'><strong>solum</strong></span> <span class='ocrx_word' id='word_1_115' title='bbox 1153 948 1302 985; x_wconf 69' lang='lat' dir='ltr'><strong>bomem</strong></span> <span class='ocrx_word' id='word_1_116' title='bbox 1325 957 1395 987; x_wconf 61' lang='lat' dir='ltr'><strong>cxl.</strong></span> <span class='ocrx_word' id='word_1_117' title='bbox 1456 950 1500 988; x_wconf 85' lang='lat' dir='ltr'><strong>Id</strong></span> <span class='ocrx_word' id='word_1_118' title='bbox 1533 957 1663 989; x_wconf 87' lang='lat' dir='ltr'><strong>autem</strong></span> 
     </span>
     <span class='ocr_line' id='line_1_14' title="bbox 180 1017 1666 1072; baseline 0.001 -15"><span class='ocrx_word' id='word_1_119' title='bbox 180 1020 235 1057; x_wconf 88' lang='lat' dir='ltr'><strong>ita</strong></span> <span class='ocrx_word' id='word_1_120' title='bbox 262 1032 355 1067; x_wconf 87' lang='lat' dir='ltr'><strong>esse,</strong></span> <span class='ocrx_word' id='word_1_121' title='bbox 379 1018 682 1056; x_wconf 85' lang='lat' dir='ltr'><strong>demonstratur</strong></span> <span class='ocrx_word' id='word_1_122' title='bbox 702 1017 878 1069; x_wconf 85' lang='lat' dir='ltr'><strong>primum</strong></span> <span class='ocrx_word' id='word_1_123' title='bbox 899 1017 1094 1054; x_wconf 78' lang='lat' dir='ltr'><strong>astirmate</strong></span> <span class='ocrx_word' id='word_1_124' title='bbox 1115 1018 1274 1055; x_wconf 90' lang='lat' dir='ltr'><strong>duobus</strong></span> <span class='ocrx_word' id='word_1_125' title='bbox 1299 1018 1448 1067; x_wconf 83' lang='lat' dir='ltr'><strong>soritis,</strong></span> <span class='ocrx_word' id='word_1_126' title='bbox 1481 1019 1572 1057; x_wconf 89' lang='lat' dir='ltr'><strong>dein</strong></span> <span class='ocrx_word' id='word_1_127' title='bbox 1593 1035 1666 1072; x_wconf 88' lang='lat' dir='ltr'><strong>per</strong></span> 
     </span>
     <span class='ocr_line' id='line_1_15' title="bbox 184 1084 1664 1139; baseline 0.001 -14"><span class='ocrx_word' id='word_1_128' title='bbox 184 1087 346 1125; x_wconf 86' lang='lat' dir='ltr'><strong>modum</strong></span> <span class='ocrx_word' id='word_1_129' title='bbox 368 1086 541 1139; x_wconf 83' lang='lat' dir='ltr'><strong>negandi</strong></span> <span class='ocrx_word' id='word_1_130' title='bbox 565 1084 804 1138; x_wconf 75' lang='lat' dir='ltr'><strong>(negative),</strong></span> <span class='ocrx_word' id='word_1_131' title='bbox 836 1086 945 1136; x_wconf 88' lang='lat' dir='ltr'><strong>quod</strong></span> <span class='ocrx_word' id='word_1_132' title='bbox 971 1087 1156 1124; x_wconf 91' lang='lat' dir='ltr'><strong>omnibus</strong></span> <span class='ocrx_word' id='word_1_133' title='bbox 1179 1087 1297 1124; x_wconf 86' lang='lat' dir='ltr'><strong>bonis</strong></span> <span class='ocrx_word' id='word_1_134' title='bbox 1319 1089 1505 1139; x_wconf 82' lang='lat' dir='ltr'><strong>corporis</strong></span> <span class='ocrx_word' id='word_1_135' title='bbox 1530 1096 1567 1127; x_wconf 88' lang='lat' dir='ltr'><strong>et</strong></span> <span class='ocrx_word' id='word_1_136' title='bbox 1590 1103 1664 1127; x_wconf 80' lang='lat' dir='ltr'><strong>ex-</strong></span> 
     </span>
     <span class='ocr_line' id='line_1_16' title="bbox 184 1155 1664 1207; baseline 0.001 -12"><span class='ocrx_word' id='word_1_137' title='bbox 184 1156 309 1195; x_wconf 88' lang='lat' dir='ltr'><strong>ternis</strong></span> <span class='ocrx_word' id='word_1_138' title='bbox 335 1156 625 1203; x_wconf 81' lang='lat' dir='ltr'><strong>abundantem,</strong></span> <span class='ocrx_word' id='word_1_139' title='bbox 660 1155 692 1193; x_wconf 91' lang='lat' dir='ltr'><strong>si</strong></span> <span class='ocrx_word' id='word_1_140' title='bbox 717 1155 819 1192; x_wconf 86' lang='lat' dir='ltr'><strong>idem</strong></span> <span class='ocrx_word' id='word_1_141' title='bbox 841 1155 892 1191; x_wconf 84' lang='lat' dir='ltr'><strong>sit</strong></span> <span class='ocrx_word' id='word_1_142' title='bbox 918 1155 1087 1193; x_wconf 78' lang='lat' dir='ltr'><strong>virtutis</strong></span> <span class='ocrx_word' id='word_1_143' title='bbox 1114 1169 1274 1207; x_wconf 82' lang='lat' dir='ltr'><strong>expers,</strong></span> <span class='ocrx_word' id='word_1_144' title='bbox 1308 1157 1399 1195; x_wconf 88' lang='lat' dir='ltr'><strong>licet</strong></span> <span class='ocrx_word' id='word_1_145' title='bbox 1422 1171 1502 1196; x_wconf 86' lang='lat' dir='ltr'><strong>esse</strong></span> <span class='ocrx_word' id='word_1_146' title='bbox 1523 1158 1664 1196; x_wconf 89' lang='lat' dir='ltr'><strong>miser-</strong></span> 
     </span>
     <span class='ocr_line' id='line_1_17' title="bbox 180 1223 1664 1276; baseline 0.001 -13"><span class='ocrx_word' id='word_1_147' title='bbox 180 1225 340 1264; x_wconf 89' lang='lat' dir='ltr'><strong>rimum.</strong></span> <span class='ocrx_word' id='word_1_148' title='bbox 370 1246 428 1252; x_wconf 89' lang='lat'><strong>—-</strong></span> <span class='ocrx_word' id='word_1_149' title='bbox 487 1225 555 1271; x_wconf 88' lang='lat' dir='ltr'><strong>Et,</strong></span> <span class='ocrx_word' id='word_1_150' title='bbox 590 1224 666 1261; x_wconf 89' lang='lat' dir='ltr'><strong>nisi</strong></span> <span class='ocrx_word' id='word_1_151' title='bbox 690 1223 930 1272; x_wconf 84' lang='lat' dir='ltr'><strong>tenebimus,</strong></span> <span class='ocrx_word' id='word_1_152' title='bbox 964 1224 1065 1262; x_wconf 87' lang='lat' dir='ltr'><strong>nihil</strong></span> <span class='ocrx_word' id='word_1_153' title='bbox 1098 1238 1178 1262; x_wconf 91' lang='lat' dir='ltr'><strong>esse</strong></span> <span class='ocrx_word' id='word_1_154' title='bbox 1209 1225 1250 1263; x_wconf 93' lang='lat' dir='ltr'><strong>in</strong></span> <span class='ocrx_word' id='word_1_155' title='bbox 1281 1226 1396 1264; x_wconf 87' lang='lat' dir='ltr'><strong>bonis</strong></span> <span class='ocrx_word' id='word_1_156' title='bbox 1425 1227 1664 1276; x_wconf 86' lang='lat' dir='ltr'><strong>ducendum,</strong></span> 
     </span>
     <span class='ocr_line' id='line_1_18' title="bbox 182 1292 1666 1347; baseline 0.001 -15"><span class='ocrx_word' id='word_1_157' title='bbox 182 1294 257 1332; x_wconf 85' lang='lat' dir='ltr'><strong>nisi</strong></span> <span class='ocrx_word' id='word_1_158' title='bbox 277 1293 387 1346; x_wconf 87' lang='lat' dir='ltr'><strong>quod</strong></span> <span class='ocrx_word' id='word_1_159' title='bbox 410 1293 464 1331; x_wconf 84' lang='lat' dir='ltr'><strong>sit</strong></span> <span class='ocrx_word' id='word_1_160' title='bbox 487 1292 722 1341; x_wconf 88' lang='lat' dir='ltr'><strong>honestum,</strong></span> <span class='ocrx_word' id='word_1_161' title='bbox 762 1293 887 1330; x_wconf 86' lang='lat' dir='ltr'><strong>multa</strong></span> <span class='ocrx_word' id='word_1_162' title='bbox 914 1293 1028 1330; x_wconf 92' lang='lat' dir='ltr'><strong>nobis</strong></span> <span class='ocrx_word' id='word_1_163' title='bbox 1051 1293 1220 1331; x_wconf 86' lang='lat' dir='ltr'><strong>dicenda</strong></span> <span class='ocrx_word' id='word_1_164' title='bbox 1251 1302 1371 1332; x_wconf 82' lang='lat' dir='ltr'><strong>erunt</strong></span> <span class='ocrx_word' id='word_1_165' title='bbox 1400 1296 1523 1344; x_wconf 89' lang='lat' dir='ltr'><strong>bona,</strong></span> <span class='ocrx_word' id='word_1_166' title='bbox 1565 1310 1666 1347; x_wconf 81' lang='lat' dir='ltr'><strong>quae</strong></span> 
     </span>
     <span class='ocr_line' id='line_1_19' title="bbox 180 1360 1668 1416; baseline 0.001 -14"><span class='ocrx_word' id='word_1_167' title='bbox 180 1370 277 1402; x_wconf 88' lang='lat' dir='ltr'><strong>sunt</strong></span> <span class='ocrx_word' id='word_1_168' title='bbox 301 1362 463 1400; x_wconf 87' lang='lat' dir='ltr'><strong>minima</strong></span> <span class='ocrx_word' id='word_1_169' title='bbox 490 1369 528 1400; x_wconf 89' lang='lat' dir='ltr'><strong>et</strong></span> <span class='ocrx_word' id='word_1_170' title='bbox 559 1361 769 1400; x_wconf 87' lang='lat' dir='ltr'><strong>levissima.</strong></span> <span class='ocrx_word' id='word_1_171' title='bbox 811 1375 843 1400; x_wconf 89' lang='lat' dir='ltr'><strong>c.</strong></span> <span class='ocrx_word' id='word_1_172' title='bbox 872 1365 937 1400; x_wconf 86' lang='lat'><strong>15.</strong></span> <span class='ocrx_word' id='word_1_173' title='bbox 964 1365 1030 1400; x_wconf 83' lang='grc'><strong>16.</strong></span> <span class='ocrx_word' id='word_1_174' title='bbox 1059 1360 1101 1414; x_wconf 77' lang='lat'><strong>§.</strong></span> <span class='ocrx_word' id='word_1_175' title='bbox 1124 1366 1191 1401; x_wconf 83' lang='lat'><strong>46.</strong></span> <span class='ocrx_word' id='word_1_176' title='bbox 1222 1385 1280 1391; x_wconf 90' lang='lat'><strong>—</strong></span> <span class='ocrx_word' id='word_1_177' title='bbox 1338 1363 1413 1401; x_wconf 90' lang='lat' dir='ltr'><strong>Ilic</strong></span> <span class='ocrx_word' id='word_1_178' title='bbox 1448 1365 1668 1416; x_wconf 83' lang='lat' dir='ltr'><strong>respondet</strong></span> 
     </span>
     <span class='ocr_line' id='line_1_20' title="bbox 180 1431 1664 1484; baseline 0 -12"><span class='ocrx_word' id='word_1_179' title='bbox 180 1433 319 1472; x_wconf 85' lang='lat' dir='ltr'><strong>Cicero</strong></span> <span class='ocrx_word' id='word_1_180' title='bbox 347 1432 416 1482; x_wconf 81' lang='lat' dir='ltr'><strong>iis,</strong></span> <span class='ocrx_word' id='word_1_181' title='bbox 458 1431 527 1483; x_wconf 87' lang='lat' dir='ltr'><strong>qui</strong></span> <span class='ocrx_word' id='word_1_182' title='bbox 554 1431 761 1469; x_wconf 84' lang='lat' dir='ltr'><strong>obiiciant:</strong></span> <span class='ocrx_word' id='word_1_183' title='bbox 798 1431 830 1468; x_wconf 87' lang='lat' dir='ltr'><strong>si</strong></span> <span class='ocrx_word' id='word_1_184' title='bbox 856 1431 980 1468; x_wconf 79' lang='lat' dir='ltr'><strong>Stoici</strong></span> <span class='ocrx_word' id='word_1_185' title='bbox 1002 1434 1235 1484; x_wconf 69' lang='lat' dir='ltr'><strong>praecipua</strong></span> <span class='ocrx_word' id='word_1_186' title='bbox 1264 1432 1420 1481; x_wconf 86' lang='lat' dir='ltr'><strong>dicant,</strong></span> <span class='ocrx_word' id='word_1_187' title='bbox 1465 1447 1564 1483; x_wconf 79' lang='lat' dir='ltr'><strong>quae</strong></span> <span class='ocrx_word' id='word_1_188' title='bbox 1596 1434 1664 1472; x_wconf 84' lang='lat' dir='ltr'><strong>alii</strong></span> 
     </span>
     <span class='ocr_line' id='line_1_21' title="bbox 184 1500 1666 1554; baseline 0.001 -14"><span class='ocrx_word' id='word_1_189' title='bbox 184 1501 419 1554; x_wconf 83' lang='lat' dir='ltr'><strong>philosophi</strong></span> <span class='ocrx_word' id='word_1_190' title='bbox 443 1500 629 1552; x_wconf 84' lang='lat' dir='ltr'><strong>corporis</strong></span> <span class='ocrx_word' id='word_1_191' title='bbox 657 1507 696 1538; x_wconf 89' lang='lat' dir='ltr'><strong>et</strong></span> <span class='ocrx_word' id='word_1_192' title='bbox 727 1507 892 1538; x_wconf 75' lang='lat' dir='ltr'><strong>externa</strong></span> <span class='ocrx_word' id='word_1_193' title='bbox 917 1501 1021 1538; x_wconf 86' lang='lat' dir='ltr'><strong>bona</strong></span> <span class='ocrx_word' id='word_1_194' title='bbox 1049 1501 1205 1550; x_wconf 86' lang='lat' dir='ltr'><strong>dicant,</strong></span> <span class='ocrx_word' id='word_1_195' title='bbox 1244 1507 1369 1540; x_wconf 88' lang='lat' dir='ltr'><strong>totam</strong></span> <span class='ocrx_word' id='word_1_196' title='bbox 1395 1516 1477 1540; x_wconf 87' lang='lat' dir='ltr'><strong>rem</strong></span> <span class='ocrx_word' id='word_1_197' title='bbox 1500 1503 1542 1541; x_wconf 87' lang='lat' dir='ltr'><strong>in</strong></span> <span class='ocrx_word' id='word_1_198' title='bbox 1568 1517 1666 1542; x_wconf 83' lang='lat' dir='ltr'><strong>ver-</strong></span> 
     </span>
     <span class='ocr_line' id='line_1_22' title="bbox 181 1569 1665 1621; baseline 0.001 -11"><span class='ocrx_word' id='word_1_199' title='bbox 181 1571 329 1610; x_wconf 88' lang='lat' dir='ltr'><strong>borum</strong></span> <span class='ocrx_word' id='word_1_200' title='bbox 356 1569 635 1609; x_wconf 86' lang='lat' dir='ltr'><strong>controversia</strong></span> <span class='ocrx_word' id='word_1_201' title='bbox 661 1570 781 1607; x_wconf 77' lang='lat' dir='ltr'><strong>verti.</strong></span> <span class='ocrx_word' id='word_1_202' title='bbox 841 1569 1018 1618; x_wconf 82' lang='lat' dir='ltr'><strong>„Dicunt</strong></span> <span class='ocrx_word' id='word_1_203' title='bbox 1045 1570 1102 1607; x_wconf 87' lang='lat' dir='ltr'><strong>illi</strong></span> <span class='ocrx_word' id='word_1_204' title='bbox 1133 1571 1311 1621; x_wconf 88' lang='lat' dir='ltr'><strong>quidem,</strong></span> <span class='ocrx_word' id='word_1_205' title='bbox 1344 1571 1411 1609; x_wconf 86' lang='lat' dir='ltr'><strong>sed</strong></span> <span class='ocrx_word' id='word_1_206' title='bbox 1439 1571 1536 1610; x_wconf 90' lang='lat' dir='ltr'><strong>haec</strong></span> <span class='ocrx_word' id='word_1_207' title='bbox 1558 1572 1665 1611; x_wconf 87' lang='lat' dir='ltr'><strong>bona</strong></span> 
     </span>
     <span class='ocr_line' id='line_1_23' title="bbox 180 1639 1668 1693; baseline 0.002 -16"><span class='ocrx_word' id='word_1_208' title='bbox 180 1640 232 1678; x_wconf 87' lang='lat' dir='ltr'><strong>ad</strong></span> <span class='ocrx_word' id='word_1_209' title='bbox 257 1640 379 1678; x_wconf 81' lang='lat' dir='ltr'><strong>vitam</strong></span> <span class='ocrx_word' id='word_1_210' title='bbox 412 1640 567 1678; x_wconf 86' lang='lat' dir='ltr'><strong>beatam</strong></span> <span class='ocrx_word' id='word_1_211' title='bbox 601 1639 874 1691; x_wconf 81' lang='lat' dir='ltr'><strong>complendam</strong></span> <span class='ocrx_word' id='word_1_212' title='bbox 906 1639 1126 1677; x_wconf 87' lang='lat' dir='ltr'><strong>necessaria</strong></span> <span class='ocrx_word' id='word_1_213' title='bbox 1154 1654 1233 1678; x_wconf 90' lang='lat' dir='ltr'><strong>esse</strong></span> <span class='ocrx_word' id='word_1_214' title='bbox 1262 1648 1424 1693; x_wconf 79' lang='lat' dir='ltr'><strong>negant3</strong></span> <span class='ocrx_word' id='word_1_215' title='bbox 1465 1641 1508 1679; x_wconf 88' lang='lat' dir='ltr'><strong>hi</strong></span> <span class='ocrx_word' id='word_1_216' title='bbox 1537 1649 1668 1680; x_wconf 87' lang='lat' dir='ltr'><strong>autem</strong></span> 
     </span>
     <span class='ocr_line' id='line_1_24' title="bbox 181 1708 1668 1761; baseline 0.002 -15"><span class='ocrx_word' id='word_1_217' title='bbox 181 1709 263 1747; x_wconf 87' lang='lat' dir='ltr'><strong>sine</strong></span> <span class='ocrx_word' id='word_1_218' title='bbox 287 1709 336 1748; x_wconf 86' lang='lat' dir='ltr'><strong>iis</strong></span> <span class='ocrx_word' id='word_1_219' title='bbox 366 1723 446 1747; x_wconf 83' lang='lat' dir='ltr'><strong>esse</strong></span> <span class='ocrx_word' id='word_1_220' title='bbox 470 1709 620 1746; x_wconf 85' lang='lat' dir='ltr'><strong>nullam</strong></span> <span class='ocrx_word' id='word_1_221' title='bbox 643 1715 809 1761; x_wconf 85' lang='lat' dir='ltr'><strong>putant,</strong></span> <span class='ocrx_word' id='word_1_222' title='bbox 842 1714 930 1758; x_wconf 86' lang='lat' dir='ltr'><strong>aut,</strong></span> <span class='ocrx_word' id='word_1_223' title='bbox 962 1708 995 1746; x_wconf 91' lang='lat' dir='ltr'><strong>si</strong></span> <span class='ocrx_word' id='word_1_224' title='bbox 1019 1709 1071 1747; x_wconf 89' lang='lat' dir='ltr'><strong>sit</strong></span> <span class='ocrx_word' id='word_1_225' title='bbox 1095 1710 1229 1760; x_wconf 84' lang='lat' dir='ltr'><strong>beata,</strong></span> <span class='ocrx_word' id='word_1_226' title='bbox 1266 1710 1529 1748; x_wconf 82' lang='lat' dir='ltr'><strong>beatissimam</strong></span> <span class='ocrx_word' id='word_1_227' title='bbox 1561 1717 1668 1749; x_wconf 87' lang='lat' dir='ltr'><strong>certe</strong></span> 
     </span>
     <span class='ocr_line' id='line_1_25' title="bbox 183 1776 693 1830; baseline 0 -14"><span class='ocrx_word' id='word_1_228' title='bbox 183 1779 370 1830; x_wconf 84' lang='lat' dir='ltr'><strong>negant.“</strong></span> <span class='ocrx_word' id='word_1_229' title='bbox 397 1776 440 1830; x_wconf 74' lang='lat'><strong>§-</strong></span> <span class='ocrx_word' id='word_1_230' title='bbox 461 1781 529 1818; x_wconf 84' lang='grc'><strong>47.</strong></span> <span class='ocrx_word' id='word_1_231' title='bbox 560 1778 693 1830; x_wconf 82' lang='lat' dir='ltr'><strong>princ.</strong></span> 
     </span>
    </p>
   </div>
   <div class='ocr_carea' id='block_1_4' title="bbox 111 1855 1666 1912">
    <p class='ocr_par' dir='ltr' id='par_1_5' title="bbox 111 1855 1666 1912">
     <span class='ocr_line' id='line_1_26' title="bbox 111 1855 1666 1912; baseline 0.002 -16"><span class='ocrx_word' id='word_1_232' title='bbox 111 1855 152 1912; x_wconf 78' lang='grc' dir='ltr'><strong>ἃ)</strong></span> <span class='ocrx_word' id='word_1_233' title='bbox 182 1858 395 1897; x_wconf 89' lang='lat' dir='ltr'><strong>Conclusio</strong></span> <span class='ocrx_word' id='word_1_234' title='bbox 419 1859 635 1908; x_wconf 87' lang='lat' dir='ltr'><strong>socratica,</strong></span> <span class='ocrx_word' id='word_1_235' title='bbox 668 1872 746 1910; x_wconf 86' lang='lat' dir='ltr'><strong>qua</strong></span> <span class='ocrx_word' id='word_1_236' title='bbox 777 1858 972 1907; x_wconf 87' lang='lat' dir='ltr'><strong>efficitur,</strong></span> <span class='ocrx_word' id='word_1_237' title='bbox 1010 1858 1211 1895; x_wconf 87' lang='lat' dir='ltr'><strong>bonorum</strong></span> <span class='ocrx_word' id='word_1_238' title='bbox 1241 1858 1394 1896; x_wconf 81' lang='lat' dir='ltr'><strong>beatam</strong></span> <span class='ocrx_word' id='word_1_239' title='bbox 1424 1859 1550 1897; x_wconf 87' lang='lat' dir='ltr'><strong>vitam</strong></span> <span class='ocrx_word' id='word_1_240' title='bbox 1573 1873 1666 1899; x_wconf 85' lang='lat' dir='ltr'><strong>esse.</strong></span> 
     </span>
    </p>
   </div>
   <div class='ocr_carea' id='block_1_5' title="bbox 180 1925 317 1980">
    <p class='ocr_par' dir='ltr' id='par_1_6' title="bbox 180 1925 317 1980">
     <span class='ocr_line' id='line_1_27' title="bbox 180 1925 317 1980; baseline 0 -14"><span class='ocrx_word' id='word_1_241' title='bbox 180 1925 222 1980; x_wconf 64' lang='lat'><strong>5.</strong></span> <span class='ocrx_word' id='word_1_242' title='bbox 249 1931 317 1968; x_wconf 82' lang='lat'><strong>47.</strong></span> 
     </span>
    </p>
   </div>
   <div class='ocr_carea' id='block_1_6' title="bbox 117 2005 1666 2131">
    <p class='ocr_par' dir='ltr' id='par_1_7' title="bbox 117 2005 1666 2131">
     <span class='ocr_line' id='line_1_28' title="bbox 117 2005 1666 2063; baseline 0.003 -18"><span class='ocrx_word' id='word_1_243' title='bbox 117 2005 149 2060; x_wconf 84' lang='grc' dir='ltr'><strong>ε)</strong></span> <span class='ocrx_word' id='word_1_244' title='bbox 181 2008 395 2046; x_wconf 87' lang='lat' dir='ltr'><strong>Conclusio</strong></span> <span class='ocrx_word' id='word_1_245' title='bbox 432 2008 554 2046; x_wconf 85' lang='lat' dir='ltr'><strong>ducta</strong></span> <span class='ocrx_word' id='word_1_246' title='bbox 587 2022 609 2045; x_wconf 91' lang='lat' dir='ltr'><strong>a</strong></span> <span class='ocrx_word' id='word_1_247' title='bbox 641 2006 865 2045; x_wconf 84' lang='lat' dir='ltr'><strong>constantia</strong></span> <span class='ocrx_word' id='word_1_248' title='bbox 900 2006 1106 2058; x_wconf 84' lang='lat' dir='ltr'><strong>sapientis:</strong></span> <span class='ocrx_word' id='word_1_249' title='bbox 1156 2006 1245 2058; x_wconf 83' lang='lat' dir='ltr'><strong>qui,</strong></span> <span class='ocrx_word' id='word_1_250' title='bbox 1286 2008 1476 2058; x_wconf 86' lang='lat' dir='ltr'><strong>quoniam</strong></span> <span class='ocrx_word' id='word_1_251' title='bbox 1510 2023 1666 2063; x_wconf 87' lang='lat' dir='ltr'><strong>semper</strong></span> 
     </span>
     <span class='ocr_line' id='line_1_29' title="bbox 184 2075 1666 2131; baseline 0.003 -17"><span class='ocrx_word' id='word_1_252' title='bbox 184 2077 370 2114; x_wconf 90' lang='lat' dir='ltr'><strong>omnibus</strong></span> <span class='ocrx_word' id='word_1_253' title='bbox 394 2076 515 2114; x_wconf 87' lang='lat' dir='ltr'><strong>animi</strong></span> <span class='ocrx_word' id='word_1_254' title='bbox 540 2075 920 2128; x_wconf 87' lang='lat' dir='ltr'><strong>perturbationibus</strong></span> <span class='ocrx_word' id='word_1_255' title='bbox 940 2083 1069 2126; x_wconf 79' lang='lat' dir='ltr'><strong>vacat,</strong></span> <span class='ocrx_word' id='word_1_256' title='bbox 1100 2089 1255 2128; x_wconf 87' lang='lat' dir='ltr'><strong>semper</strong></span> <span class='ocrx_word' id='word_1_257' title='bbox 1277 2077 1417 2116; x_wconf 85' lang='lat' dir='ltr'><strong>beatus</strong></span> <span class='ocrx_word' id='word_1_258' title='bbox 1442 2085 1512 2117; x_wconf 86' lang='lat' dir='ltr'><strong>est.</strong></span> <span class='ocrx_word' id='word_1_259' title='bbox 1541 2077 1583 2131; x_wconf 48' lang='grc' dir='ltr'><em>ᾗ</em></span> <span class='ocrx_word' id='word_1_260' title='bbox 1597 2083 1666 2120; x_wconf 87' lang='grc'><strong>48.</strong></span> 
     </span>
    </p>
   </div>
   <div class='ocr_carea' id='block_1_7' title="bbox 188 2143 599 2208">
    <p class='ocr_par' dir='ltr' id='par_1_8' title="bbox 188 2143 599 2208">
     <span class='ocr_line' id='line_1_30' title="bbox 188 2143 599 2208; baseline 0.002 -25"><span class='ocrx_word' id='word_1_261' title='bbox 188 2145 264 2208; x_wconf 76' lang='lat' dir='ltr'><strong>(cf.</strong></span> <span class='ocrx_word' id='word_1_262' title='bbox 295 2158 329 2183; x_wconf 82' lang='lat' dir='ltr'><strong>c.</strong></span> <span class='ocrx_word' id='word_1_263' title='bbox 355 2149 420 2183; x_wconf 85' lang='lat'><strong>15.</strong></span> <span class='ocrx_word' id='word_1_264' title='bbox 451 2143 492 2197; x_wconf 59' lang='grc' dir='ltr'><strong>ς.</strong></span> <span class='ocrx_word' id='word_1_265' title='bbox 514 2143 599 2197; x_wconf 81' lang='lat'>45.)</span> 
     </span>
    </p>
   </div>
   <div class='ocr_carea' id='block_1_8' title="bbox 117 2222 1666 2901">
    <p class='ocr_par' dir='ltr' id='par_1_9' title="bbox 117 2222 1666 2901">
     <span class='ocr_line' id='line_1_31' title="bbox 117 2222 1666 2280; baseline 0.004 -18"><span class='ocrx_word' id='word_1_266' title='bbox 117 2222 152 2278; x_wconf 83' lang='grc' dir='ltr'><strong>ζ)</strong></span> <span class='ocrx_word' id='word_1_267' title='bbox 182 2224 271 2262; x_wconf 86' lang='lat' dir='ltr'><strong>Alia</strong></span> <span class='ocrx_word' id='word_1_268' title='bbox 302 2225 524 2263; x_wconf 85' lang='lat' dir='ltr'><strong>conclusio.</strong></span> <span class='ocrx_word' id='word_1_269' title='bbox 581 2226 663 2264; x_wconf 85' lang='lat' dir='ltr'><strong>Nec</strong></span> <span class='ocrx_word' id='word_1_270' title='bbox 683 2225 824 2263; x_wconf 88' lang='lat' dir='ltr'><strong>misera</strong></span> <span class='ocrx_word' id='word_1_271' title='bbox 849 2225 932 2264; x_wconf 85' lang='lat' dir='ltr'><strong>vita</strong></span> <span class='ocrx_word' id='word_1_272' title='bbox 961 2226 1242 2277; x_wconf 87' lang='lat' dir='ltr'><strong>praedicabilis</strong></span> <span class='ocrx_word' id='word_1_273' title='bbox 1266 2234 1344 2277; x_wconf 89' lang='lat' dir='ltr'><strong>est,</strong></span> <span class='ocrx_word' id='word_1_274' title='bbox 1375 2241 1449 2267; x_wconf 90' lang='lat' dir='ltr'><strong>nec</strong></span> <span class='ocrx_word' id='word_1_275' title='bbox 1471 2242 1534 2278; x_wconf 90' lang='lat' dir='ltr'><strong>ea,</strong></span> <span class='ocrx_word' id='word_1_276' title='bbox 1565 2243 1666 2280; x_wconf 88' lang='lat' dir='ltr'><strong>quae</strong></span> 
     </span>
     <span class='ocr_line' id='line_1_32' title="bbox 183 2293 1665 2349; baseline 0.004 -18"><span class='ocrx_word' id='word_1_277' title='bbox 183 2307 257 2331; x_wconf 91' lang='lat' dir='ltr'><strong>nec</strong></span> <span class='ocrx_word' id='word_1_278' title='bbox 276 2293 426 2341; x_wconf 64' lang='lat' dir='ltr'><strong>misera</strong></span> <span class='ocrx_word' id='word_1_279' title='bbox 451 2301 526 2344; x_wconf 89' lang='lat' dir='ltr'><strong>est,</strong></span> <span class='ocrx_word' id='word_1_280' title='bbox 558 2309 631 2333; x_wconf 90' lang='lat' dir='ltr'><strong>nec</strong></span> <span class='ocrx_word' id='word_1_281' title='bbox 653 2295 786 2333; x_wconf 87' lang='lat' dir='ltr'><strong>beata:</strong></span> <span class='ocrx_word' id='word_1_282' title='bbox 818 2309 912 2347; x_wconf 86' lang='lat' dir='ltr'><strong>ergo</strong></span> <span class='ocrx_word' id='word_1_283' title='bbox 935 2295 1020 2333; x_wconf 87' lang='lat' dir='ltr'><strong>sola</strong></span> <span class='ocrx_word' id='word_1_284' title='bbox 1043 2296 1128 2334; x_wconf 76' lang='lat' dir='ltr'><strong>vita</strong></span> <span class='ocrx_word' id='word_1_285' title='bbox 1153 2297 1266 2334; x_wconf 88' lang='lat' dir='ltr'><strong>beata</strong></span> <span class='ocrx_word' id='word_1_286' title='bbox 1290 2297 1571 2349; x_wconf 88' lang='lat' dir='ltr'><strong>praedicabilis</strong></span> <span class='ocrx_word' id='word_1_287' title='bbox 1595 2306 1665 2337; x_wconf 74' lang='lat' dir='ltr'><strong>est·</strong></span> 
     </span>
     <span class='ocr_line' id='line_1_33' title="bbox 184 2361 1664 2419; baseline 0.003 -18"><span class='ocrx_word' id='word_1_288' title='bbox 184 2361 306 2410; x_wconf 81' lang='lat' dir='ltr'><strong>Quod</strong></span> <span class='ocrx_word' id='word_1_289' title='bbox 327 2370 460 2402; x_wconf 87' lang='lat' dir='ltr'><strong>autem</strong></span> <span class='ocrx_word' id='word_1_290' title='bbox 482 2365 752 2416; x_wconf 87' lang='lat' dir='ltr'><strong>praedicabile</strong></span> <span class='ocrx_word' id='word_1_291' title='bbox 774 2371 852 2413; x_wconf 90' lang='lat' dir='ltr'><strong>est,</strong></span> <span class='ocrx_word' id='word_1_292' title='bbox 888 2365 1084 2416; x_wconf 85' lang='lat' dir='ltr'><strong>optimum</strong></span> <span class='ocrx_word' id='word_1_293' title='bbox 1110 2371 1180 2403; x_wconf 87' lang='lat' dir='ltr'><strong>est.</strong></span> <span class='ocrx_word' id='word_1_294' title='bbox 1241 2365 1364 2413; x_wconf 87' lang='lat' dir='ltr'><strong>Quod</strong></span> <span class='ocrx_word' id='word_1_295' title='bbox 1397 2373 1529 2405; x_wconf 88' lang='lat' dir='ltr'><strong>autem</strong></span> <span class='ocrx_word' id='word_1_296' title='bbox 1553 2368 1664 2419; x_wconf 89' lang='lat' dir='ltr'><strong>opti-</strong></span> 
     </span>
     <span class='ocr_line' id='line_1_34' title="bbox 182 2432 1663 2485; baseline 0.003 -16"><span class='ocrx_word' id='word_1_297' title='bbox 182 2443 289 2470; x_wconf 89' lang='lat' dir='ltr'><strong>mum</strong></span> <span class='ocrx_word' id='word_1_298' title='bbox 315 2439 392 2481; x_wconf 85' lang='lat' dir='ltr'><strong>est,</strong></span> <span class='ocrx_word' id='word_1_299' title='bbox 424 2432 638 2472; x_wconf 85' lang='lat' dir='ltr'><strong>honestum</strong></span> <span class='ocrx_word' id='word_1_300' title='bbox 663 2440 734 2472; x_wconf 83' lang='lat' dir='ltr'><strong>est.</strong></span> <span class='ocrx_word' id='word_1_301' title='bbox 793 2435 899 2485; x_wconf 82' lang='lat' dir='ltr'><strong>Ergo</strong></span> <span class='ocrx_word' id='word_1_302' title='bbox 924 2434 1009 2472; x_wconf 85' lang='lat' dir='ltr'><strong>vita</strong></span> <span class='ocrx_word' id='word_1_303' title='bbox 1030 2435 1146 2472; x_wconf 87' lang='lat' dir='ltr'><strong>beata</strong></span> <span class='ocrx_word' id='word_1_304' title='bbox 1170 2434 1302 2473; x_wconf 90' lang='lat' dir='ltr'><strong>eadem</strong></span> <span class='ocrx_word' id='word_1_305' title='bbox 1328 2435 1494 2475; x_wconf 87' lang='lat' dir='ltr'><strong>honesta</strong></span> <span class='ocrx_word' id='word_1_306' title='bbox 1516 2437 1569 2474; x_wconf 88' lang='lat' dir='ltr'><strong>sit</strong></span> <span class='ocrx_word' id='word_1_307' title='bbox 1590 2449 1663 2474; x_wconf 90' lang='lat' dir='ltr'><strong>ne-</strong></span> 
     </span>
     <span class='ocr_line' id='line_1_35' title="bbox 185 2501 1662 2555; baseline 0.001 -15"><span class='ocrx_word' id='word_1_308' title='bbox 185 2514 291 2540; x_wconf 89' lang='lat' dir='ltr'><strong>cesse</strong></span> <span class='ocrx_word' id='word_1_309' title='bbox 315 2507 386 2539; x_wconf 87' lang='lat' dir='ltr'><strong>est.</strong></span> <span class='ocrx_word' id='word_1_310' title='bbox 436 2501 558 2549; x_wconf 83' lang='lat' dir='ltr'><strong>Quod</strong></span> <span class='ocrx_word' id='word_1_311' title='bbox 580 2503 622 2541; x_wconf 89' lang='lat' dir='ltr'><strong>ni</strong></span> <span class='ocrx_word' id='word_1_312' title='bbox 646 2503 701 2540; x_wconf 91' lang='lat' dir='ltr'><strong>ita</strong></span> <span class='ocrx_word' id='word_1_313' title='bbox 724 2509 793 2552; x_wconf 86' lang='lat' dir='ltr'><strong>est,</strong></span> <span class='ocrx_word' id='word_1_314' title='bbox 825 2502 876 2540; x_wconf 87' lang='lat' dir='ltr'><strong>sit</strong></span> <span class='ocrx_word' id='word_1_315' title='bbox 896 2503 1006 2541; x_wconf 89' lang='lat' dir='ltr'><strong>aliud</strong></span> <span class='ocrx_word' id='word_1_316' title='bbox 1029 2517 1182 2542; x_wconf 86' lang='lat' dir='ltr'><strong>necesse</strong></span> <span class='ocrx_word' id='word_1_317' title='bbox 1204 2511 1271 2552; x_wconf 86' lang='lat' dir='ltr'><strong>est,</strong></span> <span class='ocrx_word' id='word_1_318' title='bbox 1304 2505 1412 2555; x_wconf 88' lang='lat' dir='ltr'><strong>quod</strong></span> <span class='ocrx_word' id='word_1_319' title='bbox 1433 2505 1571 2542; x_wconf 89' lang='lat' dir='ltr'><strong>melius</strong></span> <span class='ocrx_word' id='word_1_320' title='bbox 1593 2510 1662 2553; x_wconf 86' lang='lat' dir='ltr'><strong>est,</strong></span> 
     </span>
     <span class='ocr_line' id='line_1_36' title="bbox 185 2570 1664 2623; baseline 0.001 -15"><span class='ocrx_word' id='word_1_321' title='bbox 185 2583 302 2622; x_wconf 91' lang='lat' dir='ltr'><strong>quam</strong></span> <span class='ocrx_word' id='word_1_322' title='bbox 335 2570 419 2608; x_wconf 77' lang='lat' dir='ltr'><strong>vita</strong></span> <span class='ocrx_word' id='word_1_323' title='bbox 454 2571 582 2609; x_wconf 86' lang='lat' dir='ltr'><strong>beata.</strong></span> <span class='ocrx_word' id='word_1_324' title='bbox 642 2572 686 2609; x_wconf 90' lang='lat' dir='ltr'><strong>Id</strong></span> <span class='ocrx_word' id='word_1_325' title='bbox 723 2579 855 2609; x_wconf 86' lang='lat' dir='ltr'><strong>autem</strong></span> <span class='ocrx_word' id='word_1_326' title='bbox 886 2572 1024 2610; x_wconf 89' lang='lat' dir='ltr'><strong>melius</strong></span> <span class='ocrx_word' id='word_1_327' title='bbox 1053 2579 1161 2610; x_wconf 89' lang='lat' dir='ltr'><strong>certe</strong></span> <span class='ocrx_word' id='word_1_328' title='bbox 1194 2580 1252 2611; x_wconf 90' lang='lat' dir='ltr'><strong>est</strong></span> <span class='ocrx_word' id='word_1_329' title='bbox 1280 2573 1511 2620; x_wconf 88' lang='lat' dir='ltr'><strong>honestum,</strong></span> <span class='ocrx_word' id='word_1_330' title='bbox 1555 2573 1664 2623; x_wconf 88' lang='lat' dir='ltr'><strong>quod</strong></span> 
     </span>
     <span class='ocr_line' id='line_1_37' title="bbox 185 2639 1662 2693; baseline 0.002 -17"><span class='ocrx_word' id='word_1_331' title='bbox 185 2639 382 2691; x_wconf 87' lang='lat' dir='ltr'><strong>optimum</strong></span> <span class='ocrx_word' id='word_1_332' title='bbox 409 2645 479 2677; x_wconf 82' lang='lat' dir='ltr'><strong>est.</strong></span> <span class='ocrx_word' id='word_1_333' title='bbox 538 2640 644 2678; x_wconf 85' lang='lat' dir='ltr'><strong>Hinc</strong></span> <span class='ocrx_word' id='word_1_334' title='bbox 674 2641 878 2692; x_wconf 83' lang='lat' dir='ltr'><strong>sequitur,</strong></span> <span class='ocrx_word' id='word_1_335' title='bbox 918 2641 1074 2691; x_wconf 87' lang='lat' dir='ltr'><strong>aliquid</strong></span> <span class='ocrx_word' id='word_1_336' title='bbox 1099 2656 1180 2680; x_wconf 88' lang='lat' dir='ltr'><strong>esse</strong></span> <span class='ocrx_word' id='word_1_337' title='bbox 1205 2642 1345 2680; x_wconf 88' lang='lat' dir='ltr'><strong>melius</strong></span> <span class='ocrx_word' id='word_1_338' title='bbox 1373 2641 1540 2693; x_wconf 85' lang='lat' dir='ltr'><strong>optimo:</strong></span> <span class='ocrx_word' id='word_1_339' title='bbox 1582 2655 1662 2691; x_wconf 89' lang='lat' dir='ltr'><strong>quo</strong></span> 
     </span>
     <span class='ocr_line' id='line_1_38' title="bbox 182 2707 1659 2762; baseline 0.001 -17"><span class='ocrx_word' id='word_1_340' title='bbox 182 2707 285 2746; x_wconf 90' lang='lat' dir='ltr'><strong>nihil</strong></span> <span class='ocrx_word' id='word_1_341' title='bbox 306 2708 539 2760; x_wconf 86' lang='lat' dir='ltr'><strong>perversius</strong></span> <span class='ocrx_word' id='word_1_342' title='bbox 561 2709 641 2748; x_wconf 91' lang='lat' dir='ltr'><strong>dici</strong></span> <span class='ocrx_word' id='word_1_343' title='bbox 664 2716 810 2762; x_wconf 79' lang='lat' dir='ltr'><strong>potest.</strong></span> <span class='ocrx_word' id='word_1_344' title='bbox 850 2711 955 2762; x_wconf 87' lang='lat' dir='ltr'><strong>Ergo</strong></span> <span class='ocrx_word' id='word_1_345' title='bbox 978 2709 1083 2748; x_wconf 89' lang='lat' dir='ltr'><strong>nihil</strong></span> <span class='ocrx_word' id='word_1_346' title='bbox 1108 2711 1219 2749; x_wconf 88' lang='lat' dir='ltr'><strong>aliud</strong></span> <span class='ocrx_word' id='word_1_347' title='bbox 1240 2717 1378 2759; x_wconf 87' lang='lat' dir='ltr'><strong>restat,</strong></span> <span class='ocrx_word' id='word_1_348' title='bbox 1409 2709 1485 2747; x_wconf 91' lang='lat' dir='ltr'><strong>nisi</strong></span> <span class='ocrx_word' id='word_1_349' title='bbox 1511 2715 1558 2746; x_wconf 82' lang='lat' dir='ltr'><strong>ut</strong></span> <span class='ocrx_word' id='word_1_350' title='bbox 1581 2708 1659 2747; x_wconf 88' lang='lat' dir='ltr'><strong>ho-</strong></span> 
     </span>
     <span class='ocr_line' id='line_1_39' title="bbox 183 2777 1661 2827; baseline 0.001 -13"><span class='ocrx_word' id='word_1_351' title='bbox 183 2783 339 2816; x_wconf 87' lang='lat' dir='ltr'><strong>nestum</strong></span> <span class='ocrx_word' id='word_1_352' title='bbox 360 2777 464 2816; x_wconf 86' lang='lat' dir='ltr'><strong>idem</strong></span> <span class='ocrx_word' id='word_1_353' title='bbox 486 2791 568 2816; x_wconf 89' lang='lat' dir='ltr'><strong>esse</strong></span> <span class='ocrx_word' id='word_1_354' title='bbox 597 2778 722 2817; x_wconf 81' lang='lat' dir='ltr'><strong>vitam</strong></span> <span class='ocrx_word' id='word_1_355' title='bbox 746 2780 912 2827; x_wconf 87' lang='lat' dir='ltr'><strong>beatam,</strong></span> <span class='ocrx_word' id='word_1_356' title='bbox 943 2786 1015 2817; x_wconf 80' lang='lat' dir='ltr'><strong>aut</strong></span> <span class='ocrx_word' id='word_1_357' title='bbox 1036 2780 1162 2818; x_wconf 82' lang='lat' dir='ltr'><strong>vitam</strong></span> <span class='ocrx_word' id='word_1_358' title='bbox 1186 2782 1339 2819; x_wconf 87' lang='lat' dir='ltr'><strong>beatam</strong></span> <span class='ocrx_word' id='word_1_359' title='bbox 1362 2778 1531 2816; x_wconf 87' lang='lat' dir='ltr'><strong>honesto</strong></span> <span class='ocrx_word' id='word_1_360' title='bbox 1559 2792 1661 2816; x_wconf 88' lang='lat' dir='ltr'><strong>con-</strong></span> 
     </span>
     <span class='ocr_line' id='line_1_40' title="bbox 182 2846 1164 2901; baseline 0.005 -18"><span class='ocrx_word' id='word_1_361' title='bbox 182 2853 412 2897; x_wconf 85' lang='lat' dir='ltr'><strong>sequentem</strong></span> <span class='ocrx_word' id='word_1_362' title='bbox 442 2861 523 2885; x_wconf 87' lang='lat' dir='ltr'><strong>esse</strong></span> <span class='ocrx_word' id='word_1_363' title='bbox 554 2847 744 2887; x_wconf 87' lang='lat' dir='ltr'><strong>dicamus.</strong></span> <span class='ocrx_word' id='word_1_364' title='bbox 784 2862 818 2887; x_wconf 83' lang='lat' dir='ltr'><strong>c.</strong></span> <span class='ocrx_word' id='word_1_365' title='bbox 845 2852 912 2888; x_wconf 78' lang='lat'><strong>17.</strong></span> <span class='ocrx_word' id='word_1_366' title='bbox 940 2846 982 2901; x_wconf 50' lang='grc' dir='ltr'><strong>ᾗ.</strong></span> <span class='ocrx_word' id='word_1_367' title='bbox 1006 2852 1074 2888; x_wconf 85' lang='grc'><strong>49.</strong></span> <span class='ocrx_word' id='word_1_368' title='bbox 1095 2853 1164 2888; x_wconf 86' lang='grc'><strong>50.</strong></span> 
     </span>
    </p>
   </div>
   <div class='ocr_carea' id='block_1_9' title="bbox 113 2921 1659 2981">
    <p class='ocr_par' dir='ltr' id='par_1_10' title="bbox 113 2921 1659 2981">
     <span class='ocr_line' id='line_1_41' title="bbox 113 2921 1659 2981; baseline 0.003 -19"><span class='ocrx_word' id='word_1_369' title='bbox 113 2921 156 2975; x_wconf 82' lang='grc' dir='ltr'><strong>η)</strong></span> <span class='ocrx_word' id='word_1_370' title='bbox 185 2924 257 2964; x_wconf 85' lang='lat' dir='ltr'><strong>Uti</strong></span> <span class='ocrx_word' id='word_1_371' title='bbox 284 2926 328 2965; x_wconf 86' lang='lat' dir='ltr'><strong>in</strong></span> <span class='ocrx_word' id='word_1_372' title='bbox 357 2927 470 2967; x_wconf 83' lang='lat' dir='ltr'><strong>vitiis</strong></span> <span class='ocrx_word' id='word_1_373' title='bbox 499 2928 596 2967; x_wconf 90' lang='lat' dir='ltr'><strong>satis</strong></span> <span class='ocrx_word' id='word_1_374' title='bbox 617 2942 797 2981; x_wconf 87' lang='lat' dir='ltr'><strong>magnam</strong></span> <span class='ocrx_word' id='word_1_375' title='bbox 829 2929 913 2968; x_wconf 88' lang='lat' dir='ltr'><strong>vim</strong></span> <span class='ocrx_word' id='word_1_376' title='bbox 935 2942 1017 2968; x_wconf 87' lang='lat' dir='ltr'><strong>esse</strong></span> <span class='ocrx_word' id='word_1_377' title='bbox 1038 2929 1192 2968; x_wconf 87' lang='lat' dir='ltr'><strong>dicitur</strong></span> <span class='ocrx_word' id='word_1_378' title='bbox 1221 2927 1272 2965; x_wconf 85' lang='lat' dir='ltr'><strong>ad</strong></span> <span class='ocrx_word' id='word_1_379' title='bbox 1304 2925 1488 2965; x_wconf 86' lang='lat' dir='ltr'><strong>miseram</strong></span> <span class='ocrx_word' id='word_1_380' title='bbox 1515 2925 1659 2977; x_wconf 79' lang='lat' dir='ltr'><strong>vitam3</strong></span> 
     </span>
    </p>
   </div>
  </div>
 </body>
</html>
