1859 3149
1599 48 1685 94 325

78 134 117 176 id
143 148 217 176 nos
252 134 296 176 in
322 134 372 177 iis
394 135 564 190 linguis,
608 150 706 191 quas
742 150 822 177 non
844 135 1125 192 intelligimus,
1172 150 1273 192 quae
1294 144 1388 178 sunt
1408 136 1679 182 innumerabi-

76 210 162 262 les,
203 210 314 253 surdi
336 211 513 267 profecto
537 224 688 252 sumus.
714 235 773 241 —
810 210 890 252 -At
912 225 1052 252 vocem
1075 212 1294 253 citharoedi
1315 227 1394 253 non
1419 213 1598 254 audiunt.
1625 239 1677 246 -—

610 53 782 88 LIBER
806 54 847 89 V.
871 54 937 95 40,
965 53 1042 89 117.
1068 53 1144 88 118.

75 282 143 326 Ne
180 285 392 327 stridorem
428 285 584 341 quidem
622 299 788 338 serrae,
838 293 918 328 tum
953 301 1070 341 quum
1102 287 1282 338 acuitur,
1328 294 1398 328 aut
1429 289 1674 343 grunnitum,

74 373 193 415 quum
214 359 439 415 iugulatur,
482 359 589 411 suis,
636 374 735 412 nec,
781 375 896 416 quum
918 361 1126 416 quiescere
1150 362 1310 414 volunt,
1346 363 1543 404 fremitum
1568 379 1675 406 mur-

73 434 267 477 murantis
292 434 429 477 maris.

72 509 242 562 debent,
284 517 496 566 antequam
529 509 567 551 hi
598 510 678 551 sint
708 510 888 562 inventi,
935 511 1079 552 multos
1112 511 1227 552 beate
1261 512 1412 553 vixisse
1444 513 1670 568 sapientes:

492 433 547 476 Et
572 435 606 475 si
631 442 771 476 cantus
802 449 873 477 eos
898 437 1002 477 sorte
1035 436 1259 488 delectant,
1303 438 1470 492 primum
1499 439 1676 492 cogitare

71 583 214 626 deinde
234 585 358 627 multo
379 585 570 627 maiorem
594 585 740 641 percipi
763 599 880 640 posse
901 586 1082 642 legendis
1104 586 1181 636 bis,
1215 602 1331 642 quam
1352 587 1573 639 audiendis,
1605 605 1675 631 vo-

70 659 277 716 luptatem.

71 734 342 791 voluptatem,
387 736 446 778 sic
471 736 564 778 licet
592 736 735 778 surdos
757 736 805 778 ad
837 736 1060 778 oculorum.

70 809 242 865 poterit,
287 823 513 852 sermonem
551 811 717 853 alterius
759 826 839 854 non
881 811 1072 867 requiret.

71 884 219 937 omnia,
251 892 298 927 ut
319 885 421 927 idem
445 886 571 928 oculis
592 894 632 927 et
653 887 815 928 auribus
836 894 975 942 captus
999 887 1065 937 sit,
1101 896 1304 942 prematur
1328 888 1445 930 etiam
1468 889 1672 930 doloribus

341 667 439 703 117.
476 660 599 712 Tum,
633 667 677 702 ut
697 661 827 717 paullo
850 669 940 703 ante
962 675 1106 703 caecos
1127 663 1175 703 ad
1195 662 1347 703 aurium
1370 663 1674 707 traducebamus

1122 736 1284 779 Etenim
1309 738 1373 793 qui
1403 753 1538 780 secum
1569 739 1673 794 loqui

1150 810 1434 869 Congerantur
1471 814 1511 854 in
1554 829 1671 856 unum

26 994 29 998 .
67 960 276 1002 acerrimis
302 961 506 1017 corporis3
552 962 615 1017 qui
643 962 808 1018 primum
836 975 906 1017 per
932 976 975 1004 se
1003 962 1077 1018 ipsi
1107 963 1335 1018 plerumque
1362 964 1576 1005 conficiunt
1602 964 1671 1006 bo-

67 1035 240 1088 minem3
283 1035 347 1077 sin
373 1036 476 1078 forte
502 1036 786 1092 longinquitate
807 1039 984 1093 producti
1011 1038 1288 1080 vehementius
1313 1046 1442 1079 tamen
1468 1046 1670 1094 torquent,

67 1123 184 1166 quam
219 1117 263 1152 ut
284 1125 427 1153 caussa
450 1111 527 1163 sit,
570 1127 642 1153 cur
664 1114 867 1154 ferantur:
908 1113 998 1169 quid
1021 1121 1081 1154 est
1107 1114 1288 1165 tandem,
1337 1114 1374 1154 di
1406 1113 1522 1155 boni!
1568 1116 1669 1169 qnod

66 1184 321 1228 laboremus?
366 1184 513 1228 Portus
532 1187 636 1228 enim
655 1196 815 1243 praesto
834 1197 918 1240 est,
951 1189 1135 1244 qnoniam
1158 1203 1265 1230 mors
1285 1188 1428 1229 ibidem
1459 1195 1521 1229 est
1538 1197 1668 1230 aeter-

65 1274 158 1302 num
192 1261 290 1303 nihil
319 1261 516 1304 sentiendi
550 1263 862 1319 receptaculum.
943 1263 1185 1305 Theodorus
1220 1262 1464 1319 Lysimacho
1500 1271 1666 1305 mortem

65 1335 288 1378 minitanti:
325 1336 538 1394 Maymtm
557 1350 678 1389 vero,
708 1338 851 1393 inquit,
883 1338 1084 1393 effecisti,
1111 1341 1149 1380 si
1168 1338 1444 1380 cantharidis
1464 1340 1545 1380 τίηι
1568 1352 1668 1381 con-

62 1416 235 1454 secutus
260 1426 321 1455 es.
386 1418 484 1454 118.
517 1410 681 1454 Paullus
704 1411 822 1455 Persi
857 1414 1111 1470 deprecanti,
1159 1428 1207 1455 ne
1243 1414 1283 1454 in
1320 1413 1516 1469 triumpho
1548 1413 1667 1455 duce-

63 1494 202 1529 retur:
237 1486 290 1530 In
312 1492 389 1530 tna
409 1487 459 1530 id
478 1487 649 1544 quidem
664 1493 889 1544 potestate
911 1494 988 1532 est.
1050 1487 1178 1530 Multa
1201 1488 1327 1543 primo
1353 1488 1414 1529 die
1430 1521 1440 1538 ,
1475 1504 1592 1544 quum
1618 1489 1666 1530 de

61 1561 148 1618 ipsa
176 1569 306 1605 morte
332 1577 640 1620 quaereremus,
686 1578 766 1605 non
794 1579 917 1620 pauca
949 1564 1066 1605 etiam
1099 1570 1286 1620 postero,
1330 1577 1447 1618 quum
1478 1570 1668 1619 ageretur

64 1636 112 1679 de
145 1637 308 1690 dolore,
355 1645 449 1680 sunt
481 1638 585 1681 dicta
616 1639 664 1680 (le
695 1646 849 1691 morte,
897 1654 996 1694 quae
1029 1639 1093 1694 qui
1131 1638 1387 1690 recordetur,
1437 1638 1539 1679 haud
1568 1652 1667 1680 sane

63 1713 281 1769 periculum
311 1720 395 1766 cst,
436 1727 487 1756 ne
515 1728 596 1756 non
625 1722 794 1757 mortem
823 1722 890 1756 aut
914 1714 1146 1771 optandam,
1189 1720 1257 1754 aut
1283 1720 1392 1755 certe
1419 1727 1500 1755 non
1525 1713 1667 1756 timen-

62 1783 150 1830 dam
175 1795 300 1845 putet.

177 1861 298 1906 XLI.
340 1861 444 1905 Mihi
471 1863 628 1920 quidem
657 1865 696 1905 in
728 1864 808 1906 vita
839 1865 1035 1906 servanda
1067 1864 1226 1906 videtur
1253 1865 1322 1906 illa
1351 1865 1444 1915 lex,
1493 1878 1593 1919 quae
1623 1864 1663 1905 in

63 1977 170 2018 tensi,
207 1977 243 2010 in
266 1985 325 2011 tua
348 1977 428 2012 villa
451 1990 514 2011 uos
539 1991 628 2011 esse:
665 1991 728 2023 pro
751 1987 785 2011 et
810 1987 847 2012 tu

61 2034 108 2057 se.
131 2024 251 2057 neseis.
290 2024 344 2057 Cf.
358 2036 420 2058 nos
435 2024 468 2058 in
487 2026 526 2058 L.
541 2026 600 2058 Gr.
617 2025 723 2070 §.162
738 2052 747 2069 ‚
772 2026 802 2059 1.
814 2026 846 2059 b.

61 2081 96 2114 p.
109 2067 190 2104 458.
211 2070 264 2103 ed.
277 2070 310 2103 ⁴2.

131 2126 300 2159 omnesque
328 2118 378 2160 id]
414 2117 609 2151 Orationem
639 2117 771 2152 Tullius
799 2118 845 2150 ita

63 2161 258 2206 exorditur,
284 2163 378 2208 quasi
397 2164 581 2208 scripturus
605 2164 669 2196 sit:
709 2176 847 2197 omnes-

63 2219 129 2253 que
143 2207 179 2240 id
193 2220 254 2242 nos
271 2208 305 2242 in
318 2209 358 2242 iis
375 2208 496 2254 linguis
508 2229 554 2235 -—
566 2222 676 2243 snmus
691 2224 699 2250 3
723 2210 847 2243 deinde

42 2253 160 2287 :addit
193 2255 296 2288 verba
328 2257 420 2289 surdi
437 2258 576 2298 profecto
598 2267 729 2298 sumus,
753 2257 846 2301 quasi

61 2311 250 2378 ipzronomen
264 2303 299 2334 id
313 2313 382 2335 non
397 2303 627 2335 antecesserit.
658 2303 750 2336 Talis
765 2315 846 2347 neg-

87 2346 201 2390 gentia
231 2346 266 2380 in
294 2347 368 2380 aliis
391 2347 562 2381 Ciceronis
594 2349 687 2382 libris
718 2349 864 2382 maiore'

62 2391 239 2437 diligentia
252 2393 416 2426 confectis
432 2395 648 2428 defendenda
666 2407 732 2428 non
754 2403 844 2434 crat3

62 2445 100 2471 at
117 2438 153 2472 in
172 2439 224 2472 his
243 2439 442 2474 Tusculanis
462 2441 684 2481 festinanter,
711 2442 759 2474 uti
779 2443 846 2474 iam

62 2484 200 2566 saeplhli}
214 2485 373 2565 vidimusi
391 2486 538 2576 scr-'ijptglsf
545 2486 775 2568 defeggenld53
782 2495 845 2522 est.

202 2557 210 2565 .
234 2542 342 2566 secum
437 2545 447 2566 1
536 2559 543 2565 .
570 2546 598 2567 c.
778 2558 786 2566 .

133 2580 189 2619 qui
201 2580 359 2621 primum]
374 2543 528 2612 oxygoniae
539 2559 686 2621 primuni
700 2592 847 2624 respon-

66 2621 126 2656 det
143 2625 194 2657 sin
207 2624 298 2666 rorte.
333 2625 375 2658 v.
396 2625 441 2658 ad
461 2626 519 2658 [V.
539 2625 597 2666 35,
619 2624 682 2660 74:
707 2629 737 2660 a·
754 2629 846 2660 mua.

132 2672 286 2711 quoniam
308 2689 354 2696 —
376 2673 494 2705 ibidem
516 2673 575 2714 est]
610 2673 760 2706 Verbum
781 2676 845 2706 ibi-

37 2721 41 2724 ’
65 2715 140 2747 dem
167 2715 261 2749 refer
293 2716 338 2750 ad
368 2717 606 2751 antecedentia
637 2719 758 2753 verba:
796 2723 846 2753 sin

64 2761 144 2802 sorte
156 2762 382 2804 longinquitate
398 2766 545 2805 producti
566 2766 775 2799 vehementius
794 2770 844 2799 ta-

65 2815 140 2839 men
158 2809 320 2850 torquent,
343 2820 441 2851 quam
459 2814 494 2843 ut
513 2820 630 2844 caussa
650 2814 702 2853 sit,
726 2823 782 2845 cur
798 2814 845 2853 fe-

45 2871 53 2879 ·
65 2854 192 2884 rantur.
215 2851 355 2887 comula
368 2862 481 2888 antem
496 2863 576 2890 ante
591 2861 754 2890 aeternum
770 2868 846 2889 cum

68 2897 126 2930 Or.
156 2896 195 2930 in
224 2897 279 2932 ed.
301 2911 369 2933 rec.
401 2902 530 2935 sustuli.
578 2905 698 2936 Ibidem
730 2910 780 2935 est
812 2905 846 2935 in

65 2951 191 2977 flammo
212 2944 360 2979 dotorum
388 2949 518 2989 ςναάεις
555 2949 723 2981 sententia
745 2948 848 2991 igitur

883 1987 934 2012 est
953 1981 1056 2013 haec:
1084 1981 1185 2012 etiam
1204 1981 1237 2012 in
1255 1979 1474 2012 acerbissimis
1489 1978 1662 2011 doloribus

882 2038 951 2058 nou
976 2034 1045 2063 est,
1073 2026 1164 2071 qnod
1186 2026 1397 2062 laboremus3
1432 2032 1548 2069 portus
1573 2024 1661 2057 enim

882 2083 1019 2116 praesto
1043 2081 1112 2112 est,
1149 2073 1327 2117 qnoniam,
1366 2072 1420 2104 ubi
1454 2071 1589 2103 dolores
1619 2070 1663 2102 ad

881 2131 1044 2151 summum
1067 2118 1206 2163 gradum
1224 2118 1458 2154 ascenderunt.
1482 2119 1598 2150 ibidem
1617 2117 1663 2149 li-

883 2172 937 2197 cet
962 2166 1058 2198 nobis
1083 2177 1140 2197 eos
1164 2165 1259 2197 finire
1284 2172 1414 2204 morte,
1443 2176 1504 2208 qua
1530 2164 1562 2195 in
1588 2174 1662 2195 eum

883 2211 1079 2244 deducimur
1102 2218 1246 2250 statum,
1284 2211 1317 2243 in
1344 2222 1410 2255 quo
1440 2210 1549 2242 nullos
1582 2221 1662 2241 sen-

882 2258 1001 2289 tiamus
1025 2258 1173 2291 dolores.
1212 2259 1262 2290 De
1286 2264 1396 2290 morte
1420 2256 1610 2289 voluntaria
1632 2267 1660 2285 v.

882 2305 908 2335 I.
934 2302 996 2340 30,
1024 2302 1078 2338 74.

950 2352 1149 2383 cantharidis
1170 2350 1251 2394 vim]
1282 2351 1452 2382 Cantharis
1479 2360 1517 2379 ex
1540 2356 1662 2397 genere

880 2397 1149 2437 scarabaeorum,
1176 2396 1266 2429 cuius
1285 2407 1401 2428 succus
1422 2399 1606 2426 venenatus
1627 2402 1662 2422 m

881 2453 983 2474 venas
1018 2443 1184 2487 ingressus
1216 2442 1360 2487 pestifer
1396 2448 1430 2472 et
1456 2438 1567 2470 letalis
1599 2443 1659 2469 est.

881 2490 1006 2521 Schatz.
1027 2489 1140 2521 Lexic.
1162 2489 1195 2521 h.
1216 2501 1247 2520 v.

954 2535 1028 2567 11⁸.
1053 2536 1158 2577 Persi]
1185 2536 1228 2566 V.
1252 2533 1295 2566 ad
1318 2534 1342 2564 1.
1359 2529 1423 2565 42.
1453 2530 1526 2563 101.

951 2582 988 2614 1η
1022 2586 1080 2614 tua
1109 2583 1145 2614 id
1173 2582 1301 2622 quidem
1332 2580 1482 2618 potestate
1515 2576 1582 2620 est]
1627 2574 1660 2605 in

880 2626 1054 2671 triumpho
1075 2639 1145 2660 non
1169 2625 1256 2663 duci,
1282 2634 1384 2667 quum
1403 2622 1490 2654 hanc
1512 2620 1661 2664 ignomi-

882 2673 971 2707 niam
995 2681 1103 2706 morte
1128 2671 1235 2716 possis
1260 2669 1397 2701 evitare.

951 2730 1032 2761 quae
1053 2722 1106 2761 qui
1120 2716 1314 2756 recordetur]
1339 2712 1578 2745 Coniunctivus
1595 2723 1663 2756 po-

880 2765 973 2805 situs,
1002 2766 1076 2809 quia
1095 2765 1178 2796 haec
1197 2759 1383 2794 enuntiatio
1404 2758 1447 2791 ad
1465 2765 1663 2802 sequentem

881 2811 1132 2844 coniunctivum
1152 2811 1239 2848 putet
1257 2806 1362 2838 relata
1381 2812 1443 2837 est.
1481 2804 1533 2836 Cf.
1551 2803 1662 2836 Divin.

882 2858 908 2888 I.
932 2856 996 2895 56,
1022 2856 1104 2890 127:
1138 2856 1193 2895 qui
1215 2852 1305 2885 enim
1326 2855 1428 2884 teneat
1452 2862 1582 2883 caussas
1604 2861 1663 2883 re·-

881 2914 956 2935 rum
977 2903 1183 2938 futurarum,
1208 2897 1300 2930 idem
1322 2908 1460 2930 necesse
1480 2903 1532 2930 est
1551 2895 1662 2929 omnin

881 2952 1006 2989 teneat,
1040 2957 1126 2990 quae
1148 2945 1262 2977 futura
1285 2943 1362 2976 sint.
