1859 3117
1602 60 1659 103 55

66 162 201 207 perem
241 148 439 205 equidem
462 152 696 201 utrumque,
739 146 774 187 si
803 155 966 202 posset3
1010 147 1080 190 sed
1111 155 1173 190 est
1202 147 1356 190 difficile
1395 148 1653 191 confundere.

67 223 206 279 Quare
232 224 292 275 si,
333 229 378 264 ut
402 221 480 263 ista
509 235 587 262 non
625 220 895 274 disserantur,
937 223 1097 264 liberari
1127 223 1266 265 mortis
1294 229 1403 264 metu
1426 236 1651 278 possumus,

663 66 834 100 LIBER
857 65 1056 110 1.11,24.

67 299 107 340 id
128 311 316 354 agamus3
349 295 413 338 sin
444 295 485 337 id
509 309 589 336 non
619 302 776 352 potest,
809 296 886 338 nisi
917 296 990 338 hac
1018 297 1251 352 quaestione
1284 297 1505 339 animorum
1530 298 1654 354 expli-

65 380 178 425 cata,
211 385 341 423 nunc,
373 370 407 413 si
431 369 616 423 videtur,
649 370 748 423 hoc,
779 371 873 412 illud
907 371 1020 412 alias.
1083 372 1147 413 M.
1182 370 1299 427 Quod
1327 372 1441 414 malle
1474 378 1513 413 te
1536 371 1652 413 intel-

64 448 168 504 ligo,
197 447 236 489 id
260 453 353 503 puto
377 459 468 488 esse
499 445 758 487 commodius.
819 444 976 487 Efficiet
1005 446 1107 487 enim
1134 448 1262 499 ratio,
1298 454 1363 499 ut,
1397 460 1652 503 quaecunque

62 536 160 565 vera
188 521 241 564 sit
277 535 414 563 earum
443 519 729 562 sententiarum
747 552 758 572 ,
802 535 900 576 quas
930 520 1122 576 exposui,
1166 536 1274 563 mors
1306 529 1374 564 aut
1400 522 1544 564 malum
1571 536 1651 563 non

63 596 141 650 sit,
173 604 241 639 aut
264 596 316 639 sit
338 596 483 637 bonum
509 594 655 651 potius.
717 600 788 637 24.
821 594 928 637 Nam
952 595 984 636 si
1010 609 1104 646 cor,
1137 602 1204 636 aut
1227 597 1389 651 sanguis
1406 629 1416 649 ,
1449 603 1517 638 aut
1541 610 1652 637 cere-

60 671 174 713 brum
206 678 269 713 est
293 670 475 722 animus3
508 676 643 720 certe,
677 669 860 725 quoniam
894 677 956 711 est
984 684 1152 725 corpuS,
1184 670 1362 712 interibit
1385 685 1472 712 cum
1498 671 1650 725 reliquo

304 743 352 787 Si
378 744 509 786 anima
530 750 618 795 est,
663 744 834 786 sortasse
858 744 1135 800 dissipabitur3
1180 745 1214 786 si
1238 745 1342 800 ignis
1361 777 1372 796 ,
1421 746 1651 801 exstingue-

1199 817 1304 873 Quid
1330 820 1377 860 de
1398 818 1647 861 Dicaearcho

60 895 210 947 dicam,
244 894 310 950 qui
337 893 434 935 nihil
464 893 624 935 omnino
652 893 824 935 animum
858 894 962 936 dicat
996 895 1113 936 esse?
1171 892 1247 935 His
1281 894 1490 935 sententiis
1523 894 1647 935 omni-

62 759 244 802 corpore.

61 827 149 873 tur3
193 820 228 861 si
255 825 318 861 est
344 818 582 861 Aristoxeni
605 818 834 871 harmonia,
880 820 1134 861 dissolvetur.

59 971 132 1012 bus
161 969 259 1011 nihil
290 975 380 1025 post
403 975 571 1009 mortem
596 967 795 1022 pertinere
831 969 878 1009 ad
903 983 1124 1024 quenquam
1159 976 1316 1024 potest3
1361 969 1508 1024 pariter
1542 969 1646 1010 enim

60 1059 149 1087 cum
181 1043 265 1087 vita
294 1056 436 1084 sensus
469 1042 682 1093 amittitur3
727 1057 808 1083 non
833 1043 1041 1084 sentientis
1072 1051 1230 1094 autem,
1272 1043 1369 1084 nihil
1398 1051 1485 1095 est,
1528 1043 1646 1084 ullam

59 1120 102 1162 in
135 1125 286 1176 partem
316 1118 418 1173 quod
448 1116 623 1158 intersit.
683 1115 942 1171 Reliquorum
982 1118 1205 1159 sententiae
1237 1132 1346 1173 spem
1372 1119 1567 1170 afferunt,
1612 1116 1647 1158 si

59 1202 100 1236 te
122 1193 196 1235 hoo
219 1193 322 1234 forte
344 1191 541 1242 delectat,
574 1204 691 1246 posse
719 1191 896 1243 animos,
931 1207 1046 1248 quum
1076 1207 1098 1234 e
1122 1192 1352 1248 corporibus
1381 1192 1646 1243 excesserint,

58 1303 112 1325 res
134 1290 245 1335 aliqua
266 1300 347 1323 vere
367 1287 423 1321 sit.
468 1286 578 1320 Etiam
600 1286 633 1319 in
659 1299 700 1320 eo
723 1287 835 1332 lapsus

56 1343 110 1370 est
134 1336 270 1377 Cicero,
300 1334 391 1379 quod
414 1333 604 1367 An'stotelis
630 1332 834 1378 ἐντελέχειαν

54 1383 296 1426 interpretatus
331 1387 382 1413 est
416 1383 509 1421 quasi
540 1381 705 1421 quandam
737 1382 835 1412 conti-

55 1433 190 1463 nuatam
209 1430 375 1461 motionem
396 1430 423 1458 et
440 1436 617 1467 perennem.
651 1425 739 1458 Nam
760 1425 834 1469 pri-

57 1487 148 1508 mum
168 1479 310 1513 constat,
333 1472 424 1505 huuc
442 1471 681 1516 philosophum
700 1483 833 1504 omnem

55 1523 222 1554 motionem
241 1518 352 1551 animo
370 1517 561 1561 denegasse.
600 1518 639 1548 V.
658 1517 831 1550 Aristotel.

56 1566 101 1599 de
121 1565 240 1599 Anima
262 1566 288 1604 I,
312 1564 346 1598 3.
391 1563 523 1596 Deinde
550 1562 646 1595 addit
667 1566 831 1597 continua-

56 1616 123 1646 tam
139 1618 173 1644 et
186 1620 352 1653 perennem
362 1621 374 1651 ‚·
397 1617 433 1642 at
451 1611 692 1643 continuationis
709 1617 744 1642 et
759 1620 832 1650 per-

57 1660 204 1691 ennitatis
234 1656 329 1689 notio
361 1656 460 1700 plane
488 1655 647 1688 abhorret
677 1668 696 1688 a
725 1667 831 1687 voca-

56 1703 137 1737 bulo
161 1701 379 1747 ἐντελεχείας,
424 1701 568 1734 Videtur
588 1701 690 1744 igitur
714 1701 830 1733 Cicero

58 1749 125 1782 duo
141 1748 363 1781 diversissima
383 1747 547 1780 vocabula
568 1745 775 1792 ἐνδελέχειαν
797 1753 832 1778 et

56 1794 261 1840 ἐντελέχειαν
287 1793 478 1827 confudisse
507 1793 561 1825 vel
586 1800 677 1825 certe
706 1793 830 1825 utrius-

56 1852 121 1885 que
158 1839 303 1873 nominis
341 1839 619 1883 significationem
658 1839 693 1872 in
733 1851 832 1871 unam

56 1897 274 1920 conlunxlsse.

127 1932 206 1964 CAP.
219 1933 282 1964 XI.
307 1934 425 1964 levibus
443 1934 470 1964 et
489 1930 646 1974 rotundis]
666 1930 745 1962 Non
766 1932 832 1961 lae-

54 1980 168 2018 vibus,·
191 1978 328 2010 ductum
349 1984 401 2009 est
425 1976 513 2008 enim
536 1987 554 2006 a
579 1978 676 2014 λεῖος.
724 1976 775 2006 De
794 1985 831 2005 re

58 2024 103 2056 cf.
125 2024 170 2056 N.
194 2025 236 2056 D.
260 2025 296 2063 I⁷
320 2021 385 2063 24:
422 2022 486 2054 ista
512 2020 600 2052 enim
624 2019 750 2064 flagitia
770 2022 831 2051 De-

55 2071 179 2102 mocriti
205 2068 275 2100 sive
303 2067 404 2099 etiam
437 2073 516 2098 ante
538 2066 722 2109 Leucippi,
760 2076 830 2096 esse

56 2116 243 2154 corpuscula
275 2116 434 2154 quaedam
465 2114 568 2151 lei-ia,
604 2112 667 2144 alia
700 2122 829 2154 aspera,

55 2161 194 2193 rotunda
227 2161 316 2199 alia,
354 2158 478 2202 partim
511 2163 623 2189 autem
661 2158 829 2201 angulata,

60 2211 195 2237 curvata
228 2203 388 2248 quaedam
413 2212 447 2235 et
476 2202 568 2246 quasi
603 2203 753 2238 adunca3
790 2215 830 2235 ex

58 2250 110 2283 his
131 2250 289 2283 effectum
321 2262 392 2282 esse
418 2249 545 2282 caelum
569 2256 667 2294 atque
692 2257 828 2287 terram,

58 2295 149 2328 nulla
166 2302 307 2339 cogente
327 2303 456 2336 natura,
480 2294 540 2327 sed
563 2306 722 2328 concursu
742 2307 830 2339 quo—

58 2341 136 2374 dam
160 2341 315 2375 fortuito.

127 2390 217 2429 apud
240 2388 328 2430 istos]
364 2388 408 2420 H.
432 2399 462 2419 e.
489 2387 579 2430 apud
602 2387 831 2419 Democritum

58 2440 94 2467 et
115 2433 172 2478 qui
193 2433 261 2466 eius
281 2432 325 2465 de
347 2433 468 2466 atomis
490 2432 655 2465 rationem
681 2445 830 2476 sequun—

57 2486 125 2512 tur.
174 2478 384 2512 Democritus
416 2479 504 2511 enim
534 2479 657 2510 multos
685 2479 830 2510 habebat

47 2531 243 2570 *sectatores
257 2550 267 2568 ,
299 2524 388 2558 inter
408 2535 488 2568 quos
511 2525 653 2557 maxime
676 2525 832 2557 excelluit

59 2570 242 2614 Epicurus,
280 2571 337 2614 qui
368 2571 436 2603 eius
471 2570 513 2602 de
543 2570 663 2603 atomis
696 2570 832 2603 decreta

60 2616 197 2649 ulterius
218 2624 411 2660 persecutus
434 2623 494 2648 est.
541 2618 593 2649 De
616 2616 736 2660 plurali
758 2619 833 2649 istos

62 2673 97 2694 v.
120 2662 292 2695 Adnotata
315 2662 348 2695 in
374 2675 400 2695 c.
424 2663 464 2701 ὁ,
492 2662 544 2695 12.

128 2708 192 2741 23.
208 2710 288 2741 inter
305 2710 363 2741 has
377 2711 544 2741 sententias
559 2710 748 2751 diiudicarej
770 2708 834 2739 Co-

63 2752 181 2796 gitavit
199 2755 319 2786 iudices
348 2756 475 2795 sedere,
509 2756 663 2787 iudicium
685 2764 836 2794 exercere,

63 2800 215 2831 arbitrum
237 2809 322 2841 esse,
346 2807 383 2832 ut
404 2800 507 2843 Legg.
534 2801 561 2832 1.
583 2800 652 2842 20,
677 2799 740 2833 53:
772 2811 834 2842 ego

65 2843 185 2876 vellem
207 2855 261 2877 me
284 2845 445 2878 arbitrum
466 2849 546 2879 infer
568 2845 782 2878 Academiam
804 2851 838 2876 et

67 2889 234 2922 Zenonem
266 2890 391 2926 datum.
438 2893 582 2926 iudicare
612 2894 692 2924 inter
715 2891 838 2934 legitur

68 2931 112 2965 de
133 2935 190 2966 Or.
210 2936 238 2967 1.
261 2935 327 2975 39,
354 2936 429 2971 176.

487 2937 714 2982 Supplendum
742 2940 840 2975 litem,

868 1300 935 1322 rem
949 1314 959 1330 ,
983 1296 1018 1321 et
1041 1293 1121 1323 inier-
1141 1293 1310 1323 sententias
1331 1290 1457 1322 dictum
1478 1288 1646 1333 quodam-

868 1330 972 1368 modo
994 1343 1044 1368 est
1065 1348 1127 1379 pro
1146 1336 1234 1368 inter
1257 1347 1325 1376 eos,
1352 1337 1407 1380 qui
1430 1348 1484 1368 eas
1503 1341 1642 1367 senten-

867 1382 931 1414 tias
952 1381 1162 1425 impugnant.

935 1431 964 1461 si
979 1430 1096 1471 posset]
1122 1427 1198 1460 Scil.
1222 1430 1302 1470 fieri.
1349 1427 1404 1460 Sic
1423 1438 1522 1470 saepe
1543 1429 1644 1467 polest

866 1485 928 1518 pro
950 1474 1021 1507 fieri
1044 1480 1180 1518 potest,
1205 1481 1241 1505 ut
1264 1477 1339 1507 solet
1362 1486 1424 1518 pro
1448 1472 1519 1505 fieri
1543 1471 1642 1504 solet.

870 1521 920 1552 Cf.
943 1520 1032 1552 infra
1055 1531 1082 1552 e.
1104 1520 1161 1559 31,
1186 1520 1245 1554 77:
1275 1522 1338 1560 Qui
1359 1523 1458 1561 potest
1477 1519 1550 1550 —2
1577 1517 1643 1557 Qui

862 1569 979 1608 possit,
1001 1565 1128 1609 rogas?
1168 1567 1224 1598 [V.
1250 1566 1310 1599 113:
1337 1564 1400 1599 41:
1438 1572 1476 1596 ut
1497 1564 1585 1597 enim
1606 1562 1641 1594 id

865 1624 933 1645 non
955 1616 1065 1653 potest.

932 1659 1135 1700 confundere]
1172 1658 1216 1690 H.
1242 1669 1270 1689 e.
1297 1664 1473 1700 utrumque
1498 1654 1640 1687 coniun-

865 1715 944 1748 gere
959 1730 966 1742 ‚
992 1710 1027 1736 et
1049 1704 1136 1735 inter
1159 1716 1213 1735 eas
1236 1703 1418 1735 sententias
1447 1700 1638 1740 diiudicare,

865 1757 899 1782 et
914 1750 1120 1793 propositam
1142 1748 1383 1792 quaestionem,
1407 1754 1553 1779 mortem
1571 1756 1641 1777 nou

867 1808 938 1828 esse
962 1795 1095 1833 malum,
1118 1793 1282 1838 persequi.
1334 1794 1528 1834 Confundere
1551 1791 1640 1823 enirn

867 1841 1080 1885 exquisitiore
1120 1852 1180 1872 usu
1222 1849 1459 1883 nonnunquam
1504 1837 1641 1881 ponitur

865 1898 926 1930 pro
959 1889 1166 1926 coniungere,
1204 1888 1403 1925 consociare,
1441 1883 1641 1926 metaphora

866 1933 966 1964 ducta
991 1943 1009 1963 a
1033 1932 1244 1963 metallorum
1278 1938 1425 1963 coctura.
1473 1929 1562 1961 Hinc
1583 1928 1636 1960 di-

866 1977 950 2010 citur
974 1977 1045 2009 Fiu.
1069 1977 1110 2008 V.
1133 1977 1195 2011 23,
1221 1976 1276 2010 67.
1314 1978 1452 2017 confusio
1477 1978 1638 2008 virtulum.

932 2027 966 2055 ut
988 2025 1048 2056 ista
1078 2033 1139 2055 non
1161 2024 1370 2065 disseranturj
1411 2023 1462 2053 De
1495 2026 1529 2054 ut
1555 2032 1638 2052 con—

866 2069 992 2102 cessivo
1014 2081 1044 2099 v.
1069 2068 1111 2100 ad
1130 2069 1186 2100 JV.
1214 2069 1274 2108 17,
1300 2067 1354 2101 39.
1401 2067 1549 2100 Verbum
1573 2068 1640 2099 dis-

863 2117 985 2148 serendi
1013 2126 1250 2158 nonnunquam
1275 2126 1348 2146 cum
1377 2126 1486 2147 accus.
1508 2123 1638 2157 prouo—

864 2161 1008 2199 minum,
1042 2161 1145 2192 rarius
1166 2160 1449 2193 substantivorum
1471 2158 1639 2191 construi—

864 2214 929 2239 tur.
979 2207 1020 2238 N.
1045 2207 1087 2238 D.
1109 2208 1168 2238 Ill.
1191 2205 1248 2248 4¹4),
1272 2207 1335 2239 525:
1374 2217 1433 2247 ea,
1463 2216 1546 2249 quae
1568 2203 1639 2235 dis-

865 2252 1000 2296 putavi,
1036 2254 1184 2285 disserere
1205 2252 1326 2290 malui,
1364 2263 1462 2295 quam
1482 2250 1639 2282 iudicare.

866 2299 908 2330 acl
930 2299 1022 2331 Fam.
1046 2299 1134 2338 XII,
1160 2299 1200 2332 7:
1230 2300 1311 2339 quod
1335 2298 1368 2330 in
1389 2304 1506 2330 senatu
1530 2294 1638 2339 pluri-

865 2345 926 2377 bus
953 2344 1102 2376 disserui.
1152 2345 1230 2376 Sall.
1258 2345 1328 2375 Cat.
1352 2345 1404 2383 V,
1431 2343 1472 2377 9:
1498 2343 1639 2374 instituta

865 2391 1029 2423 maiorum
1049 2410 1094 2414 -—
1114 2391 1274 2423 disserere.
1320 2390 1374 2422 Sic
1394 2392 1554 2430 disputare
1575 2384 1638 2417 ali—

864 2435 954 2480 quid.
1000 2437 1041 2469 V.
1065 2435 1106 2472 7,
1138 2437 1194 2468 lb:
1223 2443 1407 2479 congerunt
1431 2433 1550 2466 omnia.
1577 2430 1637 2462 etsi

864 2482 930 2514 alio
963 2482 1041 2514 loco
1078 2481 1229 2525 diputata
1273 2489 1360 2514 sunt.
1420 2481 1462 2511 V.
1506 2489 1566 2510 nos
1603 2475 1636 2506 in

866 2529 1014 2561 Gramm.
1039 2528 1080 2560 L.
1118 2528 1147 2571 «5.
1173 2527 1247 2561 112.
1281 2529 1364 2560 Not.
1383 2526 1416 2559 3..
1448 2537 1481 2568 p.
1500 2522 1563 2556 197
1587 2531 1637 2564 sq·

866 2574 918 2606 ed.
939 2574 971 2607 2.

935 2616 990 2652 2-1.
1038 2621 1214 2652 Aristoxeni
1256 2639 1301 2644 —
1341 2615 1547 2656 Dicaearcho]
1595 2613 1637 2644 V.

869 2678 897 2698 c.
922 2665 987 2703 10,
1011 2665 1066 2697 20.
1092 2672 1125 2696 et
1149 2667 1204 2697 21.

937 2712 994 2743 His
1013 2713 1182 2752 sententiis]
1205 2712 1251 2742 Ut
1267 2708 1405 2741 dicitur:
1429 2706 1638 2746 meoiudicio,

868 2767 940 2789 mea
961 2760 1110 2789 sententia
1133 2763 1197 2788 etc.
1231 2767 1293 2798 pro
1326 2765 1364 2785 ex
1388 2763 1455 2785 meo
1486 2752 1552 2783 iud.
1596 2752 1636 2782 V.

868 2805 1008 2836 Ki'ihner.
1030 2803 1072 2834 L.
1098 2802 1155 2834 Gr.
1180 2802 1208 2845 5.
1224 2800 1296 2834 115.
1330 2799 1414 2831 Not.
1429 2797 1482 2832 10.
1514 2809 1549 2841 p.
1561 2796 1639 2831 222.

872 2848 922 2882 ed.
946 2848 980 2882 2.

939 2897 1037 2926 ullam
1072 2895 1104 2924 in
1135 2895 1259 2934 partem
1293 2891 1392 2933 quod]
1433 2889 1474 2923 V.
1506 2888 1549 2922 ad
1578 2890 1638 2930 111,

876 2940 937 2978 15,
960 2939 1017 2973 32.
